2028 3426
507 272 781 308 MONUMENTA
807 272 1062 308 GERMANIAE
1087 270 1430 308 SUPERIORIS—38
1668 272 1737 317 243

238 373 440 416 Primum
462 374 519 416 ad
536 388 630 427 eas,
657 388 769 428 quas
792 372 940 428 recepi
959 374 1216 429 Augustae,
1237 373 1366 415 datas
1385 373 1440 415 26
1457 372 1598 429 Junii.

240 451 380 506 Quod
406 449 516 492 dicit
546 450 777 494 ordinasse
805 465 894 502 me,
918 457 968 491 vt
998 448 1191 505 singulis
1219 448 1379 492 diebus
1414 448 1540 491 festis
1573 456 1618 491 et
1641 449 1781 492 domi-

144 527 262 571 nicis
287 530 338 571 P.
364 528 541 582 Gaspar
562 534 634 569 eat
656 526 972 569 concionatum
995 527 1051 568 ad
1069 540 1212 581 pagos
1234 533 1279 569 et
1301 525 1665 576 sacrificandum,
1687 540 1779 568 non

142 605 211 648 ita
232 604 435 660 intelligo
465 612 512 645 vt
540 604 691 646 nullus
722 603 818 646 dies
848 604 989 645 festus
1027 609 1105 645 aut
1141 602 1395 645 dominicus
1434 601 1774 645 intermittatur:

146 681 285 723 immo
307 688 376 724 sat
397 688 507 736 puto
529 694 644 732 esse,
670 680 707 722 si
729 688 892 723 octauo
913 694 1094 735 quoque
1116 679 1188 721 die
1211 679 1349 722 semel
1372 687 1461 731 eat,
1484 686 1529 722 et
1552 679 1686 722 etiam
1711 694 1779 721 ra-

150 758 242 802 rius
265 758 522 813 aliquando,
543 757 581 799 si
603 757 665 799 ita
686 756 895 800 videatur
919 756 1098 800 rectori.
1512 760 1513 763 ’

238 837 299 878 Μ.
327 835 559 878 Gerardus
582 833 840 889 Lapidanus
864 833 1076 876 succedet
1098 832 1144 874 in
1167 839 1402 884 autumno,
1428 833 1514 875 hoc
1538 840 1606 876 est
1628 832 1674 874 in
1708 848 1781 876 re-

147 911 392 955 nouatione
414 911 683 962 studiorum,
721 913 782 954 M.
819 910 1029 962 Renier03
1070 917 1115 952 et
1147 916 1403 965 apponatur
1442 909 1503 951 illi
1540 910 1696 952 vinum
1735 918 1781 954 et

141 988 354 1040 ceruisia‚
381 988 763 1043 quemadmodum
786 986 1114 1038 sacerdotibus,
1136 992 1181 1030 et
1203 985 1348 1041 primo
1372 1000 1552 1041 quoque
1577 993 1779 1042 tempore

147 1066 226 1108 fiat
249 1065 480 1108 sacerdos,

236 1144 306 1185 De
323 1140 673 1192 contributione,
699 1139 736 1182 si
759 1154 973 1183 numerus
996 1140 1270 1182 nouitiorum
1289 1139 1423 1183 faciat
1445 1147 1492 1181 vt
1515 1139 1604 1182 sint
1626 1140 1780 1195 plures

148 1218 375 1262 Monachii
399 1233 533 1272 quam
557 1229 613 1271 24
634 1218 707 1261 uel
731 1227 802 1271 25,
824 1217 902 1260 fiet
924 1216 1199 1259 contributio
1218 1232 1273 1260 ex
1291 1223 1485 1272 quatuor
1508 1216 1713 1272 collegiis
1736 1224 1782 1261 et

144 1296 283 1338 domo
316 1302 585 1351 augustana,
611 1300 791 1336 seruata
821 1292 1113 1349 proportione
1147 1293 1390 1345 redituum,
1432 1293 1587 1336 habita
1626 1300 1780 1337 tamen

147 1371 324 1415 ratione
335 1370 533 1414 caritatis
552 1371 625 1414 uel
641 1369 824 1412 vilitatis
842 1384 1064 1421 annonae,
1078 1384 1211 1424 quam
1229 1369 1523 1425 experiuntur
1535 1369 1729 1425 collegia
1745 1372 1774 1412 ¹.

228 1450 429 1505 Joannes
451 1447 673 1491 Velchius
703 1454 748 1489 et
781 1446 963 1490 Samuel
997 1446 1232 1489 mittantur
1266 1460 1368 1488 cum
1404 1448 1454 1489 P.
1494 1447 1692 1489 Roberto
1731 1453 1776 1490 et

144 1525 407 1568 Alexandro
430 1524 756 1579 Oenipontum3
790 1523 981 1566 Carolus
1010 1536 1119 1564 uero
1142 1522 1348 1564 mittatur
1377 1523 1637 1578 Augustam
1670 1537 1774 1565 cum

142 1601 290 1657 equis,
316 1608 365 1643 vt
387 1601 490 1643 inde
512 1600 663 1643 veniat
685 1600 933 1656 Dilingam.

234 1678 483 1722 Godfridus
505 1678 658 1720 veniat
680 1691 782 1719 cum
807 1677 971 1720 Carolo
994 1677 1274 1732 Augustam.

231 1757 463 1799 Abraham
498 1761 542 1798 et
574 1754 846 1806 Gulielmus,
881 1753 918 1796 si
951 1767 1045 1795 non
1083 1753 1389 1796 discesserunt
1427 1751 1772 1814 Ingolstadium,

142 1842 357 1875 maneant
380 1833 531 1895 adhuc
552 1833 608 1874 ad
632 1839 737 1874 octo
761 1831 873 1874 dies.

233 1909 384 1952 Semel
406 1915 554 1964 potest
579 1910 629 1950 Ρ.
654 1908 824 1950 Paulus
841 1906 886 1948 in
906 1907 1189 1949 hebdomade
1211 1905 1364 1961 legere
1387 1919 1519 1948 casus
1536 1903 1774 1946 conscien-

142 1985 234 2029 tiae
256 1986 330 2028 uel
358 1985 479 2028 aliud
507 1984 644 2037 domi3
677 1985 798 2039 quod
826 1984 861 2026 si
891 1998 944 2026 ea
971 1983 1106 2027 lectio
1135 1983 1314 2025 videtur
1341 1997 1444 2025 eum
1469 1980 1686 2036 impedire
1719 1994 1776 2022 ne

140 2061 230 2105 alia
253 2059 388 2104 faciat
409 2060 622 2104 exercitia
644 2068 821 2116 praeter
842 2060 1100 2111 conciones,
1128 2059 1352 2113 relinquat
1381 2073 1479 2100 eam
1513 2056 1772 2100 lectionem.

232 2139 300 2181 De
322 2137 420 2180 aliis
443 2137 662 2180 classibus
685 2143 853 2179 statuet
876 2138 930 2179 R.
958 2138 1011 2179 P.
1034 2135 1223 2187 Natalis,
1250 2149 1302 2179 ac
1325 2133 1565 2178 Monachio
1588 2147 1691 2175 mox
1715 2132 1777 2175 si-

140 2214 427 2270 gnificabunt
446 2217 497 2257 P.
525 2213 789 2257 Dominicus
812 2221 857 2257 et
879 2214 931 2256 Ρ.
956 2213 1125 2256 Paulus
1148 2212 1255 2267 quid
1278 2212 1334 2255 de
1356 2211 1410 2254 iis
1432 2210 1645 2254 sentiant.

919 2325 997 2367 38

529 2409 856 2453 RESPONSA
879 2409 1023 2451 RDO.
1052 2409 1104 2451 P.
1131 2407 1395 2450 LANOYO

382 2517 550 2546 ANNUM
584 2516 725 2546 PRms
755 2516 889 2553 QUAM
919 2515 1097 2554 PAULO,
1124 2515 1173 2544 ID
1208 2514 1314 2552 EsT,
1362 2500 1470 2554 1562
1502 2500 1536 2543 ²³.

236 2598 352 2641 Cum
375 2612 454 2653 per
477 2597 719 2652 collegium
743 2596 928 2651 aliquod
951 2602 1186 2639 transeunt
1212 2597 1370 2637 Patres
1393 2594 1466 2636 vel
1495 2594 1671 2643 fratres,
1697 2590 1774 2645 qui

143 2675 203 2717 ad
225 2675 311 2716 alia
333 2674 524 2728 collegia
547 2673 930 2724 transmittuntur,
958 2672 994 2715 si
1018 2671 1126 2726 quid
1149 2671 1235 2714 illis
1274 2672 1405 2714 detur
1434 2669 1585 2711 viatici
1618 2681 1773 2711 neces-

216 2775 226 2794 ¹
278 2773 378 2809 Vide
402 2773 697 2809 instructionem
721 2773 764 2807 P.
792 2772 941 2807 Natalis
959 2773 1017 2807 De
1041 2771 1200 2806 ratione
1218 2770 1357 2805 alendi
1382 2769 1563 2814 novitios,
1583 2767 1621 2801 in
1641 2766 1772 2811 Epist.

147 2833 196 2867 P.
217 2832 366 2875 Nadal,
387 2833 455 2878 ΙΙΙ,
476 2832 563 2876 782.

216 2894 230 2912 '²
280 2892 338 2926 Ex
357 2891 578 2936 apographo
596 2901 757 2933 coaevo,
784 2890 823 2925 in
847 2889 981 2924 codice
1012 2888 1150 2923 Natal.
1180 2888 1297 2923 instr.
1330 2886 1482 2924 Germ„
1504 2882 1606 2917 foliis
1632 2880 1771 2926 26(31)-

145 2948 285 2995 28(33).
308 2949 369 2984 Ad
387 2949 579 2996 quodnam
597 2948 807 2994 collegium
828 2953 1007 2995 spectent
1024 2948 1120 2981 haec
1140 2945 1289 2980 Natalis
1314 2954 1512 2988 responsa,
1535 2939 1712 2987 quamvis
1732 2939 1771 2975 in

140 3008 238 3054 ipsis
257 3020 333 3043 non
353 3007 518 3053 dicatur,
540 3020 589 3043 ex
607 3008 691 3054 ipso
709 3008 822 3042 titulo
845 3006 928 3041 erui
952 3016 1065 3052 posse
1095 3004 1265 3048 videtur,
1281 3014 1368 3037 cum
1400 3001 1464 3035 illa
1490 2999 1595 3034 Patri
1626 2998 1774 3043 Lanojo

139 3066 233 3101 data
250 3067 372 3102 fuisse
391 3074 599 3112 asseratur,
625 3071 664 3101 et
689 3065 845 3112 quidem
870 3075 971 3099 anno
999 3064 1102 3108 1562⁷
1122 3074 1197 3108 quo
1219 3067 1392 3107 tempore
1420 3059 1485 3094 ille
1510 3058 1624 3092 Pater
1649 3061 1776 3092 recto-
