2028 3426
657 238 994 273 INSTRUCTmNEs
1002 256 1036 261 -
1045 235 1087 270 61
1567 241 1632 292 51⁸1

60 342 117 385 rit
139 340 423 398 peculiariter
445 338 632 382 secundi
655 338 826 394 gradus
848 337 1207 393 applicationem.
1233 334 1363 377 Vnde
1385 334 1524 388 liquet
1562 335 1680 378 cele-

60 419 264 461 brantem
295 431 426 472 posse
455 415 634 459 tertium
665 415 856 470 gradum
885 412 970 456 sibi
997 412 1221 468 applicare
1257 411 1329 455 vel
1359 410 1431 452 cui
1472 410 1677 463 voluerit,

60 509 148 550 quo
177 495 227 536 fit
255 501 302 535 vt
333 500 422 535 tam
452 492 536 534 sibi
565 505 699 547 quam
717 491 826 533 ⁴aliis
849 490 1060 545 prodesse
1089 487 1228 544 possit
1256 500 1434 542 semper
1461 501 1541 541 per
1572 486 1681 529 mis-

60 586 211 614 sarum
237 585 421 614 suarum
445 567 786 624 applicationem
810 567 1012 610 liberam.

146 630 302 692 Sciant
326 653 558 702 praeterea
580 645 838 688 sacerdotes
862 643 1019 694 nostri,
1044 642 1165 699 quod
1183 641 1295 683 citra
1311 639 1555 696 superioris
1573 653 1680 682 con-

58 738 241 768 sensum
264 738 353 765 non
376 728 568 778 possunt
589 735 717 763 sacra
748 734 830 762 sua
858 719 1054 762 externis
1084 717 1304 774 polliceri.
1334 716 1445 760 Item
1476 729 1565 758 non
1596 715 1679 757 nisi

58 802 113 844 ad
135 815 206 843 res
228 800 341 851 illas,
361 814 476 854 quae
494 799 550 841 ad
569 797 782 840 maiorem
801 796 886 840 Dei
909 795 1097 852 gloriam
1122 801 1346 851 spectant,
1370 793 1492 849 ipsos
1515 793 1680 836 debere

57 878 298 930 celebrare;
324 877 370 919 id
391 877 532 932 igitur
555 875 720 918 faciant
743 888 823 931 pro
847 873 1192 918 conseruatione
1219 879 1264 915 et
1294 877 1542 927 augmento
1571 883 1679 912 suae

56 954 362 1010 perfectionis,
396 968 478 1009 pro
506 945 765 994 ministeriis
794 950 878 993 sibi
906 955 990 996 409
1024 947 1366 1000 commendatis,
1407 946 1678 1003 poenitenti-

55 1033 157 1085 bus,
177 1030 471 1081 scholaribus,
493 1028 797 1083 fratribusque
819 1027 928 1079 suis,
950 1041 1028 1082 pro
1051 1025 1318 1068 concionum
1337 1023 1619 1069 auditoribus
1635 1029 1680 1065 et

57 1108 154 1151 aliis
175 1106 373 1151 materiis
395 1105 634 1157 orationis,
661 1119 777 1160 quae
805 1103 909 1146 alibi
940 1103 1127 1146 traditae
1149 1109 1277 1154 sunt3
1304 1101 1469 1157 quibus
1491 1099 1679 1156 adiungi

58 1191 249 1240 possunt
277 1183 392 1226 aliae
423 1189 638 1238 vrgentes
666 1195 845 1232 causae,
886 1195 998 1235 quas
1035 1179 1130 1235 ipse
1167 1177 1452 1235 peculiariter
1475 1176 1605 1229 sciat,
1633 1185 1679 1219 et

58 1261 264 1317 negocia,
291 1275 406 1316 quae
428 1260 484 1302 ad
508 1259 719 1302 maiorem
741 1257 826 1300 Dei
850 1257 1038 1313 gloriam
1067 1255 1311 1299 conuenire
1334 1260 1555 1298 censeret.

144 1338 288 1394 Igitur
311 1351 477 1392 magna
498 1343 566 1378 est
589 1334 740 1390 quiuis
763 1335 972 1377 sacerdos
995 1335 1191 1376 donatus
1213 1332 1419 1375 libertate
1443 1333 1527 1373 hac
1543 1330 1588 1372 in
1612 1345 1674 1382 re,

59 1414 135 1470 qui
157 1429 250 1457 non
280 1414 413 1456 modo
440 1412 684 1469 praedictis
712 1425 905 1466 semper,
936 1411 1015 1453 sed
1043 1409 1216 1453 ratione
1251 1408 1384 1452 etiam
1420 1407 1476 1451 2.ἰ
1511 1408 1679 1463 gradus

57 1493 317 1546 frequenter
341 1492 445 1547 (non
475 1489 594 1551 enim
623 1489 735 1532 adeo
764 1503 871 1543 sepe
898 1487 1054 1530 iubent
1083 1485 1336 1542 superiores
1364 1485 1523 1527 missas
1560 1484 1678 1527 cele—

54 1568 190 1619 brari,
216 1576 336 1611 certe
360 1572 448 1608 non
471 1566 700 1620 deberent)
726 1565 892 1620 poterit
909 1563 1048 1607 libere
1065 1563 1203 1606 sacris
1221 1562 1315 1605 suis
1337 1569 1381 1606 et
1399 1561 1677 1604 orationibus

54 1644 290 1687 missarum
318 1654 407 1686 tam
431 1643 626 1698 seipsum
651 1657 787 1697 quam
811 1641 920 1684 alios
942 1641 1115 1684 iuuare.
1140 1641 1273 1683 Adde
1305 1639 1425 1694 quod
1456 1638 1502 1679 in
1532 1637 1677 1680 omni—

54 1721 139 1764 bus
168 1721 313 1764 missis
341 1728 386 1764 et
414 1718 708 1770 orationibus,
741 1732 853 1774 quas
881 1733 936 1762 ex
958 1723 1197 1773 praecepto
1232 1717 1399 1760 debent
1431 1715 1673 1770 applicare,

23 1822 27 1826 ·
55 1812 232 1854 semper
256 1806 323 1840 est
347 1797 512 1839 nostris
534 1796 726 1839 liberum
750 1795 1063 1837 commendare
1084 1796 1183 1837 Deo
1205 1807 1318 1848 quos
1341 1792 1497 1836 velint.

141 1876 269 1917 Haec
292 1889 429 1928 quum
453 1873 515 1915 ita
537 1873 642 1924 sint,
668 1880 833 1923 tamen,
856 1871 931 1913 vbi
953 1870 1029 1913 illo
1054 1870 1121 1913 2.⁰
1146 1871 1291 1926 gradu
1314 1870 1439 1911 dicto
1461 1882 1552 1910 non
1575 1875 1674 1924 pot-

60 1957 127 1995 est
148 1950 286 1993 libere
309 1950 549 2006 applicare,
571 1950 706 1992 debet
728 1949 929 2004 profecto
953 1955 1077 1990 tanto
1094 1946 1250 1989 maiori
1273 1948 1437 1989 affectu
1455 1952 1500 1988 et
1517 1944 1676 1988 solatio

55 2027 190 2070 animi
213 2027 457 2078 celebrare,
483 2026 695 2080 quandoq
705 2024 857 2068 uidem
881 2025 925 2066 in
950 2039 1046 2068 eam
1069 2023 1336 2067 sententiam
1360 2023 1494 2065 debet
1517 2021 1676 2065 merito

53 2104 343 2155 descendere,
376 2111 424 2145 vt
456 2103 588 2158 plane
615 2101 858 2145 arbitretur
886 2106 960 2147 410
999 2100 1342 2156 applicationem
1382 2099 1518 2151 illam,
1559 2112 1675 2153 quae

55 2188 119 2223 2.0
142 2181 276 2222 modo
299 2180 348 2222 fit
371 2195 426 2223 ex
453 2178 729 2234 praescripto
762 2177 1062 2234 superiorum,
1088 2176 1457 2233 praestantiorem
1482 2190 1581 2219 esse
1604 2189 1671 2225 ea,

54 2271 185 2312 quam
210 2256 305 2312 ipse
328 2256 435 2298 alias
457 2270 481 2298 e
504 2255 686 2311 proprio
709 2254 876 2297 iudicio
899 2254 971 2298 vel
995 2255 1225 2296 voluntate
1248 2255 1430 2296 faceret.

140 2333 305 2377 Nullus
328 2348 353 2376 e
376 2332 541 2395 nostris
568 2346 745 2374 sacrum
770 2331 907 2374 faciat
937 2330 1193 2386 inspriuatis
1225 2329 1493 2373 secularium
1526 2327 1674 2370 homi—

54 2423 161 2451 num
184 2409 387 2461 aedibus3
420 2415 634 2463 poterunt
664 2415 812 2451 tamen
843 2407 971 2450 altari
1001 2407 1064 2448 vti
1096 2406 1293 2462 portatili
1326 2406 1466 2448 nostri
1499 2405 1544 2446 in
1582 2404 1675 2447 suis

53 2484 326 2536 ministeriis,
357 2485 538 2539 quando
568 2484 613 2527 id
641 2484 754 2527 ratio
793 2484 1012 2540 exigeret,
1052 2498 1155 2526 cum
1193 2483 1396 2538 legitimo
1433 2480 1674 2537 superioris

54 2575 278 2606 consensu
308 2561 521 2617 peculiari
551 2562 623 2605 vel
660 2560 876 2617 generali.
919 2561 1036 2604 Sunt
1072 2560 1191 2604 enim
1229 2559 1384 2602 altaria
1421 2556 1675 2616 por[ta]tilia

54 2651 134 2693 pro
157 2638 322 2681 nostris
345 2637 694 2681 necessitatibus
716 2651 947 2681 concessa:
973 2636 1136 2692 poterit
1159 2644 1307 2679 tamen
1337 2633 1601 2690 dispensari,
1627 2640 1675 2674 vt

55 2726 134 2769 pro
157 2729 321 2770 magna
345 2714 631 2766 necessitate,
657 2713 972 2757 aedificatione
996 2713 1067 2755 vel
1096 2714 1245 2755 fructu
1279 2710 1418 2767 possit
1447 2710 1491 2751 in
1522 2709 1672 2765 priua-

57 2789 112 2833 tis
134 2791 321 2834 aedibus
344 2790 576 2842 celebrari,
603 2790 784 2833 decenti
808 2797 957 2832 tamen
986 2790 1102 2841 loco,
1127 2787 1385 2844 praesertim
1411 2787 1447 2829 si
1472 2787 1527 2829 ad
1550 2786 1595 2828 id
1617 2785 1673 2828 sit

55 2866 317 2920 destinatus;
344 2876 389 2911 et
412 2881 463 2910 ea
487 2882 576 2910 non
598 2866 715 2910 desit
737 2866 866 2909 nobis
891 2867 1094 2917 facultas,
1121 2879 1253 2920 quam
1278 2865 1497 2906 habemus
1520 2871 1551 2904 ³.

123 3041 140 3058 a
164 3032 285 3076 Haec,
305 3044 324 3067 a
343 3031 473 3067 verbis
487 3033 728 3078 praesertim
749 3031 784 3066 si
801 3031 929 3067 addita
949 3030 1153 3077 posterius.
