2028 3426
664 266 1002 326 Irisraucnouss
1010 309 1041 315 -
1049 288 1092 323 61
1572 284 1641 330 387

15 401 18 406 ’
60 396 410 442 conuersatione
432 393 582 450 aliqua
602 393 676 437 vel
705 392 886 435 aliunde
912 389 1082 434 versari
1111 388 1157 431 in
1186 387 1387 444 periculo
1415 386 1607 442 peccati,
1642 393 1687 429 et

15 475 30 529 ’ᾗ
63 475 110 518 id
136 474 281 517 solum
310 472 479 515 sciatur
507 471 554 512 in
591 469 891 520 confessione,
926 467 963 510 is
1000 483 1025 511 a
1063 463 1337 508 confessario
1375 470 1593 506 consueto
1630 463 1687 505 ad

58 549 339 606 superiorem
362 547 610 590 mittendus
632 552 716 597 est,
738 553 786 587 vt
808 545 869 587 illi
891 544 1161 587 confiteatur
1189 543 1216 593 ¹,
1237 540 1313 596 qui
1332 540 1416 582 nisi
1439 539 1589 596 videat
1607 554 1685 594 pe·

30 614 45 668 'v
64 626 252 670 riculum
276 625 406 669 facile
427 623 559 666 vitari
581 637 730 679 posse,
756 622 817 665 54
839 620 1012 665 iubebit
1033 619 1095 662 illi
1118 619 1164 661 in
1186 616 1471 661 confessione
1492 623 1541 658 vt
1563 623 1685 671 petat

19 686 39 735 Ῐ·
57 711 188 746 extra
209 701 539 748 confessionem
563 699 649 742 alio
673 698 806 750 mitti3
833 698 954 752 quod
976 697 1013 739 si
1036 696 1147 738 nolit
1177 695 1340 745 facere,
1368 708 1457 735 non
1481 693 1686 735 absoluet

21 831 24 834 ⁴
58 793 180 832 eum3
207 780 327 834 quod
356 777 490 821 faciet
518 777 573 819 de
602 776 699 819 iure
727 773 975 826 communi;
1007 788 1110 815 nam
1143 772 1216 814 ille
1248 777 1367 814 esset
1400 769 1445 811 in
1478 776 1682 825 peccato,

20 854 33 916 'j
57 857 183 911 quod
205 855 346 897 vitare
368 861 516 910 potest
539 860 584 895 et
606 867 697 895 non
719 852 831 902 vult,
858 866 996 906 quare
1014 848 1321 892 absoluendus
1338 861 1428 889 non
1451 853 1530 889 est.
1556 847 1683 889 Idem

29 932 181 985 ,enim
211 931 439 988 agendum
472 936 590 973 esset
622 943 727 971 cum
759 928 921 982 quouis
954 925 1160 970 seculari.
1200 925 1285 968 Vel
1317 922 1682 978 quandoquidem

24 996 35 1034 Τ
55 1016 128 1054 est
149 1007 386 1052 Societatis
410 1007 711 1058 consuetudo,
737 1004 874 1059 quod,
900 1004 1023 1045 nulla
1044 1001 1218 1056 reddita
1240 1015 1376 1043 causa
1394 1001 1465 1043 vel
1488 999 1681 1042 interce-

57 1086 210 1138 dente,
249 1084 414 1127 mutari
442 1084 617 1126 soleant
647 1081 805 1132 nostri,
836 1081 907 1123 vel
938 1080 1046 1136 ipsis
1074 1078 1283 1134 abrogari
1320 1077 1467 1120 officia
1504 1091 1558 1119 ex
1589 1076 1684 1118 sola

17 1149 20 1154 Α
53 1162 299 1218 superioris
321 1162 572 1212 voluntate,
603 1174 656 1202 ea
683 1158 892 1200 libertate
921 1155 1084 1213 poterit
1113 1155 1318 1211 superior
1345 1153 1425 1206 vti,
1458 1153 1496 1196 si
1528 1152 1682 1195 videa-

35 1246 146 1292 βίω.
180 1241 249 1281 De
277 1238 348 1280 his
387 1252 493 1281 vero
530 1235 742 1293 periculis
780 1235 1120 1290 interrogentur
1152 1233 1197 1274 in
1221 1230 1508 1274 confessione
1537 1245 1561 1272 a
1589 1229 1683 1271 suis

23 1315 342 1375 '‘confessariis
371 1313 531 1365 nostri,
563 1311 826 1369 praesertim
856 1310 1138 1361 confessarii,
1174 1317 1218 1353 et
1251 1308 1328 1364 qui
1350 1314 1476 1351 extra
1498 1307 1681 1349 domurn

59 1393 150 1436 fere
179 1399 345 1448 gerunt
373 1405 455 1433 sua
483 1389 650 1441 officia;
682 1396 727 1431 et
752 1388 1012 1444 obligentur
1041 1388 1096 1429 ad
1129 1393 1383 1442 peccatum,
1423 1384 1509 1427 nisi
1538 1384 1584 1426 id
1611 1383 1677 1425 di-

59 1468 222 1521 xerint3
254 1468 330 1510 illa
357 1466 524 1522 alioqui
555 1466 756 1522 pericula
785 1464 1026 1520 diligenter
1055 1462 1391 1518 inuestigentur
1420 1476 1446 1502 a
1475 1459 1681 1516 superio-

16 1575 23 1609 ἑ
54 1545 196 1589 ribus.

18 1615 25 1669 ‚⁵
143 1622 307 1678 Quoad
328 1620 425 1664 eius
447 1619 544 1663 fieri
567 1619 749 1676 poterit,
774 1624 976 1670 curetur,
1002 1624 1066 1668 vt,
1093 1616 1168 1659 vbi
1191 1614 1333 1658 nostri
1350 1615 1521 1658 habent
1543 1614 1679 1656 scho-

23 1748 26 1750 v
55 1700 136 1751 las,
168 1698 226 1741 sit
258 1698 433 1753 aliquis,
475 1696 551 1751 qui
579 1697 789 1751 supplere
817 1694 957 1750 possit
990 1695 1212 1737 lectorum
1242 1690 1597 1734 intermissiones
1634 1697 1678 1734 et

27 1775 296 1828 absentias,
321 1775 358 1817 si
380 1789 496 1829 quae
523 1771 771 1816 obueniant
799 1786 856 1814 ex
885 1785 1040 1815 eorum
1069 1769 1329 1812 valetudine
1357 1768 1549 1820 infirma,
1581 1767 1678 1810 siue

12 1860 15 1864 ’
48 1866 324 1908 quacunque
347 1851 433 1893 alia
461 1865 613 1893 causa.

141 1929 196 1971 55
219 1928 516 1971 Prouincialis
537 1926 607 1980 iis,
633 1925 708 1982 qui
731 1926 788 1968 ad
810 1940 860 1969 se
881 1924 1118 1968 mittentur
1140 1938 1166 1965 a
1189 1911 1441 1966 rectoribus
1465 1930 1677 1976 tanquam

14 2008 16 2011 ’
50 2005 288 2061 deplorati,
315 2004 448 2047 faciet
472 2003 748 2054 facultatem,
774 2008 822 2044 vt
855 2001 1052 2044 scribant
1081 2001 1136 2043 ad
1174 1999 1452 2056 generalem,
1493 1998 1565 2040 vel
1600 2011 1677 2040 eos

49 2083 110 2125 ad
136 2082 261 2125 illurn
292 2081 455 2131 mittet,
488 2081 669 2135 quando
697 2078 808 2121 nihil
837 2077 1046 2121 omnibus
1072 2076 1236 2120 ‘mediis
1268 2074 1409 2131 possit
1440 2075 1674 2130 proficere,

13 2151 32 2199 ᾩ
55 2172 198 2214 neque
216 2158 464 2200 mutatione
481 2157 554 2200 vel
571 2155 884 2212 collegiorum,
897 2155 969 2198 vel
986 2154 1252 2204 officiorum,
1270 2167 1419 2207 neque
1437 2150 1643 2193 faciendo
1661 2159 1678 2175 ἃ

49 2235 118 2279 eis
140 2234 314 2290 copiam
336 2233 534 2290 eligendi
561 2232 797 2289 primarios
820 2247 876 2276 ex
904 2229 1253 2281 consultoribus,
1290 2229 1362 2271 vel
1391 2226 1488 2270 aliis
1526 2227 1676 2269 dome-

49 2311 193 2364 sticis,
228 2326 419 2366 quorum
448 2309 614 2352 iudicio
642 2316 778 2364 atque
810 2308 1007 2351 consiliis
1038 2307 1218 2350 tandem
1240 2305 1348 2349 velit
1371 2303 1671 2360 acquiescere.

55 2388 111 2430 Et
146 2395 294 2431 tamen
334 2388 485 2430 nullus
517 2387 572 2429 ad
611 2386 868 2442 generalem
901 2384 1126 2447 mittatur,
1162 2383 1247 2425 nisi
1278 2397 1445 2438 magna
1477 2380 1676 2424 adhibita

20 2523 25 2525 ‚
49 2464 427 2516 consideratione,
453 2471 497 2506 et
519 2463 606 2505 nisi
626 2461 846 2505 eiusmodi
868 2461 944 2515 sit,
967 2460 1044 2515 qui
1066 2460 1206 2516 possit
1230 2473 1329 2503 esse
1357 2458 1477 2500 vtilis
1499 2458 1604 2499 illic:
1631 2466 1675 2500 et

12 2539 100 2605 sin
127 2555 229 2584 eum
263 2555 417 2583 casum
446 2546 622 2596 oportet
649 2540 817 2582 habere
850 2553 875 2580 a
908 2540 1044 2581 Patre
1075 2535 1276 2593 generali
1310 2535 1585 2578 facultatem.
1627 2533 1675 2576 Si

52 2631 161 2661 vero
182 2633 255 2661 res
277 2633 328 2661 ea
352 2623 487 2669 esset,
512 2617 631 2659 vnde
654 2615 887 2658 timeretur
909 2614 1187 2664 scandalum,
1215 2621 1262 2654 vt
1279 2612 1316 2654 si
1339 2611 1439 2666 quis
1462 2609 1674 2652 dissenti-

23 2688 36 2697 ”
56 2700 122 2736 ret
144 2694 198 2736 ab
222 2693 427 2736 instituto
450 2700 494 2735 et
517 2692 760 2743 Societate,
792 2705 896 2734 cum
926 2692 1013 2733 hoc
1041 2697 1214 2733 secrete
1243 2696 1310 2732 est
1344 2687 1589 2743 agendum,
1626 2692 1674 2725 vt

51 2769 219 2813 scribat
240 2770 296 2812 ad
318 2770 592 2825 generalem,
619 2782 670 2811 ac
692 2767 803 2810 illud
824 2766 957 2810 simul
979 2766 1327 2822 prouidendum,
1353 2779 1410 2806 ne
1438 2762 1511 2804 illo
1534 2761 1673 2803 inter-

33 2842 171 2889 'ieeto
209 2846 424 2902 temporis
460 2845 627 2901 spacio,
660 2859 749 2899 quo
776 2843 873 2886 istis
900 2843 1197 2898 respondetur
1226 2856 1251 2883 a
1282 2838 1498 2896 generali,
1530 2836 1673 2879 disse-

108 3017 113 3023 ,
124 2989 141 3006 a
180 2978 368 3025 faciendi
386 2990 457 3016 ms,

123 3084 135 3106 ¹
184 3085 284 3120 Vide
300 3097 428 3132 supra,
448 3096 535 3132 pag,
556 3084 640 3129 369,
658 3088 788 3119 annot.
812 3091 843 3117 1.
