2028 3426
693 238 1119 275 INSTRUCT10NEs—61
1602 239 1666 284 481

95 340 254 396 aliquis
277 341 322 382 in
344 340 575 383 illusiones
598 340 816 391 demonis,
844 348 888 384 et
910 355 999 383 non
1024 339 1178 396 exigui
1201 340 1416 382 momenti
1446 355 1619 385 errores
1648 342 1717 384 in-

97 417 233 460 cidat.

183 493 433 537 Literarum
461 492 734 549 ignorantia,
760 494 831 536 vel
860 493 1032 549 ingenii
1061 503 1137 536 aut
1171 492 1409 536 memoriae
1442 494 1497 536 ad
1531 509 1606 537 eas
1638 496 1718 537 ad<

95 570 348 622 discendas,
368 571 440 612 vel
461 569 643 625 linguae
666 570 721 611 ad
740 570 1055 625 explicandum
1073 571 1281 614 defectus
1303 569 1346 611 in
1372 569 1473 622 illis,
1496 570 1572 625 qui
1589 586 1719 627 prae—

95 648 298 691 seferunt
319 645 615 689 intentionem
640 646 711 689 vel
735 646 1004 690 desiderium
1028 646 1214 690 vlterius
1242 646 1562 702 progrediendi
1586 661 1719 702 quam

96 724 241 768 solent
263 723 550 766 coadiutores
573 723 859 778 temporales.

182 799 337 843 Iudicii
358 801 580 850 defectus,
607 806 651 843 et
674 800 883 841 notabilis
905 799 951 842 in
974 800 1153 856 proprio
1174 815 1310 844 sensu
1329 800 1583 854 obduratio,
1604 815 1720 856 quae

95 875 526 932 congregationibus
545 876 735 918 multum
759 877 871 919 solet
896 877 1117 921 facessere
1139 877 1334 932 negocii.
1360 876 1364 884 ’

182 957 268 998 343
290 953 338 995 ln
362 951 571 996 exteriori
593 951 776 995 homine
797 953 1001 995 defectus
1024 953 1070 995 in
1088 953 1347 1009 integritate
1365 954 1580 1010 corporis,
1603 969 1721 997 mor-

94 1031 197 1081 bus,
223 1028 444 1080 debilitas,
471 1030 543 1071 vel
564 1028 774 1071 notabilis
796 1029 1070 1072 deformitas.

184 1105 324 1150 Aetas
346 1106 476 1148 valde
499 1112 669 1157 tenera,
694 1106 767 1149 vel
789 1106 889 1161 plus
913 1106 1021 1148 satis
1047 1107 1262 1161 perfecta.

185 1184 278 1226 Aes
301 1182 514 1234 alienum,
539 1183 612 1224 vel
634 1181 791 1225 ciuiles
814 1171 1132 1238 obligationes.

182 1259 296 1302 Illud
318 1266 550 1314 praeterea
571 1266 867 1314 cognoscent,
894 1260 1041 1313 quoad
1071 1259 1167 1303 fieri
1196 1260 1375 1315 poterit,
1403 1275 1518 1315 quae
1547 1276 1720 1318 cogno-

96 1337 262 1379 scenda
284 1336 523 1378 traduntur
545 1350 642 1391 cap.
671 1347 711 1377 2.
746 1343 822 1378 Lae
845 1343 960 1391 part.
991 1343 1156 1388 const.,
1183 1351 1298 1391 quae
1326 1337 1638 1394 intelligentur
1668 1353 1721 1381 ex

30 1470 32 1473 ἡ
97 1413 183 1465 his,
210 1427 324 1467 quae
346 1419 614 1467 sequuntur.

186 1490 235 1531 In
258 1489 519 1531 Vniuersum
543 1489 771 1543 loquendo
794 1489 851 1532 de
874 1488 926 1530 iis
950 1488 1107 1544 (inquit
1131 1490 1426 1545 constitutio),
1452 1491 1529 1545 qui
1561 1491 1725 1533 admit-

98 1566 218 1609 tendi
243 1573 364 1617 sunt,
390 1579 479 1621 quo
501 1565 705 1620 pluribus
727 1564 811 1609 Dei
835 1565 964 1607 donis
988 1565 1267 1608 naturalibus
1290 1575 1334 1609 et
1357 1566 1517 1609 infusis
1536 1567 1726 1623 praediti

97 1643 154 1685 ad
175 1642 532 1699 promouendum
552 1641 677 1684 iuxta
699 1641 937 1685 Societatis
960 1641 1217 1684 institutum
1236 1628 1443 1686 ¹diuinum
1467 1643 1719 1695 seruitium,

95 1727 139 1762 et
162 1715 251 1774 duo
272 1717 538 1761 certioribus
555 1718 873 1774 experimentis
891 1718 1113 1773 perspecti
1131 1719 1315 1771 fuerint,
1337 1734 1390 1762 eo
1411 1720 1555 1776 magis
1573 1720 1722 1763 idonei
1762 1746 1766 1750 -

95 1803 228 1839 erunt
249 1803 297 1837 vt
320 1795 366 1837 in
388 1809 484 1837 eam
510 1794 819 1837 admittantur.
1244 1844 1248 1848 1

110 1927 113 1932 Ι
184 1873 246 1915 Vt
273 1871 575 1927 particulatim
604 1871 660 1914 de
686 1870 740 1913 iis
768 1871 1022 1926 loquamur,
1057 1872 1134 1926 qui
1162 1871 1207 1913 in
1241 1872 1528 1915 coadiutores
1557 1874 1724 1915 admit-

99 1956 272 2001 tuntur,
297 1948 353 1989 ad
376 1961 447 1990 res
469 1947 737 2002 temporales
754 1948 826 1990 vel
843 1948 1086 1991 exteriores
1104 1950 1342 2001 curandas,
1364 1948 1440 2004 qui
1456 1950 1608 2004 plures
1625 1964 1724 1992 esse

97 2040 188 2068 non
216 2026 398 2077 debent,
430 2038 564 2078 quam
594 2023 670 2078 qui
700 2024 941 2067 necessarii
970 2025 1060 2067 sint
1088 2026 1144 2067 ad
1167 2026 1492 2068 subleuandam
1518 2027 1721 2070 Societa—

98 2109 188 2146 tem
211 2101 256 2143 in
280 2101 333 2143 iis
355 2102 504 2151 rebus,
531 2100 576 2141 in
599 2099 763 2154 quibus
786 2101 1000 2156 occupari
1030 2101 1103 2143 alii
1126 2117 1217 2144 non
1246 2109 1436 2157 possunt
1464 2102 1561 2147 sine
1589 2103 1725 2146 detri-

98 2185 251 2222 mento
288 2176 467 2219 maioris
504 2176 629 2229 boni,
669 2191 769 2219 esse
806 2191 884 2220 eos
920 2185 1097 2233 oportet
1136 2179 1271 2234 (quod
1307 2183 1394 2224 344
1431 2180 1488 2222 ad
1530 2179 1725 2222 animam

99 2254 285 2310 spectat)
308 2255 454 2297 bonae
476 2252 793 2304 conscientiae,
820 2253 1011 2308 quietos,
1038 2253 1309 2306 tractabiles,
1336 2262 1558 2298 amatores
1581 2256 1726 2298 virtu-

100 2330 156 2374 tis
185 2345 238 2374 ac
264 2325 569 2386 perfectionis,
600 2343 848 2384 propensos
877 2330 933 2372 ad
961 2330 1264 2382 deuotionem,
1292 2331 1368 2386 qui
1396 2332 1653 2375 domesticis
1682 2339 1726 2375 et

99 2406 296 2450 externis
324 2405 632 2474 aedificationi·
654 2405 759 2459 sint,
792 2406 883 2460 qui,
910 2416 1031 2450 sorte
1060 2408 1265 2450 Marthae
1293 2407 1338 2449 in
1369 2408 1594 2452 Societate
1617 2423 1726 2450 con-

102 2482 229 2534 tenti,
255 2490 300 2524 et
321 2483 377 2524 ad
399 2481 497 2524 eius
518 2481 774 2524 institutum
797 2483 913 2525 bene
935 2482 1099 2534 affecti,
1127 2498 1224 2526 eam
1247 2483 1405 2527 iuuare
1427 2485 1483 2526 ad
1511 2484 1592 2527 Dei
1626 2486 1726 2540 glo—

104 2559 212 2602 riam
237 2565 467 2614 exoptent.

191 2635 326 2690 Quod
358 2635 414 2677 ad
446 2641 632 2678 externa
664 2634 841 2686 attinet,
882 2636 1073 2678 honesta
1110 2635 1274 2690 specie,
1316 2636 1525 2688 sanitate,
1563 2644 1724 2689 aetate,

7 2702 13 2726 '¹
36 2766 39 2769 ,
103 2711 273 2754 viribus
296 2711 352 2754 ad
374 2711 550 2754 labores
571 2710 770 2765 corporis
792 2710 836 2752 in
857 2711 1083 2755 Societate
1106 2712 1403 2762 sufferendos,
1423 2712 1610 2767 praediti
1630 2726 1729 2756 esse

101 2788 334 2839 deberent,
360 2794 404 2829 et
427 2786 503 2841 qui
524 2787 707 2838 habere,
733 2787 804 2829 vel
826 2794 948 2830 certe
971 2787 1168 2829 habituri
1191 2802 1289 2830 esse
1312 2787 1551 2841 aliquando
1582 2789 1726 2832 talen-

104 2871 198 2906 tum
222 2863 404 2917 aliquod
426 2863 482 2905 ad
505 2877 602 2906 eam
626 2862 869 2906 iuuandam
888 2863 1165 2907 viderentur.

192 2939 446 2983 Admittere
469 2939 676 2981 homines
697 2939 865 2981 difficili
888 2939 1090 2994 ingenio,
1111 2940 1182 2982 vel
1204 2939 1386 2983 inutiles
1410 2941 1725 2996 congregatio-

107 3016 169 3070 ni,
194 3016 297 3060 licet
320 3015 522 3071 ipsismet
545 3030 637 3057 non
661 3014 820 3058 inutile
849 3016 964 3058 foret
993 3015 1182 3066 admitti,
1209 3015 1547 3059 considerantes
1578 3025 1726 3061 tamen

288 3091 400 3118 Emsr.
425 3091 465 3118 P.
489 3090 624 3125 NADAL,
645 3097 725 3118 1031.
749 3090 814 3118 IV.
1522 3092 1558 3119 32
