2028 3426
643 276 919 311 MONUMENTA
945 274 1294 311 GERMANIAE—32
1666 284 1735 319 229

156 377 379 421 habemus
403 376 663 419 facultatem
687 392 712 419 a
734 377 932 433 peccatis
954 384 1000 419 et
1021 376 1240 428 censuris,
1267 384 1312 418 et
1335 376 1643 418 commutandi
1666 390 1781 418 non-

155 454 281 496 nulla
303 460 425 506 uota;
451 453 741 508 dispensandi
764 454 947 496 nullam.
973 453 1117 509 Igitur
1144 452 1181 496 si
1204 452 1311 508 quid
1334 452 1380 494 in
1411 468 1458 496 re
1485 452 1559 494 illa
1587 458 1782 495 attente—

155 544 275 581 mus,
301 529 348 570 in
377 543 461 572 nos
484 528 648 571 dixerit
669 529 896 573 Christus:
927 529 1000 574 «Si
1029 544 1191 573 caecus
1221 543 1406 572 caecum
1435 529 1596 570 ducat»
1623 530 1657 581 '¹,
1682 535 1773 570 etc.

156 607 382 649 Curemus
418 605 560 661 igitur
588 620 644 648 ne
672 605 992 662 participemus
1020 605 1233 662 operibus
1270 606 1538 647 daemonum
1576 619 1627 647 ac
1658 611 1781 648 tene-

157 682 356 732 brarum,
383 682 463 724 sed
485 681 635 737 potius
659 683 1004 737 redarguamus.

245 759 587 801 Contendamus
616 766 766 801 autem
795 760 944 814 potius
975 773 1143 815 paucos
1175 760 1342 802 habere
1379 773 1487 802 uere
1519 759 1780 811 catholicos,

156 850 352 890 quorum
377 835 675 890 congregatio
695 837 757 891 (vt
780 850 954 887 eorum,
982 835 1058 891 qui
1081 850 1186 878 vere
1215 835 1262 878 in
1284 835 1464 899 nomine
1482 838 1621 893 Jhesu
1651 845 1786 878 erunt

157 911 444 967 congregati)
468 912 569 967 plus
593 918 637 955 et
660 927 737 955 ore
768 920 811 954 et
841 912 1054 967 operibus
1083 913 1212 955 bonis
1246 914 1338 969 (per
1375 912 1567 968 gratiam
1602 912 1783 967 Christi)

159 989 284 1044 apud
307 990 455 1031 Deum
488 988 667 1044 poterit,
694 1003 828 1043 quam
863 988 899 1030 si
929 990 1093 1031 multos
1121 990 1369 1032 habeamus
1405 989 1713 1032 claudicantes
1740 989 1785 1030 in

163 1066 269 1108 fide:
296 1067 378 1107 hos
402 1065 581 1119 quidem
605 1064 949 1120 diligentissime
970 1072 1015 1108 et
1038 1066 1362 1110 humanissime
1390 1073 1650 1117 tractemus,
1676 1065 1786 1107 nihil

161 1156 252 1184 non
282 1156 472 1197 agamus
501 1141 769 1193 humilitate,
796 1142 1039 1196 obsequiis,
1065 1142 1282 1194 oratione,
1314 1142 1559 1194 sacrificiis,
1586 1142 1785 1185 admoni-

163 1218 378 1270 tionibus,
404 1218 690 1270 lectionibus,
716 1219 941 1273 rebusque
969 1218 1194 1271 omnibus,
1220 1219 1383 1274 quibus
1405 1219 1513 1275 ipsis
1544 1218 1783 1275 prosimus,
1805 1243 1809 1246 ⁴

160 1310 252 1350 quo
274 1295 394 1350 ipsos
417 1295 640 1347 iuuemus3
667 1295 745 1338 sed
769 1295 831 1338 ita
853 1302 1028 1337 tantum
1051 1296 1277 1347 iuuemus,
1305 1303 1353 1338 ut
1375 1295 1459 1339 rite
1483 1310 1534 1338 ac
1565 1295 1788 1352 legittime

162 1371 386 1426 possimus
411 1371 584 1414 iuuare.
610 1370 710 1415 Fiet
732 1372 777 1413 in
800 1371 996 1424 Christo,
1022 1381 1072 1414 ut
1102 1373 1292 1435 multum
1321 1372 1535 1415 iuuentur
1558 1375 1615 1415 ad
1643 1372 1788 1415 maio-

160 1462 257 1491 rem
282 1448 472 1503 gloriam
491 1447 812 1503 omnipotentis
834 1455 879 1491 et
908 1455 1118 1492 aeternae
1141 1456 1186 1492 et
1208 1449 1516 1493 sanctissimae
1534 1449 1782 1493 Trinitatis.

163 1526 329 1567 Amen.

1142 1604 1342 1659 JHEsus.
1371 1605 1547 1646 MARIA.

248 1716 288 1756 A
312 1718 440 1771 tergo
463 1715 614 1756 ultimi
627 1715 758 1772 folii:
785 1714 1030 1757 Instructio
1050 1715 1195 1758 Patris
1214 1716 1400 1759 Natalis.

234 1878 243 1897 ¹
295 1878 414 1924 Luc„
429 1879 536 1923 XVI,
556 1878 615 1923 39.
