2028 3426
336 227 382 263 28
912 226 1091 262 No‘rmA
1117 233 1308 261 comeum

293 336 579 378 «...antequam
607 341 698 366 earn
725 334 991 377 exequatur.»
1024 327 1157 376 Caput
1189 333 1282 376 3‚um
1311 327 1558 376 «Quomodo
1586 339 1630 365 se
1657 327 1806 364 habeat
1830 338 1925 376 erga

290 402 598 450 prouinciales.»
629 401 711 439 Ine.
752 401 816 439 «Si
843 400 1114 449 prouinciales
1140 399 1289 448 eligere
1322 403 1519 447 potest...»
1557 399 1654 436 Des.
1687 398 1926 445 «...aliquem

293 473 583 521 excipiendum
605 472 846 510 existimet.»
878 470 1011 519 Caput
1036 476 1130 517 4⁰¹³*
1156 469 1402 518 «Quomodo
1436 482 1480 507 se
1514 469 1661 506 habeat
1690 481 1785 519 erga
1810 480 1926 517 prae-

293 545 448 593 positos
475 544 714 581 domorum»
745 548 821 581 etc.
856 543 938 580 Ine.
969 541 1192 590 «Quamuis
1225 546 1307 578 tam
1339 542 1620 589 praepositi...»
1657 540 1753 578 Des.
1791 539 1925 577 «...de-

293 616 389 652 beat
409 615 746 652 communicare.»
1115 652 1118 657 ,

375 687 493 735 Quae
513 686 565 723 ad
587 686 864 734 praepositum
884 685 1114 734 generalem
1135 687 1334 732 spectant,
1349 683 1470 720 etiam
1486 683 1736 731 autographa
1753 682 1929 728 Polanci,

296 758 373 795 sub
395 758 546 806 duplici
567 757 683 794 titulo
704 757 917 801 habentur,
939 756 977 792 in
999 756 1120 792 unico
1141 755 1250 800 folio,
1271 759 1310 791 et
1329 759 1503 802 quatuor
1519 754 1635 799 foliis,
1651 765 1756 801 quae
1772 753 1931 802 regulas

296 829 560 866 commissarii
581 829 803 873 continent,
824 828 973 864 inserta
994 832 1097 864 sunt.
1127 826 1171 862 In
1197 826 1317 874 priori
1338 826 1497 875 pagella
1524 825 1587 862 hic
1612 825 1750 862 titulus
1776 825 1932 873 positus

297 907 368 938 est:
404 901 490 937 «De
517 901 591 946 his,
619 911 724 947 quae
751 899 816 936 vel
843 903 1058 947 perspecta
1086 909 1176 934 esse
1196 897 1260 934 vel
1287 897 1431 944 inquiri
1458 902 1629 945 oportet,
1655 896 1768 943 quod
1789 896 1840 932 ad
1860 907 1932 933 eos

297 973 453 1018 attinet,
475 972 527 1009 de
548 971 698 1019 quibus
719 970 905 1008 dubitare
922 970 1011 1017 quis
1028 970 1168 1017 possit,
1186 981 1236 1006 an
1257 968 1308 1006 ad
1330 969 1509 1005 officium
1530 968 1729 1017 generalis
1750 968 1828 1004 sint
1847 967 1934 1004 ido-

299 1045 401 1082 nei.»
432 1043 517 1081 Sub
539 1044 617 1080 hoc
637 1042 753 1080 titulo
780 1042 920 1091 viginti
947 1046 1122 1088 quatuor
1147 1045 1309 1088 puncta,
1335 1045 1395 1076 tot
1420 1041 1596 1076 numeris
1623 1041 1792 1088 signata,
1818 1050 1933 1087 repe-

298 1117 465 1161 riuntur,
487 1114 636 1162 quibus
657 1115 681 1151 ii
702 1114 757 1151 uti
778 1113 953 1158 valeant,
973 1112 1042 1160 qui
1063 1113 1102 1149 in
1124 1112 1441 1160 congregatione
1462 1111 1638 1160 generali
1660 1111 1934 1158 praepositum

298 1186 530 1237 generalem
550 1186 714 1223 electuri
736 1190 841 1222 sunt.
863 1184 929 1221 Ex
949 1185 1027 1221 hoc
1048 1188 1313 1220 monumento
1335 1183 1462 1219 Patris
1489 1182 1651 1219 Polanci
1673 1182 1935 1229 desumptum

300 1263 362 1295 est
382 1258 492 1303 illud,
513 1257 624 1305 quod
645 1258 841 1293 insertum
861 1256 935 1292 fuit
948 1267 971 1292 a
987 1255 1114 1303 prima
1131 1254 1448 1303 congregatione
1465 1253 1641 1302 generali
1657 1254 1759 1290 inter
1773 1253 1937 1290 decreta

301 1335 395 1366 ante
416 1329 672 1374 electionem,
693 1328 835 1365 ordine
853 1332 988 1364 tamen
1018 1338 1163 1371 rerum,
1185 1331 1225 1362 et
1249 1325 1397 1371 verbis,
1424 1324 1626 1362 interdum
1652 1325 1826 1362 mutatis.
1854 1324 1935 1362 Ine.

308 1418 325 1435 «
339 1401 389 1439 1.⁰
421 1401 531 1449 Quid
567 1400 619 1437 de
651 1400 738 1437 eius
773 1400 978 1447 spiritu...»
1014 1398 1110 1435 Des.
1149 1397 1319 1435 «...bene
1353 1397 1519 1433 meritus
1546 1396 1598 1432 de
1633 1396 1835 1433 Societate
1869 1397 1938 1432 ha-

302 1474 483 1511 beatur.»

384 1544 428 1581 In
450 1543 598 1581 eodem
619 1542 714 1579 folio
735 1553 854 1578 verso
875 1541 938 1578 hic
958 1540 1097 1578 titulus
1117 1540 1274 1588 positus
1295 1545 1366 1576 est:
1388 1539 1530 1587 «Quae
1550 1544 1684 1587 partes
1704 1539 1743 1575 in
1764 1538 1940 1588 generali

304 1615 537 1664 praeposito
559 1625 649 1651 esse
669 1613 884 1650 debeant.»
907 1612 1141 1659 Sequuntur
1166 1622 1179 1648 1
1193 1621 1206 1648 1
1231 1611 1486 1660 paragraphi,
1509 1611 1548 1647 in
1570 1610 1718 1657 quibus
1740 1610 1940 1647 Polancus

305 1686 599 1735 compendiose
633 1685 792 1733 scripsit
821 1695 881 1730 ea,
910 1694 1016 1731 quae
1050 1683 1101 1719 de
1131 1682 1278 1719 eodem
1307 1688 1547 1731 argumento
1578 1681 1778 1719 habentur
1806 1682 1844 1719 in
1875 1693 1941 1719 ca-

306 1760 387 1807 pite
410 1757 465 1795 2.⁰
487 1768 621 1794 nonae
640 1756 764 1804 partis
785 1755 1131 1792 constitutionum.
1154 1754 1236 1792 Inc.
1261 1764 1320 1791 «Ι.
1342 1754 1387 1790 In
1409 1753 1546 1802 primis
1567 1753 1617 1790 sit
1637 1765 1729 1790 curn
1749 1753 1838 1790 Deo
1860 1764 1940 1789 ma-

306 1831 416 1868 xime
436 1830 741 1866 coniunctus...»
764 1827 862 1864 Des.
885 1831 988 1864 «...et
1008 1826 1078 1863 diu
1097 1826 1198 1863 tales
1219 1825 1458 1873 perspecti.»

387 1901 611 1946 Hactenus,
632 1911 737 1947 quae
758 1898 809 1936 ad
830 1910 906 1935 nos
932 1903 1128 1945 spectant.
1150 1896 1321 1934 Caetera
1347 1897 1387 1933 in
1414 1897 1492 1933 hoc
1519 1896 1663 1933 codice
1690 1896 1865 1944 reposita
1892 1896 1943 1933 ad

306 1980 491 2021 tempora
511 1972 734 2020 posteriora
753 1970 966 2018 pertinent;
987 1969 1163 2016 ideoque
1185 1980 1206 2005 a
1227 1969 1346 2005 nobis
1367 1969 1431 2005 hic
1457 1967 1813 2016 praetermittenda
1839 1972 1943 2004 sunt.

309 2044 520 2083 Clauditur
538 2048 648 2080 totus
669 2042 806 2079 codex
825 2041 944 2078 variis
965 2040 1236 2085 documentis,
1263 2040 1314 2076 ad
1343 2040 1541 2076 rationem
1567 2038 1769 2076 scribendi
1796 2039 1945 2076 litteras

309 2127 465 2154 annuas
491 2113 766 2152 attinentibus.
794 2112 942 2150 Ultima
961 2111 1087 2148 verba
1107 2111 1159 2148 ita
1181 2111 1345 2148 habent:
1371 2110 1486 2148 «...ad
1507 2122 1612 2157 quae
1633 2111 1706 2158 ipsi
1727 2110 1945 2158 respicien-

309 2189 408 2225 dum
429 2188 515 2224 sit.»

391 2259 624 2296 Breviorem
643 2257 763 2305 hujus
785 2255 938 2292 codicis
958 2254 1273 2301 descriptionem
1290 2253 1478 2289 dedimus
1498 2253 1536 2289 in
1554 2251 1732 2290 Allonum.
1750 2251 1947 2300 Pacdag„

312 2343 405 2380 pag.
433 2340 491 2380 17,
511 2342 550 2367 n.
571 2329 641 2367 XI.

982 2429 1164 2470 Codex
1197 2428 1282 2468 (3⁶2

397 2543 564 2581 Mz‘scell.
586 2542 634 2580 de
653 2542 767 2587 Inst„
789 2540 952 2579 II.—In
971 2538 1043 2586 4.⁰,
1063 2550 1117 2576 ex
1134 2538 1270 2575 multis
1287 2539 1421 2586 parvis
1437 2537 1652 2575 codicibus
1669 2549 1749 2574 non
1766 2536 1949 2585 ejusdem

316 2617 486 2654 omnino
507 2614 790 2659 dimensionis,
811 2612 930 2650 simul
960 2610 1174 2660 colligatis»,
1201 2614 1365 2647 curante
1392 2609 1431 2646 P.
1458 2609 1603 2654 Boero,
1630 2611 1950 2657 coagmentatus,

317 2694 358 2726 et
391 2687 629 2725 membrana
663 2697 686 2722 a
718 2690 834 2734 tergo
869 2687 1106 2731 coopertus,
1140 2682 1179 2718 in
1214 2692 1294 2728 qua
1329 2681 1429 2717 haec
1464 2681 1676 2728 inscriptio
1711 2680 1844 2727 posita
1877 2682 1949 2715 est:

324 2759 567 2796 «Miscellan.
594 2758 599 2803 1
624 2757 688 2794 De
708 2756 839 2793 Instit.
860 2755 899 2793 S.
918 2754 950 2802 J.
976 2753 981 2802 Ι
1006 2754 1080 2791 ΙΙ.»

399 2829 570 2868 Constat
591 2829 697 2865 foliis
717 2836 809 2874 400,
830 2838 911 2863 non
933 2825 1115 2874 signatis,
1132 2824 1272 2872 paucis
1287 2822 1479 2870 demptis,
1497 2832 1601 2868 quae
1617 2821 1823 2867 antiquam
1841 2821 1951 2868 parvi

318 2902 476 2940 codicis
498 2901 746 2950 signaturam
765 2899 954 2935 retinent.
975 2895 1153 2945 Singulis
1173 2893 1388 2932 codicibus
1415 2892 1633 2931 chartulae.
1660 2892 1838 2928 numeris
1865 2901 1948 2928 1-21

321 2975 516 3023 signatae,
543 2972 594 3009 ad
621 2982 733 3008 oram
760 2970 879 3018 primi
910 2969 1108 3016 cujusque
1135 2966 1218 3003 folii
1239 2965 1514 3014 adglutinatae
1536 2967 1641 3008 sunt,
1663 2962 1812 3009 quibus
1838 2962 1953 2999 facile

320 3046 431 3082 varia
450 3044 698 3081 documenta
717 3041 883 3089 reperiri
904 3039 1076 3077 valeant.
1098 3037 1229 3074 Index
1251 3035 1441 3074 codicum
1464 3035 1503 3071 in
1524 3039 1612 3071 toto
1639 3033 1845 3070 volumine
1873 3033 1953 3070 col-
