2028 3426
349 222 420 258 440
825 211 978 246 PATms
1003 209 1248 245 Hlssnouvm
1277 208 1426 244 NADAL

309 405 388 448 per
410 391 600 435 idoneos
622 396 895 446 quapropter
919 388 1029 430 illud
1052 388 1147 432 fiat.

399 471 562 512 Posset
585 467 720 512 etiam
742 465 915 509 inuitus
938 464 1150 508 concludi
1179 464 1224 506 in
1253 464 1435 520 aliquod
1463 464 1743 518 cubiculum,
1775 470 1820 508 et
1849 463 1940 507 illic
1967 447 1986 516 3
2022 502 2024 506 ,

308 546 477 601 aliquot
499 545 596 589 dies
619 544 675 586 ali
698 552 731 596 ³,
758 551 854 585 tum
875 549 1058 599 propter
1080 541 1380 598 disciplinam,
1406 547 1501 584 turn
1519 547 1568 583 vt
1585 540 1818 584 admoneri
1836 538 1966 597 pos-s
2024 564 2025 574 π

309 623 367 666 sit
389 622 458 666 sui
481 621 632 669 officii:
665 635 749 664 nec
771 622 858 663 hoc
887 618 1062 663 censeri
1084 619 1270 663 deberet
1300 632 1470 670 carcer,
1505 618 1586 662 sed
1617 632 1728 661 vsus
1760 617 1940 661 maioris

310 699 492 743 claustri
517 700 574 741 ad
598 706 776 754 tempus
798 705 983 754 propter
1005 695 1340 740 necessitatem.

400 778 515 820 Cum
551 776 620 829 iis,
655 774 732 831 qui
765 781 951 830 propter
984 773 1178 829 aliquam
1208 772 1546 828 persuasionem
1575 779 1654 814 aut
1682 771 1938 828 opinionem
1974 776 1978 806 ἶ

311 854 583 898 dissentiunt
616 868 641 896 a
673 852 922 908 superiore,
954 851 1062 906 quid
1095 850 1382 906 peculiariter
1415 850 1643 906 agendum
1673 848 1731 892 sit
1763 855 1941 905 praeter

312 931 447 982 dicta,
474 931 719 986 petendum
743 936 811 972 est
833 944 890 973 ex
911 927 1296 972 declarationibus
1318 926 1675 979 examinis,'tum
1699 941 1755 971 ex
1772 926 1942 969 instru-
1980 949 1986 970 .-

314 1008 462 1052 ctione
486 1006 793 1064 prouincialis.

402 1085 450 1129 Si
474 1085 575 1141 quis
598 1091 776 1127 secreto
798 1090 917 1128 esset
939 1082 1252 1135 dimittendus,
1274 1097 1330 1126 ex
1354 1081 1426 1126 186
1450 1081 1520 1133 iis,
1541 1096 1658 1137 quae
1674 1081 1795 1123 dicta
1816 1087 1940 1132 sunt,

315 1177 384 1214 ea,
404 1162 570 1217 quibus
587 1169 763 1205 secreto
781 1160 929 1204 iuuari
948 1175 1080 1216 posse
1096 1160 1341 1211 videretur,
1354 1174 1444 1202 non
1462 1165 1568 1202 sunt
1584 1157 1940 1201 intermittenda.

406 1241 658 1292 Postremo,
684 1238 721 1282 si
745 1238 855 1280 nihil
878 1238 1130 1294 prodesset,
1163 1236 1412 1279 mittendus
1434 1243 1503 1280 est
1524 1236 1580 1278 ad
1603 1234 1942 1291 prouincialem,

319 1332 365 1360 re
395 1317 519 1372 prius
548 1330 651 1359 cum
684 1315 782 1372 ipso
811 1315 1159 1366 communicata,
1190 1313 1277 1356 nisi
1305 1313 1556 1369 periculum
1585 1319 1705 1356 esset
1732 1312 1779 1354 in
1801 1325 1944 1356 mora.

318 1393 523 1437 Mittetur
548 1408 656 1437 vero
679 1407 781 1436 cum
806 1391 957 1448 aliquo
980 1390 1295 1447 probatissimo
1317 1389 1458 1441 socio,
1485 1388 1748 1445 praesertim
1771 1387 1808 1431 si
1837 1387 1946 1431 alias

318 1472 373 1514 ad
406 1470 679 1515 Societatem
712 1476 832 1514 esset
865 1469 1071 1520 idoneus,
1104 1467 1270 1522 alioqui
1293 1468 1418 1510 solus
1446 1466 1562 1509 mitti
1591 1473 1758 1522 posset,
1790 1465 1870 1508 sed
1900 1465 1946 1508 in

316 1548 473 1590 habitu
499 1556 648 1592 tamen
667 1546 876 1598 seculari,
896 1553 942 1589 et
959 1546 1131 1600 absque
1148 1544 1329 1596 viatico,
1350 1543 1396 1586 in
1415 1541 1842 1600 peregrinationem,
1863 1541 1948 1585 nisi

318 1640 372 1669 ex
395 1625 621 1682 praesenti
643 1624 812 1667 iudicio
834 1623 963 1666 aliter
987 1629 1171 1665 censeat
1194 1629 1352 1665 rector.

407 1702 455 1747 Si
495 1710 646 1746 tamen
680 1701 979 1757 resipisceret,
1014 1700 1090 1755 qui
1123 1698 1382 1742 huiusmodi
1415 1705 1501 1751 est,
1535 1704 1656 1742 esset
1688 1710 1792 1739 cum
1825 1695 1949 1739 omni

319 1780 559 1831 suauitate,
586 1787 722 1835 atque
745 1778 882 1822 animi
905 1777 1131 1820 hilaritate
1154 1776 1465 1832 excipiendus.

408 1858 665 1912 Nullusque
701 1870 863 1900 sensus
901 1861 1019 1899 esset
1056 1853 1276 1910 superiori
1314 1852 1594 1904 retinendus,
1630 1852 1703 1896 vel
1734 1848 1948 1895 memoria
1986 1835 1995 1849 ⁹

320 1935 619 1991 significanda
650 1933 1019 1990 praeteritorum,
1060 1932 1181 1986 quod
1214 1931 1348 1974 simul
1379 1930 1425 1972 in
1459 1929 1556 1972 aliis
1589 1928 1800 1972 omnibus
1830 1933 1950 1971 esset
1991 1951 1994 1954 ·

320 2013 570 2054 curandum
594 2011 853 2067 diligenter.

409 2091 465 2131 Et
494 2096 644 2132 tamen
673 2095 793 2131 esset
824 2086 1059 2130 commode
1092 2086 1361 2137 curandum,
1399 2092 1447 2127 vt
1476 2083 1671 2139 aliquam
1700 2081 1951 2138 susciperet

323 2165 646 2222 poenitentiam
671 2164 897 2220 publicam
922 2164 977 2206 ad
1007 2163 1194 2205 fratrum
1226 2161 1584 2206 aedificationem
1617 2160 1688 2204 187
1712 2166 1758 2203 et
1785 2158 1951 2202 confir-

323 2242 583 2293 mationem,
610 2240 872 2297 praesertim
896 2240 933 2283 si
956 2254 1027 2283 res
1051 2239 1210 2282 fuisset
1232 2238 1442 2281 omnibus
1464 2237 1716 2281 manifesta.

413 2319 487 2362 Ad
510 2333 603 2370 eos,
625 2317 701 2373 qui
724 2331 807 2360 nec
825 2318 1004 2373 placent
1024 2316 1225 2368 omnino,
1246 2329 1332 2360 nec
1351 2314 1606 2371 displicent,
1628 2313 1868 2364 iuuandos,
1889 2310 1955 2354 vti

324 2395 487 2452 poterit
510 2395 715 2450 superior
738 2403 862 2450 parte
885 2393 1142 2449 praedictae
1173 2392 1487 2435 institutionis.
1520 2391 1665 2435 Vnice
1693 2398 1843 2433 autem
1875 2389 1954 2432 ad-

325 2473 555 2515 iuuabitur
578 2471 818 2527 negocium
843 2473 928 2513 hoc
952 2470 1036 2514 Dei
1060 2470 1221 2526 gratia,
1255 2484 1389 2524 quam
1417 2469 1602 2513 habebit
1630 2467 1835 2524 superior
1856 2466 1929 2510 effi
1946 2490 1955 2496 ·

327 2564 499 2601 cacem,
526 2549 562 2592 si
585 2548 670 2591 sibi
693 2563 781 2591 non
806 2548 939 2592 desit.

422 2626 730 2670 Adiuuabitur
773 2624 1052 2667 orationibus
1095 2631 1140 2667 et
1181 2623 1414 2667 sacrificiis
1458 2623 1645 2667 rectoris
1688 2629 1733 2666 et
1775 2620 1956 2677 collegii
1977 2639 1989 2653 ·-

331 2704 484 2747 totius.

416 2779 725 2822 Adiuuabitur
762 2778 830 2821 his
868 2777 1256 2825 instructionibus,
1298 2777 1481 2820 Christo
1519 2775 1737 2832 propitio,
1777 2782 1822 2818 et
1860 2774 1960 2818 aliis

332 2865 559 2913 praeterea
581 2855 831 2907 industriis,
855 2869 968 2910 quas
992 2851 1220 2898 rectorem
1237 2854 1466 2896 docebunt
1483 2867 1554 2896 res
1577 2859 1837 2909 praesentes
1854 2865 1958 2894 cum

402 3035 419 3050 ἢ
469 3024 546 3058 alii
565 3034 640 3058 ms.

1961 248 1991 285 ’ἀ
2020 243 2024 268 ³

1967 287 1991 305 Ι,Ἰ
2020 296 2022 300 ’

395 314 504 367 Sed,
536 328 639 357 cum
660 314 761 356 *hae
783 311 1097 368 exemptiones
1125 311 1307 362 dantur,
1339 309 1692 366 significandum
1722 308 1938 353 fratribus
2021 323 2025 353 ὲ
