2028 3426
687 213 1124 248 SUPPLEMENTUM—zz
1604 214 1671 258 817

90 326 195 355 cum
219 312 427 356 audirent
449 314 745 356 Xanthenum
768 314 813 356 in
838 313 1043 356 Prusiam
1074 328 1230 369 parare
1259 313 1600 369 profectionem,
1627 329 1719 357 non

92 388 341 431 dubitarint
371 404 547 432 omnem
579 390 662 445 piis
684 390 882 445 polliceri
921 404 1119 446 operam,
1151 398 1199 432 vt
1230 391 1491 433 mandatum
1522 393 1607 433 hoc
1632 393 1717 434 Pa—

93 472 211 508 trum
241 467 299 508 ob
329 467 543 522 temporis
572 475 617 509 et
646 466 732 509 loci
762 466 980 509 rationem
1016 474 1268 511 reuocetur.
1307 468 1429 511 Ante
1467 483 1609 510 annos
1639 468 1713 510 ali>

93 549 203 597 quot
225 558 251 585 a
274 532 587 599 nouimagensi
627 551 788 586 senatu
817 557 949 586 nemo
978 545 1063 585 hoc
1085 550 1384 599 expectasset.
1412 544 1552 587 Nouit
1577 546 1629 586 R.
1659 546 1712 588 Ρ.

93 620 358 663 Leonardus
401 622 429 671 ¹,
471 619 741 663 coloniensis
778 620 957 676 collegii
996 627 1166 673 rector,
1208 620 1315 675 quid
1353 620 1414 662 illi
1454 621 1717 677 contigerit.

93 695 239 751 Quid?
271 684 319 738 si·
342 711 478 747 nunc,
515 696 612 740 eius
641 696 841 739 criminis
874 696 1148 752 poenitentia
1181 697 1321 753 ducti,
1354 698 1471 738 Vltro
1504 698 1716 750 offerunt,

92 773 215 826 quod
245 779 368 824 tunc,
392 772 556 827 rogati,
583 772 768 828 indigne
800 780 1083 828 respuerunt,
1110 773 1321 815 audiendi
1351 788 1438 815 non
1470 775 1596 815 sunt?
1619 775 1719 816 Au-

93 849 291 900 diantur,
318 863 503 904 quaeso,
530 849 606 903 qui
630 864 751 892 nunc
775 849 910 892 vitam
934 864 1015 905 pro
1039 849 1127 892 aris
1150 857 1193 893 et
1223 849 1334 892 focis
1363 857 1613 905 exponunt,
1639 865 1719 905 pro

94 940 203 982 rege
227 932 273 968 et
295 925 532 981 religione,
558 934 602 968 et
625 927 928 981 gubernatore
958 927 1138 969 Albano
1166 927 1198 983 ²,
1225 941 1367 981 Vsque
1401 928 1457 969 ad
1485 927 1721 982 sanguinis

93 1002 359 1046 effusionem
378 988 625 1046 decertant.
649 1003 909 1059 Recipiatur
927 1010 971 1047 et
989 1018 1086 1046 mea
1105 1018 1184 1058 pro
1204 1005 1256 1046 P.
1278 1005 1537 1055 Xantheno,
1560 1018 1693 1058 quam
1707 1028 1720 1033 -

97 1079 164 1122 uis
192 1080 318 1122 nullo
356 1080 565 1123 beneficii
588 1095 757 1136 genere
787 1095 887 1122 sum
919 1080 1205 1135 promeritus,
1233 1080 1518 1136 supplicatio.
1558 1082 1722 1124 Vtatur

94 1156 214 1205 illius
238 1171 373 1212 opera
398 1156 820 1200 Reuerendissimus
844 1157 888 1198 in
913 1156 1202 1200 restituendis
1225 1156 1341 1198 viuis
1374 1157 1567 1212 templis,
1593 1157 1724 1199 cuius

93 1248 174 1288 per
206 1241 344 1276 totam
375 1235 469 1277 fere
498 1233 712 1277 diocesim
743 1242 788 1276 et
826 1234 992 1289 templa
1022 1233 1196 1288 direpta
1224 1242 1352 1285 sunt,
1389 1241 1434 1277 et
1462 1241 1723 1276 ornamenta

95 1310 202 1365 igne
241 1311 494 1361 combusta,
527 1319 571 1352 et
601 1310 808 1353 homines
832 1310 992 1352 misere
1021 1310 1211 1352 seducti.
1253 1310 1574 1352 Ruremundae
1602 1311 1723 1365 plus—

95 1401 229 1441 quam
262 1386 432 1429 turcica
464 1387 667 1429 barbarie
697 1386 920 1429 saeuitum
944 1394 1013 1429 est
1042 1386 1087 1428 in
1118 1394 1259 1428 totum
1284 1387 1470 1438 clerum,
1502 1386 1546 1428 in
1577 1387 1721 1430 eccle-

94 1463 185 1506 sias
207 1471 253 1506 et
275 1463 564 1507 monasteria.
601 1475 650 1516 17
675 1463 950 1505 carthusiani
977 1463 1129 1519 gladio
1159 1463 1297 1505 occisi
1326 1470 1446 1505 sunt.
1480 1465 1600 1506 Inter
1628 1477 1724 1505 car-

95 1539 329 1582 thusianos
352 1555 469 1582 vnus
499 1556 553 1583 ex
583 1539 781 1595 episcopi
811 1539 1046 1582 sacellanis
1069 1539 1247 1591 cecidit,
1275 1540 1386 1582 alter
1414 1539 1484 1582 bis
1513 1539 1724 1582 astrictus

93 1617 256 1672 laqueo
287 1629 366 1659 Ioo
389 1617 554 1659 daleris
577 1631 624 1659 se
642 1616 848 1660 redemit.
869 1616 1078 1672 Episcopi
1097 1617 1258 1658 domus
1277 1623 1370 1658 tota
1388 1618 1619 1659 confracta
1637 1624 1721 1660 est.

93 1694 141 1734 In
166 1693 290 1735 hisce
314 1693 444 1735 malis
467 1695 630 1736 habeat
654 1700 841 1735 sanctus
863 1692 1102 1748 episcopus
1134 1694 1220 1734 hoc
1252 1708 1276 1734 a
1305 1693 1533 1736 Societate
1561 1707 1744 1755 conso—-

90 1768 287 1822 lationis,
308 1776 357 1810 vt
380 1769 448 1810 vir
471 1768 544 1810 ille
567 1783 657 1810 non
681 1769 934 1823 denegetur
958 1769 1005 1812 S.
1040 1767 1171 1819 Rfffie,
1199 1783 1330 1823 quem
1362 1768 1486 1823 cupit
1516 1768 1721 1810 nouima·

91 1845 299 1900 gensium
324 1853 368 1889 et
392 1847 557 1896 clerus,
585 1853 628 1887 et
653 1846 795 1900 plebs,
821 1852 865 1888 et
888 1852 1087 1888 senatus,
1116 1846 1260 1886 Erunt
1285 1844 1374 1896 alii,
1400 1845 1476 1899 qui
1507 1846 1564 1887 ad
1589 1847 1722 1887 Prus-

92 1922 204 1964 siam
228 1922 481 1965 mittantur.
506 1921 717 1965 Perficiat
741 1936 856 1977 opus
874 1923 961 1964 hoc
979 1921 1176 1977 pietatis,
1198 1922 1275 1975 qui
1293 1921 1475 1976 incepit.
1496 1922 1590 1965 Suo
1610 1929 1723 1963 tem-

94 2013 202 2053 pore
232 1998 385 2041 licebit
420 2000 715 2042 Xanthenum
747 1998 833 2040 alio
862 1999 1090 2054 ablegare,
1122 2005 1170 2039 vt
1208 1998 1387 2049 evellat,
1423 2005 1468 2040 et
1500 1998 1720 2050 destruat,

92 2075 299 2119 aedificet
322 2083 366 2119 et
388 2076 577 2131 plantet.
605 2076 732 2118 Deus
751 2075 861 2130 Opt.
888 2077 1007 2117 Max.
1036 2076 1089 2116 T.
1118 2076 1169 2117 R.
1198 2074 1414 2118 ecclesiae
1433 2089 1541 2117 suae
1565 2082 1608 2118 et
1632 2076 1719 2118 So-

93 2152 243 2196 cietati
266 2152 343 2194 diu
375 2159 529 2195 seruet
557 2152 844 2195 incolumem.
881 2151 1097 2194 Miserum
1127 2158 1295 2193 statum
1327 2150 1551 2194 inferioris
1588 2151 1724 2193 huius

93 2228 354 2283 prouinciae
378 2229 430 2270 T.
459 2230 513 2270 R.
541 2227 584 2269 in
608 2228 822 2282 precibus
852 2235 897 2270 et
927 2227 1201 2282 quotidianis
1230 2227 1462 2269 sacrificiis
1492 2241 1723 2270 commen-
1778 2215 1782 2218 ’

93 2305 249 2348 datum
273 2306 440 2348 habere
460 2304 583 2349 velit.

183 2381 395 2433 Xanthis,
422 2397 449 2438 o
472 2381 751 2436 Septembris
775 2396 893 2423 anno
914 2379 1080 2437 [1§]72.

183 2460 236 2501 T.
263 2458 381 2501 Rfiae
405 2458 596 2501 seruitor
619 2457 1058 2512 obsequiosissimus,

951 2534 1218 2577 GERARDUS
1244 2537 1483 2578 BUSAEUS.

1160 2612 1245 2653 Th.
1342 2611 1408 2654 Li.

186 2688 443 2743 Inscriptio.
471 2688 731 2730 Admodum
755 2687 869 2728 Rdo.
898 2686 941 2728 in
967 2687 1150 2730 Christo
1173 2688 1225 2729 P.
1252 2686 1530 2742 Hieronymo
1554 2688 1721 2739 Natali,

97 2764 312 2819 theologo
329 2771 374 2807 et
396 2763 565 2806 vicario
588 2762 828 2807 Societatis
845 2765 967 2819 Jesu.
990 2765 1177 2807 Romae.
1203 2764 1348 2806 Adest
1370 2763 1582 2819 sigillum.

168 2887 177 2906 ¹
230 2887 433 2922 Kesselius
451 2888 635 2931 (Kessel).

164 2948 178 2966 ‘2
229 2945 498 2981 Ferdinandus
514 2947 682 2980 Alvarez
695 2945 744 2980 de
763 2945 922 2991 Toledo,
942 2945 1021 2980 dux
1041 2946 1231 2990 Albanus,
1252 2944 1300 2979 de
1319 2956 1396 2990 quo
1416 2945 1568 2991 saepius
1588 2946 1626 2980 in
1649 2952 1729 2981 ter-

95 3003 150 3038 tio
169 3004 367 3039 volumine
386 3005 637 3051 epistolarum
658 3004 808 3039 Natalis
823 3004 970 3039 dictum
989 3010 1065 3039 est.

276 3069 388 3097 Emsr.
409 3069 450 3096 P.
476 3068 611 3102 NADAL,
631 3076 707 3097 τοΜ.
729 3068 789 3096 IV.
1515 3069 1550 3096 53
