2028 3426
687 194 1022 229 INs‘rRUCTmNEs
1031 192 1112 227 ——61
1600 199 1669 235 427

43 297 48 300 “
87 292 463 336 aedificationem.
491 294 703 336 Enitatur
726 302 893 347 autem,
920 302 968 337 vt
989 294 1036 336 in
1059 293 1180 337 omni
1197 307 1281 336 suo
1298 292 1549 352 ministerio
1568 293 1715 336 Deum

88 369 291 413 inueniat
315 369 409 412 vtili
433 371 581 425 aliqua
604 371 910 415 meditatione.

174 432 449 490 'Vniuersum
473 448 715 503 collegium
739 449 877 491 corde
894 456 1045 504 gestet
1071 448 1117 490 in
1145 447 1395 490 visceribus
1418 446 1648 489 charitatis
1669 446 1714 488 in

90 523 288 575 Christo,
314 524 517 578 illudque
544 524 590 566 in
620 525 823 567 oratione
851 533 986 580 atque
1014 525 1180 569 vnione
1211 539 1315 567 cum
1343 526 1441 566 Deo
1470 530 1711 573 sustentet3

87 599 132 641 in
157 615 246 655 qua
269 600 451 654 quidem
474 602 637 645 offerre
659 601 770 643 illud
793 610 928 657 atque
951 602 1077 644 vnire
1099 604 1198 645 Deo
1220 601 1371 644 debet.

176 677 345 719 Tradat
367 691 415 720 se
439 684 582 719 totum
608 678 927 733 gubernationi
950 678 1147 733 collegii,
1172 678 1439 732 nullumque
1458 684 1636 732 tempus
1654 678 1714 719 al-

89 752 171 794 teri
196 752 267 796 153
291 753 578 809 occupationi
601 753 784 806 tribuat,
811 756 932 809 quod
955 755 1011 797 sit
1040 754 1103 796 illi
1131 754 1454 805 necessarium,
1488 760 1565 795 aut
1594 754 1714 795 vnde

39 850 42 851 ⁷
87 829 407 873 detrimentum
431 830 624 885 patiatur
648 830 717 872 sui
742 831 881 873 officii
902 831 1186 886 gubernatio,
1208 831 1288 874 sed
1303 830 1455 886 potius
1473 837 1602 873 curet
1619 829 1713 884 ipse

87 920 187 949 sese
209 907 265 949 ad
288 907 407 949 hanc
430 906 605 949 Vnicam
631 921 785 950 curam
809 908 1039 963 colligere3
1066 922 1156 950 non
1179 907 1298 951 enim
1323 906 1454 949 facile
1478 906 1585 948 huic
1610 921 1710 948 mu-

42 1022 45 1024 Α
87 982 184 1024 neri
207 982 584 1038 superintendens
607 984 830 1027 vtiliorem
853 984 984 1026 aliam
1006 983 1348 1039 occupationem
1371 982 1589 1026 inueniet.

174 1060 278 1102 Non
300 1060 446 1102 solum
470 1060 815 1116 superintendat
836 1061 1104 1116 inquirendo
1127 1062 1183 1103 de
1205 1062 1341 1104 rebus
1364 1060 1487 1115 ipsis,
1513 1060 1592 1102 sed
1615 1059 1711 1115 ipse

87 1150 169 1190 per
191 1151 240 1179 se
262 1136 427 1188 videat,
454 1144 498 1180 et
520 1138 731 1180 obseruet
753 1137 847 1180 suis
876 1137 1168 1193 temporibus,
1195 1136 1302 1192 quid
1331 1136 1453 1179 omni
1481 1136 1525 1177 in
1561 1135 1712 1178 officio

47 1220 52 1224 '
86 1219 131 1255 et
160 1213 261 1255 loco
291 1221 468 1269 agatur,
503 1221 550 1255 vt
578 1214 690 1256 sciat
718 1215 1098 1269 quemadmodum
1128 1229 1207 1270 pro
1230 1228 1312 1257 suo
1335 1228 1523 1257 munere
1552 1213 1712 1255 melius

87 1290 222 1332 rebus
245 1289 436 1346 singulis
459 1291 822 1346 prospiciendum
851 1291 922 1333 sit.

177 1367 307 1421 Quae
329 1367 554 1410 ordinarie
575 1367 660 1409 sibi
683 1368 933 1411 reseruabit
956 1367 1350 1423 superintendens,
1371 1366 1581 1409 videntur
1598 1368 1710 1408 haec

86 1457 187 1487 esse
208 1457 359 1498 posse,
386 1458 501 1498 quae
523 1451 790 1499 sequuntur.

501 1563 591 1604 Res
614 1567 873 1605 reseruata&
895 1564 1292 1618 superintendenti.

174 1674 410 1717 Rationem
448 1675 753 1718 conscientiae
785 1675 975 1730 accipiet
1007 1676 1146 1718 semel
1183 1676 1229 1717 in
1265 1689 1384 1718 anno
1416 1675 1461 1716 in
1495 1675 1709 1717 alterutra

84 1758 296 1794 votorum
322 1752 630 1795 renouatione:
658 1759 767 1794 tunc
789 1752 907 1795 enim
926 1752 1127 1795 omnium
1145 1753 1383 1808 generales
1400 1751 1709 1794 confessiones

34 1862 38 1866 Α
83 1827 240 1872 audire
262 1828 397 1872 debet
424 1830 452 1880 ¹,
473 1836 517 1872 et
539 1828 585 1871 in
608 1829 895 1872 confessione
917 1829 1135 1872 rationem
1158 1829 1464 1872 conscientiae
1487 1828 1705 1883 accipere3

25 1899 27 1901 ¹
83 1904 160 1946 vbi
181 1919 288 1947 vero
311 1905 395 1949 erit
416 1905 556 1948 maior
578 1906 651 1950 154
669 1906 926 1958 multitudo,
948 1921 1081 1960 quam
1103 1913 1152 1948 vt
1174 1905 1374 1948 omniurn
1392 1904 1536 1960 possit
1555 1903 1709 1947 audire

23 1995 34 2029 g
86 1981 407 2033 confessiones,
428 1981 598 2038 deliget
616 1997 729 2037 quos
746 1982 804 2025 sit
821 1983 1076 2035 auditurus,
1097 1982 1294 2038 reliquos
1311 1982 1434 2025 dabit
1454 1981 1613 2024 rectori
1633 1988 1709 2023 aut

86 2055 219 2099 etiam
247 2056 427 2100 selectis
457 2058 670 2101 Patribus
703 2057 969 2102 audiendos.
994 2060 1094 2114 Ipse
1123 2065 1273 2101 tamen
1301 2058 1477 2100 etiarnsi
1506 2071 1596 2099 non
1627 2072 1733 2114 au<

24 2130 28 2191 'v
85 2132 177 2175 diat
205 2140 313 2176 tunc
342 2134 498 2189 plenas
527 2136 763 2190 generales
791 2134 1115 2187 confessiones,
1145 2134 1190 2177 in
1230 2135 1519 2178 confessione
1557 2141 1707 2177 tamen

85 2209 357 2264 particulari,
390 2210 581 2266 accipiet
608 2211 876 2267 compendio
913 2211 1131 2255 rationem
1171 2211 1491 2255 conscientiae.
1524 2211 1708 2254 Rectori

85 2300 192 2329 vero
213 2287 480 2339 committet,
507 2295 555 2330 vt
577 2288 623 2330 in
646 2289 732 2331 alia
758 2297 965 2332 votorum
989 2289 1282 2332 renouatione
1305 2289 1457 2331 audiat
1473 2289 1707 2344 generales

16 2393 19 2399 -
83 2363 404 2416 confessiones,
425 2373 470 2408 et
492 2365 710 2408 rationem
727 2366 1031 2409 conscientiae
1053 2365 1259 2421 accipiat.
1283 2366 1582 2408 Prouincialis
1601 2379 1707 2408 vero

20 2487 24 2493 ¹
84 2439 178 2494 ipse
206 2440 375 2496 deliget
403 2442 583 2496 quando
612 2442 720 2486 velit
747 2442 1053 2486 confessiones
1082 2442 1260 2486 audire.
1291 2444 1407 2485 Nam
1432 2444 1602 2485 Romae
1625 2455 1705 2496 ge-

78 2516 250 2560 neralis
272 2532 366 2559 non
388 2518 562 2560 solebat
585 2518 723 2561 totius
745 2519 902 2563 saltem
933 2519 1113 2575 collegii
1140 2520 1448 2562 confessiones
1479 2518 1646 2560 audire.

173 2594 243 2636 Ne
265 2593 366 2648 quis
388 2595 523 2637 domo
545 2602 683 2637 noctu
706 2603 852 2647 exeat,
879 2610 995 2638 neue
1016 2596 1313 2652 ingrediatur,
1339 2596 1435 2651 ipso
1457 2594 1613 2636 inscio.

173 2671 243 2712 Ne
260 2670 411 2712 cibum
429 2679 609 2714 sumant
625 2680 752 2714 extra
768 2672 1008 2728 collegium
1028 2674 1198 2727 absque
1217 2672 1313 2716 eius
1325 2672 1555 2721 facultate,
1573 2684 1709 2724 quam·

26 2800 30 2803 Ι
84 2744 180 2800 ipse
202 2746 429 2789 rarissime
451 2749 686 2799 concedet,
711 2748 847 2803 idque
869 2749 926 2790 ob
950 2750 1263 2792 vehementem
1287 2748 1481 2802 aliquam
1506 2760 1703 2796 causam,

43 2863 45 2865 ,
85 2822 158 2865 vel
179 2822 395 2865 eximium
419 2824 635 2866 fructum.

135 2988 146 3008 ¹
196 2987 295 3023 Vide
314 3000 442 3034 supra,
462 3000 549 3035 pag.
569 2998 651 3034 402,
674 2994 804 3025 annot.
829 2997 860 3024 1.
