2028 3426
619 273 892 308 MONUMENTA
918 273 1134 307 ITALIAE-
1144 281 1185 318 19
1600 275 1665 310 183

12 430 13 434 Ἰ
95 375 178 418 fuit
200 373 488 430 prouincialis
515 373 562 415 in
591 374 815 425 Flandria,
841 381 886 417 et
917 373 1121 416 visitator
1158 374 1204 416 in
1233 374 1398 428 Gallia,
1431 376 1516 418 fuit
1543 378 1712 422 Romae

9 453 13 507 ζ
34 462 43 511 j
94 450 308 494 assistens
326 464 428 493 cum
451 451 505 493 P.
532 450 774 493 Francisco
795 451 850 493 de
874 450 1057 506 Borgia,
1082 450 1325 506 praeterito
1348 452 1549 507 generali
1567 453 1712 498 bonae

34 583 42 591 .
93 525 351 579 memoriae,
377 526 521 568 donec
550 526 684 568 modo
721 541 801 582 per
827 526 913 571 Dei
946 527 1137 583 gratiam
1171 533 1239 571 est
1275 527 1446 570 electus
1469 529 1707 584 generalis,

93 603 196 658 quia
217 604 333 646 bene
355 602 542 645 meritus
562 603 618 644 de
641 602 882 647 Societate.

182 680 321 723 Sexta
343 678 473 731 ratio,
499 678 604 734 quia
626 693 682 721 ex
703 681 788 722 hac
811 679 1030 723 electione
1052 680 1222 724 tollitur
1250 681 1428 724 occasio
1456 682 1713 725 ambitionis

94 763 138 801 et
158 755 304 798 omnis
325 755 514 811 suspitio
538 756 653 799 mala
675 755 924 808 nationum,
952 757 1246 800 confirmatur
1267 757 1463 800 maxima
1485 758 1592 801 vnio
1615 759 1713 801 ani-

13 888 15 897 Ι
94 845 268 874 morum
294 838 339 875 et
363 831 560 875 charitas
582 839 740 875 mutua
762 832 962 875 omnium
985 840 1296 876 conseruatur.
1331 835 1585 879 Paternitas
1613 850 1710 887 sua,

12 916 15 975 ζ
50 924 52 926 ·
94 916 142 952 vt
179 915 248 953 est
290 908 539 965 benignus,
580 908 739 965 diliget
776 924 931 952 omnes
968 917 1013 954 et
1054 910 1280 966 singulos,
1320 919 1365 954 et
1406 912 1620 968 diligetur
1657 912 1713 955 ab

94 985 319 1037 omnibus,
344 985 441 1028 sine
469 999 764 1041 personarum
796 986 1075 1042 acceptione,
1107 989 1163 1030 ad
1191 988 1380 1043 gloriam
1408 988 1493 1033 Dei
1518 996 1564 1033 et
1591 990 1712 1032 salu—

95 1069 182 1105 tem
205 1061 470 1106 animarum.

182 1138 384 1194 Septima
407 1138 537 1190 ratio,
564 1139 836 1194 sperandum
859 1146 928 1181 est
956 1139 1081 1182 illum
1112 1142 1207 1184 fore
1236 1141 1543 1197 gratissimum
1571 1142 1714 1199 impe—

97 1214 231 1258 ratori
255 1222 300 1259 et
324 1214 533 1257 omnibus
561 1215 746 1271 regibus
768 1222 814 1258 et
834 1215 1113 1272 principibus
1135 1217 1407 1270 christianis,
1431 1219 1713 1275 potissimum

95 1291 377 1334 sanctissimo
399 1293 518 1334 Dno.
545 1291 769 1347 Gregorio
799 1293 917 1344 XIII,
945 1292 1097 1336 Pont.i
1119 1294 1282 1347 Max.⁰,
1309 1295 1413 1350 quia
1440 1310 1522 1339 sua
1544 1296 1688 1339 sancti
1707 1314 1725 1326 --

62 1375 161 1411 <tas
184 1368 331 1412 orauit
352 1370 500 1411 Deum
526 1370 636 1425 Opt.
662 1371 781 1412 Max.
817 1376 863 1412 et
891 1370 1118 1414 celebrare
1147 1371 1254 1415 fecit
1282 1372 1462 1416 missam
1491 1373 1547 1416 de
1570 1373 1712 1429 Spiri-

58 1442 61 1446 ’
95 1452 142 1492 tu
172 1453 332 1489 sancto
370 1460 452 1501 pro
482 1447 566 1488 hac
605 1445 625 1463 a
657 1446 894 1499 electione,
933 1454 982 1488 vt
1016 1448 1212 1503 optimus
1247 1449 1508 1505 eligeretur,
1545 1458 1590 1492 et
1627 1450 1711 1492 fuit

93 1522 341 1566 exauditus.
366 1522 436 1567 Sit
456 1524 583 1565 Deus
604 1522 870 1566 benedictus
892 1523 937 1566 in
961 1525 1140 1568 saecula
1157 1527 1456 1568 saeculorum.
1482 1528 1648 1570 Amen.

179 1601 236 1642 In
257 1598 328 1653 4.ει
344 1605 459 1656 pag.
477 1600 567 1657 fol.
595 1598 720 1652 184v‚
745 1600 904 1656 ignota
926 1601 1051 1644 nobis
1074 1617 1231 1644 manu:
1257 1603 1500 1646 «Rationes
1517 1605 1713 1659 proban-

15 1722 17 1730 ,
64 1660 67 1665 ³
95 1684 163 1721 tes
187 1684 279 1734 opt.
307 1676 446 1719 fuisse
467 1677 733 1721 electionem
753 1679 805 1720 Ρ.
831 1679 887 1721 Ν.
915 1679 1180 1722 Euerardi.»

15 1735 17 1747 Ι
180 1754 286 1796 Alia
308 1768 449 1796 mann
473 1755 576 1796 item
601 1754 773 1810 ign-ata:
808 1754 863 1811 <‹†
889 1757 941 1797 P.
968 1755 1229 1800 Bobadillae
1247 1756 1462 1812 scriptum
1488 1766 1588 1813 post
1622 1759 1711 1802 ele-

94 1830 288 1874 ctionem
312 1832 365 1873 R.
393 1832 446 1874 P.
475 1830 691 1873 Euerardi
714 1831 953 1886 generalis.
975 1831 1206 1875 Dictatum
1225 1841 1375 1877 autem
1395 1841 1463 1876 est
1479 1835 1534 1876 ab
1553 1836 1710 1878 eodem

96 1908 147 1950 Ρ.
177 1907 426 1959 Bobadilla,
452 1923 478 1949 a
510 1921 599 1962 quo
620 1914 666 1949 et
682 1906 898 1962 scriptum
923 1915 968 1951 et
990 1909 1145 1951 datum
1176 1910 1228 1952 P.
1262 1910 1453 1953 Claudio
1484 1913 1715 1956 Matthaeo

95 1983 360 2039 prouinciali
395 1981 685 2038 Aquitaniae,
718 1984 849 2039 cujus
886 1984 1169 2041 infrascripta
1207 1997 1367 2030 manus
1395 1994 1507 2031 est.»
1540 1989 1608 2030 Ex
1644 1988 1716 2031 his

95 2060 190 2103 erui
212 2061 393 2103 videtur
415 2062 500 2102 hoc
524 2061 750 2116 exemplar
773 2074 872 2103 esse
894 2063 1206 2118 archetypum,
1232 2078 1256 2106 a
1277 2065 1327 2106 P.
1350 2065 1583 2108 Matthaeo
1605 2066 1715 2107 sub—

96 2137 311 2192 scriptum
334 2144 379 2180 et
402 2152 428 2179 a
452 2139 503 2180 P.
531 2137 764 2180 Bobadilla
787 2138 1074 2181 emendatum
1112 2139 1158 2180 in
1187 2154 1279 2182 uno
1306 2141 1421 2183 loco.
1456 2142 1533 2185 Illa
1565 2149 1715 2186 autem

98 2215 233 2258 verba
259 2214 415 2269 «cujus
443 2213 729 2269 infrascripta
759 2228 918 2256 manus
946 2221 1039 2258 est»
1072 2215 1270 2260 indicare
1299 2216 1509 2261 videntur
1538 2221 1716 2261 Patrem

98 2291 373 2334 Matthaeum
392 2289 713 2345 subscripsisse
735 2290 1074 2342 documentum,
1100 2291 1156 2333 ab
1180 2292 1329 2348 aliquo
1357 2293 1537 2337 librario
1560 2310 1715 2338 exara-

97 2371 207 2409 tum.
233 2366 516 2421 Subscriptio
539 2373 689 2410 aute'm
718 2366 1015 2419 desideratur,
1047 2382 1149 2410 nam
1179 2369 1321 2422 locus,
1350 2370 1425 2412 ubi
1453 2385 1551 2414 esse
1579 2372 1719 2415 deb&

96 2443 189 2496 bat,
214 2443 371 2485 forfice
399 2442 580 2485 abcisus
609 2450 694 2487 est.

166 2621 183 2638 a
230 2611 315 2645 Hoc
333 2611 446 2647 verb.
470 2610 696 2645 Bobadillae
717 2622 830 2646 manu
849 2611 1023 2648 additum
1043 2612 1210 2648 videtur.
