2028 3426
303 532 828 586 MONUMENTA
885 529 1373 583 PROVINCIAE
1422 528 1834 583 AUSTRIAE

1027 714 1102 756 47

373 811 544 855 OUAE
587 811 755 853 DIXIT
799 809 1070 853 NATALIS
1113 808 1384 854 RECTORI
1418 809 1751 853 VIENNENSI

379 856 415 866 no«

923 917 1040 967 AnNo
1069 907 1160 953 1563
1188 911 1213 947 ¹.

338 1003 608 1046 Sacerdotes
630 1002 797 1045 debent
820 1000 1037 1043 interesse
1055 998 1174 1042 tonis
1192 999 1223 1041 ²:
1251 998 1327 1054 qui
1349 1005 1501 1042 autern
1525 1014 1580 1043 ex
1603 998 1690 1041 illis
1706 1013 1798 1041 non
1817 999 1889 1041 fa·-

248 1079 368 1123 cient
392 1087 539 1131 tonos,
565 1078 609 1120 id
633 1077 715 1122 erit
738 1077 781 1119 in
807 1075 992 1119 arbitrio
1014 1075 1217 1129 rectoris,
1243 1090 1287 1118 v.
1310 1090 1355 1132 g.
1384 1075 1420 1118 si
1443 1075 1667 1118 eximatur
1686 1077 1748 1119 M.
1770 1076 1884 1119 Cor-

245 1156 390 1199 nelius
414 1158 427 1176 ³
452 1156 522 1199 vel
541 1155 693 1210 aliqui,
721 1169 834 1209 quos
857 1160 1035 1198 constet
1057 1168 1148 1196 non
1171 1167 1270 1198 esse
1292 1152 1586 1196 destinandos
1615 1153 1673 1195 ad
1695 1152 1882 1195 concio-

250 1248 343 1276 nes.
370 1233 490 1276 Idem
513 1232 597 1275 erit
620 1231 835 1274 iudicium
875 1246 932 1274 an
969 1230 1106 1287 aliqui
1144 1229 1234 1273 sint
1272 1228 1498 1274 eximendi
1526 1245 1551 1273 a
1580 1229 1888 1272 concionibus

253 1309 491 1353 refectorii.

339 1387 536 1429 Possunt
559 1386 740 1441 quidem
770 1384 931 1428 nouitii
963 1384 1117 1430 venire
1140 1385 1196 1428 ad
1229 1391 1363 1428 tonos
1396 1390 1669 1437 nostrorum3
1696 1384 1792 1435 sed,
1819 1398 1878 1426 an

248 1463 491 1507 conueniat
514 1462 698 1506 nouitiis
720 1462 858 1506 huius
886 1461 1082 1518 collegii,
1108 1461 1153 1505 id
1175 1461 1394 1505 iudicabit
1423 1460 1712 1517 prouincialis
1736 1468 1780 1504 et
1806 1474 1882 1504 re⁴

249 1547 361 1583 ctor.

336 1618 383 1659 In
413 1616 706 1669 recreatione,
733 1617 770 1660 si
793 1617 1029 1660 commode
1060 1615 1157 1659 fieri
1194 1623 1362 1672 potest,
1394 1615 1484 1658 sint
1507 1629 1664 1660 omnes
1701 1614 1748 1657 in
1787 1629 1885 1657 vno

249 1694 365 1746 loco,
393 1701 480 1736 etc.

335 1771 382 1812 In
407 1771 555 1813 danda
579 1771 892 1816 benedictione
910 1778 955 1815 et
977 1770 1225 1827 gratiarum
1263 1769 1441 1813 actione
1464 1769 1522 1812 sit
1552 1768 1739 1812 omnino
1771 1782 1886 1811 con-

250 1846 470 1890 formitas.

318 2006 327 2026 ¹
381 2007 438 2041 Ex
453 2008 680 2053 archetypo,
696 2007 847 2043 Natalis
862 2019 977 2043 manu
993 2007 1214 2050 emendato,
1230 2007 1269 2042 in
1283 2006 1418 2042 codice
1435 2006 1571 2042 Natal.
1589 2007 1707 2041 instr.
1727 2006 1887 2047 Germ„

247 2065 348 2100 foliis
370 2065 523 2110 138-145
541 2069 745 2111 (204-211).
764 2068 920 2103 Titulus
938 2068 988 2102 ab
1007 2067 1091 2114 ipso
1110 2067 1153 2104 P.
1174 2066 1306 2102 Natali
1325 2072 1385 2102 est
1404 2072 1601 2111 exaratus,
1627 2071 1741 2112 prout
1765 2065 1888 2100 anirn-

249 2124 489 2161 advertimus
508 2126 546 2161 in
567 2127 750 2163 Monam.
778 2128 977 2174 Paedag.,
998 2137 1086 2173 pag.
1108 2126 1191 2171 798,
1211 2126 1291 2172 ubi,
1317 2137 1417 2173 quae
1442 2125 1489 2160 ad
1515 2125 1644 2161 studia
1670 2125 1887 2172 pertinent,

248 2184 362 2218 simul
382 2186 547 2220 collecta
567 2186 771 2224 edidimus.
794 2187 854 2221 De
874 2191 1062 2232 tempore,
1083 2197 1160 2232 quo
1179 2186 1275 2220 haec
1293 2184 1437 2231 scripta
1455 2191 1545 2220 sunt
1564 2195 1586 2219 a
1605 2184 1647 2219 Ρ.
1669 2183 1812 2227 Natali,
1829 2184 1882 2219 nil

248 2243 361 2278 nobis
386 2243 481 2279 dicit
507 2257 622 2280 manu
647 2245 849 2292 scriptum3
876 2245 946 2281 sed
971 2257 1019 2280 ex
1047 2245 1106 2288 iis,
1135 2256 1235 2292 quae
1260 2244 1308 2279 de
1336 2243 1567 2280 invitatione
1594 2243 1804 2278 amicorum
1836 2242 1885 2277 ad

247 2302 449 2348 prandium
470 2309 707 2351 statuuntur,
729 2305 795 2340 ubi
814 2305 994 2351 exempla
1014 2303 1155 2350 Ignatii
1170 2309 1209 2339 et
1230 2303 1369 2348 Lainii,
1389 2303 1526 2350 prioris
1540 2302 1697 2350 quidem
1717 2302 1756 2337 in
1776 2313 1885 2348 prae-

248 2362 378 2407 terito,
399 2363 559 2398 secundi
579 2370 708 2400 autem
729 2365 767 2399 in
786 2364 995 2411 praesenti,
1022 2363 1280 2408 adducuntur,
1299 2362 1348 2398 de
1367 2362 1540 2398 editione
1567 2362 1654 2397 libri
1680 2360 1886 2397 exercitio-

249 2433 331 2456 rum
358 2427 397 2456 et
422 2433 469 2456 ex
495 2423 580 2457 aliis
606 2423 775 2470 indiciis,
799 2429 858 2459 sat
876 2425 980 2459 clare
999 2423 1082 2459 erui
1107 2422 1261 2458 videtur
1279 2423 1353 2458 hoe
1372 2427 1665 2457 monumentum
1684 2421 1732 2456 ad
1757 2421 1885 2467 inspe-

247 2479 416 2514 ctionem
436 2482 592 2526 collegii
612 2482 932 2528 vindobonensis,
949 2494 970 2517 a
985 2482 1114 2518 Natali
1129 2483 1202 2517 sub
1217 2482 1260 2517 P.
1278 2480 1427 2525 Laini0‚
1443 2480 1607 2524 scilicet,
1623 2485 1773 2515 aestate
1792 2479 1884 2515 anni

251 2538 353 2584 1563,
375 2540 585 2586 peractam,
607 2547 799 2588 spectare.

317 2603 330 2620 ⁹
381 2600 481 2635 Toni
500 2600 539 2636 in
559 2602 755 2637 Societate
775 2602 958 2637 dicuntur
975 2601 1280 2637 exercitationes
1298 2599 1593 2636 declamationis
1621 2600 1695 2635 sub
1719 2599 1885 2635 formula

246 2658 411 2704 quadam
429 2661 640 2704 communi,
660 2661 698 2696 in
717 2673 791 2708 qua
810 2661 990 2696 diversae
1009 2660 1178 2696 rationes
1196 2660 1410 2696 affectuum
1430 2658 1770 2706 exprimendorum
1795 2669 1884 2694 con-

248 2717 434 2756 tinentur.
461 2719 581 2754 Hisce
607 2721 880 2755 communibus
905 2721 1006 2756 tonis
1031 2719 1223 2756 accedunt
1247 2719 1323 2755 alia
1346 2719 1533 2755 exercitia
1552 2717 1800 2765 particularia
1818 2717 1884 2754 de-

248 2777 439 2812 clamandi
458 2789 506 2813 ex
526 2784 699 2825 ternpore
718 2779 766 2814 de
785 2779 913 2826 aliquo
932 2785 1163 2825 argumento
1181 2791 1203 2814 a
1221 2778 1532 2814 moderatoribus
1551 2778 1764 2824 assignato.

320 2837 334 2856 ⁵
384 2837 427 2872 P.
460 2837 665 2873 Cornelius
696 2839 1006 2883 Brogelmannus
1038 2839 1340 2884 (Brogelmans),
1368 2838 1434 2885 qui
1460 2838 1498 2873 in
1525 2838 1702 2883 catalogo
1727 2836 1884 2883 collegii

248 2894 552 2931 vindobonensis
571 2897 661 2932 anni
684 2897 773 2941 1566
791 2897 933 2932 dicitur
956 2897 1218 2933 confessarius
1241 2897 1417 2943 fratrum3
1444 2903 1483 2932 et
1507 2896 1609 2944 apud
1633 2897 1885 2941 POLANCUM,

250 2952 412 2994 Clzron„
439 2955 504 2999 VI,
532 2955 577 2990 23
604 2962 642 2991 et
668 2966 729 3000 40,
756 2956 1038 3002 professionem
1065 2968 1086 3002 4
1111 2964 1291 2993 votorum
1315 2956 1353 2992 in
1379 2956 1505 2992 Lainii
1532 2955 1710 2991 manibus
1736 2955 1886 2990 Romae

248 3024 347 3046 anno
372 3014 459 3056 1556
479 3013 649 3049 edidisse
669 3014 804 3050 fertur.
825 3014 886 3052 Cf.
908 3016 1263 3058 BRAUNSBERGER‚
1284 3017 1358 3051 loc.
1377 3016 1461 3058 cit.‚
1482 3015 1551 3058 III,
1569 3015 1651 3059 760.
