2028 3426
701 274 1130 312 INsrRucronEs—61
1613 271 1686 318 403

86 390 207 423 -rum
229 377 540 429 offensionem,
565 377 621 421 de
643 373 808 432 quibus
832 376 1089 432 respondet.
1116 373 1197 419 Sin
1224 374 1336 416 nihil
1364 373 1420 418 92
1448 374 1569 417 aliud
1596 385 1731 429 quam

99 455 206 499 illos
241 455 418 507 laudet,
460 453 588 498 facile
626 453 904 509 intelligetur
936 467 1026 496 non
1065 453 1257 494 multum
1288 451 1455 494 habere
1487 449 1732 493 authorita-

108 533 166 576 tis
200 531 299 576 eius
334 530 521 583 dietum,
555 529 632 586 qui
668 530 724 573 de
761 512 1004 572 virtutibus
1041 535 1190 584 potest
1225 528 1523 583 respondere,
1556 541 1646 569 non
1676 527 1733 570 de

102 608 248 652 vitiis.

197 686 337 741 Quod
359 690 535 728 secreto
566 683 622 727 de
657 682 869 726 Patribus
898 682 971 726 vel
999 683 1055 725 de
1084 681 1297 725 fratribus
1324 680 1628 724 intellexerint
1655 694 1733 722 su-

109 762 326 819 periores,
352 769 511 804 curent
533 767 582 803 vt
603 760 648 802 id
680 760 801 815 apud
832 774 880 803 se
902 759 1204 804 secretissime
1235 758 1474 801 retineant.
1511 759 1567 799 Et
1599 756 1733 801 iidem

103 845 283 883 :secreto
306 839 415 881 dent
437 851 617 893 operam
641 836 741 879 illos
763 835 936 890 iuuare,
962 850 1045 879 nec
1062 850 1233 888 eorum,
1255 849 1371 891 quae
1388 841 1631 886 nouerunt,
1653 833 1733 875 ali·

102 915 219 972 «quid
240 915 548 971 praeseferant
570 913 764 957 interim.
792 913 930 968 Quod
952 912 989 955 si
1011 912 1057 955 id
1079 927 1170 955 non
1191 912 1440 968 prodesset,
1459 910 1661 967 legitime
1678 911 1734 953 ad

110 992 197 1035 alia
218 990 417 1035 remedia
439 990 774 1046 procedendum
796 989 895 1033 erit.

199 1069 436 1112 Habeatur
463 1082 545 1123 pro
577 1066 765 1110 crimine
796 1065 964 1122 insigni
997 1067 1060 1123 (vt
1091 1066 1172 1121 est)
1205 1078 1486 1108 murmurare
1517 1065 1574 1108 de
1601 1079 1734 1120 supe-

107 1145 232 1198 riori,
258 1152 303 1190 et
325 1144 505 1200 quidem
529 1157 661 1187 casus
682 1143 767 1186 iste
790 1150 1047 1187 reseruatus
1069 1149 1154 1195 est,
1179 1149 1225 1186 et
1245 1157 1334 1184 vna
1361 1156 1417 1185 ex
1445 1141 1595 1185 causis
1622 1156 1734 1196 qua-

113 1229 295 1279 propter
317 1220 495 1264 excludi
518 1219 618 1275 quis
640 1235 665 1263 a
688 1219 915 1264 Societate
937 1227 1088 1275 posset
1115 1226 1159 1262 et
1188 1219 1388 1270 deberet,
1413 1218 1674 1274 praesertim
1698 1218 1735 1261 si

104 1299 371 1343 scandalum
394 1298 499 1341 inde
521 1297 618 1339 aliis
641 1298 783 1349 fieret3
810 1311 948 1352 quare
970 1303 1229 1339 constanter
1250 1302 1319 1339 est
1338 1295 1672 1350 extirpandum.

199 1377 372 1419 Curent
401 1381 598 1418 rectores
627 1388 684 1417 ne
713 1372 951 1429 quisquam
981 1374 1037 1415 de
1067 1372 1274 1415 instituto
1308 1371 1538 1428 regulisue
1570 1371 1735 1414 nostris

103 1452 326 1496 *iudicium
343 1452 472 1503 ferat,
492 1464 545 1493 ac
563 1457 742 1503 tractet,
763 1451 836 1493 vel
853 1450 1069 1506 disputet,
1091 1463 1174 1493 nec
1196 1449 1251 1492 de
1269 1449 1498 1505 superiore
1521 1448 1735 1491 dubitan-

103 1531 185 1583 (10,
210 1529 282 1572 vel
303 1527 487 1571 omnino
509 1527 556 1589 in
578 1528 740 1570 malam
763 1535 935 1583 partem
966 1526 1176 1581 aliquam.
1202 1525 1236 1568 Ii
1264 1540 1387 1577 vero,
1420 1525 1585 1581 quibus
1612 1526 1668 1570 93
1691 1525 1736 1568 in

105 1614 307 1649 ‘mentem
337 1604 544 1649 venerint
573 1603 876 1660 cogitationes
903 1602 1178 1654 huiusmodi,
1210 1603 1299 1644 hoc
1322 1602 1469 1658 ipsum
1497 1617 1578 1657 pro
1606 1601 1737 1658 graui

113 1689 322 1738 reputent
344 1681 597 1725 tentatione
623 1681 842 1723 aduersus
870 1679 1170 1731 vocationem,
1196 1686 1274 1721 aut
1296 1678 1394 1722 eius
1422 1686 1544 1723 certe
1571 1693 1736 1723 execu-

112 1759 297 1811 tionem,
329 1773 464 1814 quam
494 1757 530 1801 si
563 1757 752 1801 vicerint
780 1756 937 1799 diuino
966 1756 1148 1809 auxilio,
1179 1757 1287 1800 dent
1317 1757 1416 1799 Deo
1447 1755 1636 1811 gloriam
1669 1755 1736 1798 vi-
1771 1813 1775 1816 Ι

104 1835 300 1880 ctoriae.
326 1835 407 1880 Sin
429 1841 622 1891 pergant
644 1833 747 1878 illae
770 1848 868 1877 esse
891 1833 1123 1886 molestae,
1149 1834 1204 1875 de
1232 1832 1296 1875 eis
1319 1833 1514 1876 referant
1543 1833 1600 1875 ad
1626 1847 1738 1875 con-

108 1912 348 1956 fessarium
382 1912 454 1955 vel
486 1912 544 1954 ad
573 1910 870 1966 superiorem,
906 1924 986 1953 seu
1020 1908 1315 1962 consiliari0s,
1340 1923 1588 1964 eorumque
1619 1916 1739 1952 stent

106 1989 379 2033 sententiae.
402 1989 661 2040 Caeterum,
681 2001 785 2030 cum
802 1986 994 2043 primurn
1017 1985 1234 2041 superior,
1258 1986 1330 2028 vel
1353 1986 1634 2029 consultores
1655 1985 1738 2028 ali-

108 2065 222 2121 quid
243 2064 501 2108 huiusmodi
524 2063 925 2119 deprehenderint,
952 2070 997 2107 et
1013 2062 1205 2106 maxime
1227 2062 1445 2105 aduersus
1462 2062 1736 2116 institutum,

108 2149 160 2186 ·et
181 2141 427 2186 Societatis
449 2141 649 2197 regulas,
676 2141 731 2183 ad
748 2139 1071 2196 prouincialem
1089 2140 1197 2182 dent
1213 2154 1266 2183 ea
1283 2140 1339 2183 de
1356 2154 1403 2182 re
1420 2139 1588 2192 literas,
1609 2154 1739 2196 prae-

109 2218 270 2262 sertim
293 2218 331 2261 si
354 2233 425 2262 res
448 2208 632 2274 grauior
652 2217 876 2261 videatur.

203 2296 376 2339 Curent
414 2303 626 2348 rectores,
658 2301 706 2337 vt
744 2308 899 2337 omnes
931 2292 1258 2335 obliuiscantur
1294 2293 1655 2348 praeteritorum,
1689 2303 1738 2337 vt

112 2374 173 2416 D.
207 2373 376 2420 Paulus
405 2372 483 2425 ait,
513 2386 565 2414 ac
594 2386 643 2415 se
671 2372 728 2414 ad
750 2370 977 2414 anteriora
998 2369 1286 2426 perfectionis
1313 2371 1559 2413 extendant
1587 2371 1737 2415 inten-

110 2464 164 2492 se
190 2451 218 2502 ¹,
244 2449 684 2505 progredianturque
712 2449 759 2490 in
780 2447 876 2490 dies
900 2440 1084 2490 strenue
1112 2446 1259 2502 magis
1281 2446 1327 2489 in
1355 2455 1569 2502 suscepta
1596 2447 1739 2490 diuini

117 2519 320 2575 obsequii
341 2520 428 2562 via.
455 2521 610 2575 Itaque
632 2518 887 2574 requiratur
909 2519 965 2560 ab
988 2517 1198 2560 omnibus
1221 2517 1364 2560 maior
1386 2517 1530 2560 virtus
1554 2517 1738 2573 spiritus

112 2603 163 2641 et
181 2598 330 2639 feruor
347 2596 619 2648 deuotionis,
640 2602 684 2638 et
706 2594 991 2639 obedientiae
1009 2593 1260 2638 renouatio.
1282 2594 1565 2637 Obseruetur
1588 2601 1738 2637 autem

112 2672 154 2715 >si
176 2672 276 2728 quis
298 2672 360 2716 ita
382 2687 476 2715 non
492 2672 718 2728 procedit,
743 2678 789 2715 et
810 2672 1070 2715 attendatur
1094 2670 1211 2713 illius
1239 2670 1559 2714 emendationi.

207 2749 268 2794 94
296 2749 460 2792 Nullus
483 2747 687 2804 superior
724 2749 874 2790 locum
904 2746 1140 2790 audiendis
1177 2746 1536 2789 confessionibus
1566 2746 1627 2788 ita
1655 2746 1739 2789 sibi

107 2825 348 2881 proprium
372 2839 423 2867 ac
441 2825 717 2881 singularem
734 2824 919 2880 deligat,
940 2833 988 2866 vt
1006 2823 1059 2876 is,
1080 2823 1156 2878 qui
1174 2825 1290 2866 forte
1308 2822 1636 2865 confessionem
1654 2822 1739 2865 ibi—

115 2902 220 2945 dem
244 2901 434 2953 audiret,
459 2901 690 2957 superiore
718 2900 1006 2952 adueniente,
1032 2900 1131 2942 loco
1155 2906 1361 2943 teneatur
1384 2899 1558 2942 cedere.

195 3070 202 3089 ¹
254 3067 353 3103 Vide
372 3079 503 3114 supra,
522 3078 611 3113 pag.
631 3066 716 3111 381,
735 3072 867 3102 annot.
892 3075 922 3104 1.
