2028 3426
360 251 429 297 548
832 253 985 287 Parrus
1012 252 1256 288 H1ERONYM1
1282 252 1433 288 NADAL
2012 272 2028 311 3

315 353 400 409 ipsi
423 368 479 397 ex
502 361 629 410 parte
651 369 733 396 sua
755 368 854 397 esse
877 354 1044 397 debent
1066 353 1374 397 indifferentes
1398 353 1454 396 ad
1476 354 1684 408 quemuis
1704 354 1950 411 ⁴Societatis
2015 324 2028 362 'i

317 437 505 483 statum,
533 430 841 474 indifferentes
863 437 1099 485 praeterea
1123 430 1178 472 ad
1211 444 1370 473 omnes
1399 430 1472 474 491
1503 430 1799 483 obedientias,
1825 438 1870 475 et
1892 432 1948 473 ad

317 508 467 551 omnia
497 508 643 551 officia
673 506 929 558 Societatis,
954 514 998 549 et
1038 506 1082 548 in
1112 508 1197 549 hac
1236 505 1538 550 indifferentia
1577 521 1753 562 semper
1781 509 1947 551 debent

316 599 624 640 perseuerare;
651 593 695 627 et
719 583 928 638 quamuis
957 599 1012 627 ex
1041 583 1202 639 seipsis
1231 597 1407 639 semper
1441 585 1608 628 debent
1646 583 1814 639 eligere
1842 598 1949 640 gra-

314 662 422 703 dum
454 661 726 712 inferiorem,
763 668 913 702 tamen
945 659 1028 703 toti
1062 660 1106 702 in
1146 661 1281 703 rebus
1310 660 1522 703 omnibus
1560 675 1659 704 sese
1691 661 1948 716 permittere

315 740 483 782 debent
506 737 805 781 obedientiae.

404 817 557 870 Quum
585 815 804 858 uiuaciter
828 816 1060 859 feruentes
1082 829 1183 859 esse
1205 815 1402 858 debeant
1429 815 1685 871 superiores
1714 829 1869 858 omnes
1892 817 1947 858 ad

315 893 564 935 curandum
590 900 637 933 vt
662 891 790 933 multi
814 891 963 935 idonei
987 892 1043 934 ad
1066 891 1342 935 Societatem
1367 891 1659 947 recipiantur,
1681 907 1772 934 non
1798 899 1947 936 tamen
2002 923 2006 926 -

314 977 553 1025 propterea
583 970 692 1010 fiant
721 968 1101 1024 negligentiores,
1134 970 1254 1024 quod
1284 969 1355 1013 vel
1392 969 1584 1024 collegia
1614 969 1814 1024 ipsorum
1855 983 1944 1012 non

315 1055 453 1102 egent
483 1046 638 1088 maiori
668 1060 876 1098 numero,
909 1046 981 1089 vel
1010 1060 1100 1088 non
1131 1047 1327 1090 habeant
1358 1047 1476 1089 vnde
1504 1045 1616 1088 alios
1648 1047 1784 1089 alant.
1812 1047 1945 1097 Nam,

316 1123 696 1177 quemadmodum
721 1122 810 1165 sint
834 1122 998 1175 alendi,
1031 1122 1091 1166 ita
1118 1122 1350 1178 prouisum
1380 1131 1463 1166 est.
1498 1122 1587 1166 Vbi
1610 1123 1728 1167 enim
1756 1137 1947 1178 accepe-

315 1200 420 1251 rint,
447 1215 561 1254 quos
585 1215 674 1241 non
698 1207 890 1255 possunt
920 1200 1054 1251 alere,
1082 1200 1124 1242 id
1148 1200 1407 1256 significent
1431 1200 1693 1256 prouinciali
1724 1201 1794 1244 vel
1824 1215 1945 1243 com—

314 1277 541 1319 missario.
577 1277 637 1339 Hi
661 1278 733 1320 vel
757 1277 934 1320 mittent
957 1277 1001 1319 in
1026 1277 1111 1320 alia
1139 1277 1331 1333 collegia
1360 1292 1470 1321 suae
1500 1277 1779 1333 prouinciae,
1806 1279 1876 1320 vel
1898 1277 1942 1319 in

314 1354 444 1396 aliam
476 1353 774 1410 prouinciam,
800 1355 872 1397 vel
893 1354 1077 1396 omnino
1096 1356 1300 1406 Romam,
1325 1355 1396 1398 vel
1420 1354 1604 1397 omnino
1628 1355 1845 1398 rationem
1863 1354 1945 1397 ali-

315 1419 449 1486 quam
475 1430 731 1487 acceperint
755 1446 780 1473 a
802 1431 1004 1486 generali
1027 1430 1284 1486 praeposito
1317 1431 1425 1485 quid
1457 1432 1512 1474 de
1540 1431 1627 1473 illis
1660 1431 1804 1474 acturi
1835 1431 1940 1484 sint;

314 1522 403 1549 non
433 1508 552 1551 enim
581 1503 816 1559 debemus,
844 1507 920 1564 qui
943 1507 1093 1550 idonei
1123 1509 1190 1554 ad
1209 1507 1482 1552 Societatem
1507 1509 1730 1551 accedunt
1759 1509 1815 1551 ad
1842 1523 1942 1565 nos,

313 1599 405 1627 non
430 1585 646 1641 recipere,
666 1593 711 1629 et
729 1586 948 1628 debemus
972 1599 1137 1641 magno
1161 1584 1310 1627 animo
1333 1599 1447 1636 esse,
1470 1587 1607 1640 quod,
1629 1585 1705 1641 qui
1723 1585 1822 1628 illos
1840 1586 1942 1628 mit-

315 1662 367 1704 tit
389 1663 533 1715 Deus,
559 1676 636 1705 eos
659 1663 748 1705 alet
769 1670 803 1707 ³.

400 1739 489 1783 492
522 1739 604 1791 Illi,
631 1740 709 1794 qui
733 1739 1010 1795 recipientur
1032 1747 1077 1782 et
1100 1753 1188 1782 non
1213 1747 1347 1781 erunt
1376 1739 1560 1781 omnino
1583 1739 1721 1794 inepti
1760 1740 1816 1782 ad
1846 1747 1936 1781 stu-

311 1816 399 1867 dia,
421 1830 511 1858 non
529 1830 608 1871 pro
627 1816 966 1859 coadiutoribus
985 1816 1310 1871 temporalibus
1328 1816 1659 1868 examinentur,
1678 1817 1758 1859 sed
1777 1830 1855 1872 pro
1875 1816 1949 1858 in—

311 1892 638 1936 differentibus.

400 1971 473 2012 Ad
499 1969 781 2025 recipiendos
803 1969 1001 2013 nouitios
1023 1972 1136 2014 haec
1159 1970 1268 2013 vtile
1285 1971 1369 2014 erit
1392 1970 1695 2014 animaduerti
1712 1978 1845 2025 atque
1863 1971 1946 2013 ob-

312 2046 483 2089 seruari
508 2049 534 2089 ¹.

402 2123 620 2175 Primum,
646 2132 693 2165 vt
717 2123 801 2166 sibi
826 2126 1127 2179 persuadeant
1151 2139 1326 2177 omnes,
1353 2132 1583 2180 quotquot
1611 2132 1717 2182 sunt
1740 2124 1785 2166 in
1807 2125 1949 2167 colle-

311 2200 404 2255 gio,
430 2200 475 2242 in
499 2199 729 2255 operibus,
756 2215 872 2254 quae
896 2217 951 2245 ex
980 2201 1190 2244 instituto
1213 2201 1454 2245 Societatis
1482 2201 1613 2244 nobis
1644 2209 1750 2244 sunt
1780 2215 1944 2257 procu-

312 2277 467 2328 randa,
493 2277 666 2318 nullum
698 2292 797 2320 esse
819 2277 1139 2332 praestantius,
1166 2279 1340 2320 nullum
1364 2277 1533 2330 vtilius,
1561 2293 1695 2333 quam
1718 2277 1754 2321 si
1778 2279 1834 2321 ad
1862 2280 1943 2322 So-

311 2354 523 2398 cietatem
548 2361 701 2396 nostra
722 2368 858 2409 opera
882 2364 1101 2398 vocentur
1125 2355 1443 2411 quamplurimi
1467 2363 1511 2399 et
1534 2370 1667 2410 quam
1703 2355 1939 2411 aptissimi.

312 2433 427 2474 Nam
460 2432 598 2486 longe
628 2430 789 2474 melius
827 2439 895 2473 est
933 2425 1161 2486 operarios
1193 2433 1342 2475 facere
1380 2433 1436 2474 ad
1473 2431 1696 2474 iuuandas
1726 2432 1941 2488 plurimas
1972 2427 1974 2429 ¹

312 2508 501 2560 animas,
528 2522 664 2562 quam
689 2507 997 2563 singularibus
1019 2508 1255 2550 animabus
1278 2508 1489 2551 iuuandis
1512 2508 1790 2552 incumbere.

400 2586 678 2629 Secundum.
745 2584 909 2627 Cautio
933 2591 1082 2627 tamen
1106 2585 1310 2627 adhiberi
1334 2586 1469 2629 debet
1492 2593 1536 2629 et
1555 2585 1735 2640 quidem
1753 2599 1941 2628 accura-

313 2671 372 2714 ta,
405 2677 462 2706 ne
485 2663 731 2705 vehemens
753 2660 1025 2704 desiderium
1057 2661 1246 2703 vocandi
1269 2661 1623 2717 quamplurimos
1656 2662 1712 2703 ad
1743 2662 1943 2705 Societa-
1965 2688 1969 2698 .-

379 2821 396 2837 a
448 2808 738 2853 praecedentia,
758 2808 807 2843 ab
823 2807 898 2842 illis
917 2806 1061 2842 verbis:
1091 2818 1167 2842 non
1193 2808 1313 2848 enim,
1334 2807 1463 2843 addita
1483 2809 1692 2854 posterius.

384 2942 390 2958 ⁸
444 2939 660 2985 Sequentia
683 2936 724 2973 13
743 2942 885 2984 puncta
903 2942 995 2971 sunt
1013 2935 1094 2971 fere
1114 2936 1262 2982 eadem,
1284 2948 1383 2983 quae
1401 2949 1531 2983 supra,
1547 2950 1662 2985 pagg.
1681 2939 1836 2976 313-316
1854 2951 1943 2976 con·

310 3001 495 3035 tinentur.
523 2998 665 3044 Aliqua
691 3002 821 3032 tamen
846 2995 909 3030 hic
933 2995 1180 3038 emendavit,
1205 2995 1331 3042 aliqua
1355 2995 1503 3032 addidit
1524 2997 1686 3045 Natalis3
1713 3010 1757 3034 ac
1782 2999 1941 3046 proinde

311 3071 387 3094 non
407 3058 544 3094 inutile
564 3057 637 3092 erit
652 3067 697 3091 ea
711 3055 788 3101 hic,
807 3061 849 3090 ut
868 3055 906 3090 in
925 3053 1019 3093 Cod,
1049 3053 1173 3091 Vatic.
1195 3063 1214 3098 7
1232 3054 1436 3099 habentur,
1457 3056 1657 3095 exhibere.
