2028 3426
346 221 412 255 712
817 209 970 243 PATms
997 209 1241 243 HiERONYMl
1273 193 1422 243 NADAiL

300 328 387 355 non
411 312 574 354 dantur
600 319 748 353 tamen
769 309 851 352 nisi
876 310 931 351 ad
955 309 1208 361 Vtilitatem,
1236 310 1305 352 vel
1329 309 1575 364 publicam,
1598 310 1667 353 vel
1687 309 1925 365 priuatam,

302 390 344 430 in
367 391 483 444 Xpo.

389 465 698 509 Constituerat
721 463 902 518 quidam
928 463 1108 506 missam
1133 463 1177 506 in
1195 464 1266 506 die
1284 463 1377 506 diui
1397 463 1579 507 Martini
1598 463 1823 520 applicare
1839 464 1931 520 pri-

301 543 439 585 maria
467 548 549 589 229
588 542 857 593 intentione,
883 548 932 582 vt
962 542 1088 584 Deus
1118 540 1202 583 sibi
1240 541 1515 584 concederet
1551 541 1671 596 quod
1703 539 1789 583 sibi
1816 542 1931 586 foret

300 620 602 663 Vtilissimum.
631 619 785 673 Quum
806 617 867 661 ita
885 617 1082 669 fecisset,
1104 617 1244 661 sensit
1262 626 1367 660 ante
1385 617 1751 661 communionem
1769 616 1853 660 sibi
1870 618 1931 661 si-

304 697 509 750 gnificari
533 696 832 739 humilitatem
852 709 952 739 esse
975 695 1318 750 amplexandam
1339 701 1384 738 et
1401 694 1714 747 abiectionem,
1739 694 1871 738 simul
1887 704 1932 738 et

300 789 502 826 crucem,
527 789 581 816 ex
606 788 694 828 qua
718 772 871 815 omnia
894 771 1188 828 prouenirent
1207 772 1342 815 bona.
1370 773 1472 815 Hoc
1495 785 1662 828 magno
1684 786 1821 816 sensu
1844 771 1931 827 spi-

301 852 413 894 ritus
437 851 643 907 agnouit,
671 857 757 893 etc.

392 929 634 972 Humilitas
676 928 780 983 Xpi.
823 942 1014 978 summa,
1056 928 1175 982 quod
1214 928 1269 969 de
1303 928 1442 970 verbo
1479 940 1585 970 vere
1611 924 1823 968 dicantur
1840 924 1929 978 illa,

301 1020 416 1060 quae
435 1016 539 1048 sunt
559 1004 841 1047 humilitatis.

391 1082 634 1125 Humilitas
657 1096 818 1125 sensus
841 1081 909 1124 sui
936 1081 1081 1126 nihili.

393 1162 563 1203 Sensus
601 1159 646 1201 in
684 1158 911 1203 suauitate
943 1159 1109 1212 cordis,
1150 1159 1186 1202 si
1226 1159 1406 1203 iuuares
1444 1159 1699 1212 ecclesiam,
1738 1158 1862 1200 nullo
1891 1157 1934 1199 id

301 1237 471 1280 sciente
496 1237 564 1279 vel
588 1237 871 1289 aduertente;
904 1237 977 1279 vel
1010 1236 1194 1280 omnino
1224 1235 1646 1279 contradicentibus
1668 1234 1863 1287 cunctis,
1890 1242 1935 1277 et

304 1322 536 1369 propterea
562 1321 603 1355 te
628 1313 1025 1369 persequentibus,

388 1390 452 1432 Illi
476 1390 762 1446 amplexandi
782 1398 826 1433 et
853 1390 1060 1443 fouendi,
1087 1405 1202 1445 quos
1233 1381 1450 1433 scimusa
1474 1392 1610 1433 Patre
1634 1389 1811 1446 Ignatio
1840 1404 1932 1432 am-

305 1470 521 1523 plexatos.

392 1547 438 1588 In
461 1547 596 1587 corde
621 1544 890 1601 principium
924 1545 1070 1588 omnis
1101 1544 1276 1601 gratiae
1299 1553 1343 1588 et
1372 1545 1632 1587 intellectus
1662 1550 1937 1599 supernatu-

306 1623 423 1667 ralis.

390 1701 437 1743 In
460 1700 532 1742 die
556 1701 603 1744 S.
631 1700 922 1752 Catherinae,
948 1715 1051 1743 cum
1076 1700 1120 1742 in
1146 1700 1280 1743 missa
1304 1707 1478 1743 orasset
1500 1699 1700 1754 quidam,
1732 1697 1842 1740 utin
1862 1697 1934 1738 via

306 1776 487 1832 spiritus
511 1792 567 1821 ne
599 1786 616 1801 ³
638 1781 722 1822 230
760 1785 945 1829 erraret,
987 1777 1206 1820 intellexit
1240 1786 1338 1832 post
1375 1776 1574 1828 missam,
1609 1790 1665 1820 eo
1689 1789 1788 1819 esse
1817 1773 1936 1817 viam

306 1853 488 1909 spiritus
511 1868 668 1909 puram
691 1854 854 1910 magis,
896 1869 984 1909 quo
1010 1854 1235 1896 'humilior
1257 1861 1341 1897 est.
1378 1854 1565 1908 Quanto
1597 1852 1716 1896 enim
1742 1853 1841 1907 plus
1869 1860 1937 1895 est

307 1930 587 1982 humilitatis,
621 1946 674 1975 eo
704 1932 804 1986 plus
833 1930 946 1994 lucis
973 1939 1018 1975 et
1058 1931 1273 1975 veritatis:
1315 1938 1472 1973 contra
1509 1944 1618 1973 vero
1657 1929 1695 1972 si
1725 1928 1938 1985 superbia

310 2008 640 2050 commiscetur.

398 2086 570 2127 Orabat
607 2085 787 2140 quidam
818 2093 866 2127 vt
895 2101 942 2128 se
972 2101 997 2128 a
1025 2086 1222 2140 quadam
1255 2084 1544 2128 tribulatione
1572 2085 1698 2128 Deus
1727 2082 1936 2139 e'riperet;

308 2161 523 2205 intellexit
543 2176 635 2204 non
659 2176 759 2205 esse
781 2163 1003 2205 orandum
1029 2161 1293 2218 simpliciter
1315 2168 1364 2203 vt
1386 2177 1411 2205 a
1442 2159 1809 2204 tribulationibus
1832 2158 1940 2202 libe-

308 2252 522 2289 raremur,
550 2239 627 2280 sed
650 2240 706 2281 ab
729 2238 799 2281 his
824 2247 1019 2292 tantum,
1044 2254 1160 2294 quae
1184 2246 1366 2295 propter
1390 2246 1543 2281 nostra
1561 2245 1746 2294 peccata
1775 2237 1846 2280 vel
1870 2235 1942 2278 in-

309 2314 418 2356 flixit
441 2315 512 2358 vel
535 2315 754 2369 permittit
778 2311 919 2368 Deus,
947 2323 991 2360 et
1014 2317 1069 2359 ab
1092 2316 1303 2359 omnibus
1328 2324 1376 2358 ut
1399 2315 1519 2358 volet
1541 2315 1653 2370 ipse.

395 2391 517 2446 Quid
542 2392 720 2443 mirum,
748 2393 1000 2446 lutherane,
1027 2393 1064 2436 si
1087 2394 1143 2436 ad
1167 2393 1521 2449 promouendam
1550 2391 1744 2448 gratiam
1773 2398 1818 2434 et
1841 2391 1942 2446 glo·

308 2469 415 2510 riam
439 2477 680 2512 concurrat
705 2477 855 2512 nostra
880 2471 1090 2513 voluntas
1109 2471 1152 2512 in
1173 2470 1349 2521 merito,
1371 2484 1510 2524 quum
1530 2469 1574 2512 in
1593 2468 1738 2525 gloria
1755 2474 1942 2511 aeterna

308 2560 542 2588 necessum
565 2546 621 2588 sit
647 2554 689 2590 te
713 2547 918 2591 confiteri
936 2548 991 2590 ad
1009 2547 1335 2592 beatitudinem
1353 2561 1641 2598 concurrere,
1662 2545 1786 2600 quod
1805 2545 1943 2600 longe

306 2631 373 2664 est
395 2623 579 2678 dignius
602 2631 647 2665 et
671 2624 930 2678 perfectius,
972 2624 1236 2680 praesertim
1272 2638 1412 2679 quum
1435 2623 1509 2666 hic
1532 2623 1697 2666 habeat
1727 2622 1942 2664 virtutem

309 2699 391 2741 Dei
416 2699 636 2742 infinitam
661 2700 703 2741 in
727 2715 775 2743 se
799 2700 1075 2745 habitantem
1100 2716 1179 2757 per
1201 2701 1481 2744 charitatem.

398 2777 573 2828 Oratio,
612 2791 829 2820 ascensus
852 2778 1015 2821 mentis
1054 2778 1099 2821 in
1130 2780 1294 2829 Deum,
1321 2777 1537 2820 continua
1564 2776 1738 2820 scilicet
1760 2775 1944 2831 energia

311 2863 354 2894 et
373 2853 634 2908 operatione
658 2858 726 2899 231
757 2854 992 2909 vtriusque
1021 2854 1268 2910 potentiae;
1293 2862 1338 2898 et
1366 2854 1638 2905 intellectus,
1665 2861 1710 2897 et
1739 2853 1944 2894 volunta-

315 2930 383 2970 tis.
413 2930 563 2972 Huius
588 2931 650 2973 rei
673 2945 834 2974 sensus
858 2946 1054 2987 magnus
1077 2931 1211 2974 etiam
1235 2932 1368 2973 datus
1391 2930 1588 2974 cuidam.

383 3030 397 3044 -··
426 3019 489 3053 Bis
510 3031 556 3054 ne.
575 3026 776 3055 exaratum
797 3026 874 3055 est.
