<?xml version="1.0" encoding="UTF-8"?>
<!DOCTYPE html PUBLIC "-//W3C//DTD XHTML 1.0 Transitional//EN"
    "http://www.w3.org/TR/xhtml1/DTD/xhtml1-transitional.dtd">
<html xmlns="http://www.w3.org/1999/xhtml" xml:lang="en" lang="en">
 <head>
  <title>
</title>
<meta http-equiv="Content-Type" content="text/html;charset=utf-8" />
  <meta name='ocr-system' content='tesseract 3.04.00' />
  <meta name='ocr-capabilities' content='ocr_page ocr_carea ocr_par ocr_line ocrx_word'/>
</head>
<body>
  <div class='ocr_page' id='page_1' title='image "./epistolaephieron11nada_0556.png"; bbox 0 0 2028 3426; ppageno 0'>
   <div class='ocr_carea' id='block_1_1' title="bbox 345 220 1419 267">
    <p class='ocr_par' dir='ltr' id='par_1_1' title="bbox 345 220 1419 267">
     <span class='ocr_line' id='line_1_1' title="bbox 345 220 1419 267; baseline -0.002 -9"><span class='ocrx_word' id='word_1_1' title='bbox 345 222 414 267; x_wconf 89' lang='lat'>530</span> <span class='ocrx_word' id='word_1_2' title='bbox 818 222 971 257; x_wconf 73' lang='lat' dir='ltr'>PATms</span> <span class='ocrx_word' id='word_1_3' title='bbox 998 221 1242 256; x_wconf 79' lang='lat' dir='ltr'><strong>HIERONYMI</strong></span> <span class='ocrx_word' id='word_1_4' title='bbox 1268 220 1419 257; x_wconf 77' lang='lat' dir='ltr'>NADAL</span> 
     </span>
    </p>
   </div>
   <div class='ocr_carea' id='block_1_2' title="bbox 300 321 1934 1302">
    <p class='ocr_par' dir='ltr' id='par_1_2' title="bbox 300 321 1934 610">
     <span class='ocr_line' id='line_1_2' title="bbox 390 321 1932 378; baseline 0 -12"><span class='ocrx_word' id='word_1_5' title='bbox 390 324 676 367; x_wconf 89' lang='lat' dir='ltr'>Ceremoniis</span> <span class='ocrx_word' id='word_1_6' title='bbox 701 323 786 366; x_wconf 92' lang='lat' dir='ltr'>illis</span> <span class='ocrx_word' id='word_1_7' title='bbox 818 321 1032 377; x_wconf 87' lang='lat' dir='ltr'>loquendi</span> <span class='ocrx_word' id='word_1_8' title='bbox 1061 321 1374 374; x_wconf 89' lang='lat' dir='ltr'>humanitatis,</span> <span class='ocrx_word' id='word_1_9' title='bbox 1405 321 1762 378; x_wconf 85' lang='lat' dir='ltr'>vrbanitatisque</span> <span class='ocrx_word' id='word_1_10' title='bbox 1796 323 1932 366; x_wconf 92' lang='lat' dir='ltr'>modo</span> 
     </span>
     <span class='ocr_line' id='line_1_3' title="bbox 301 397 1934 453; baseline -0.002 -8"><span class='ocrx_word' id='word_1_11' title='bbox 301 414 355 445; x_wconf 86' lang='lat' dir='ltr'>eo</span> <span class='ocrx_word' id='word_1_12' title='bbox 394 407 581 443; x_wconf 81' lang='lat' dir='ltr'>vtantur</span> <span class='ocrx_word' id='word_1_13' title='bbox 610 415 713 444; x_wconf 89' lang='lat' dir='ltr'>cum</span> <span class='ocrx_word' id='word_1_14' title='bbox 742 398 943 444; x_wconf 86' lang='lat' dir='ltr'>externis</span> <span class='ocrx_word' id='word_1_15' title='bbox 972 397 1132 452; x_wconf 83' lang='lat' dir='ltr'>nostri,</span> <span class='ocrx_word' id='word_1_16' title='bbox 1159 412 1249 453; x_wconf 93' lang='lat' dir='ltr'>quo</span> <span class='ocrx_word' id='word_1_17' title='bbox 1278 399 1537 442; x_wconf 79' lang='lat' dir='ltr'>sacerdotes</span> <span class='ocrx_word' id='word_1_18' title='bbox 1568 399 1615 441; x_wconf 91' lang='lat' dir='ltr'>in</span> <span class='ocrx_word' id='word_1_19' title='bbox 1647 399 1834 443; x_wconf 89' lang='lat' dir='ltr'>ciuitate</span> <span class='ocrx_word' id='word_1_20' title='bbox 1858 399 1934 442; x_wconf 90' lang='lat' dir='ltr'>vbi</span> 
     </span>
     <span class='ocr_line' id='line_1_4' title="bbox 301 475 1930 534; baseline 0 -14"><span class='ocrx_word' id='word_1_21' title='bbox 301 486 448 534; x_wconf 90' lang='lat' dir='ltr'>agunt</span> <span class='ocrx_word' id='word_1_22' title='bbox 469 478 757 521; x_wconf 67' lang='lat' dir='ltr'>honestiores</span> <span class='ocrx_word' id='word_1_23' title='bbox 781 476 845 518; x_wconf 84' lang='lat' dir='ltr'>vti</span> <span class='ocrx_word' id='word_1_24' title='bbox 868 476 1031 528; x_wconf 91' lang='lat' dir='ltr'>solent;</span> <span class='ocrx_word' id='word_1_25' title='bbox 1058 475 1323 532; x_wconf 89' lang='lat' dir='ltr'>simplicitas</span> <span class='ocrx_word' id='word_1_26' title='bbox 1340 476 1532 519; x_wconf 82' lang='lat' dir='ltr'>addatur</span> <span class='ocrx_word' id='word_1_27' title='bbox 1548 484 1593 519; x_wconf 91' lang='lat' dir='ltr'>et</span> <span class='ocrx_word' id='word_1_28' title='bbox 1612 476 1844 520; x_wconf 86' lang='lat' dir='ltr'><strong>humilitas</strong></span> <span class='ocrx_word' id='word_1_29' title='bbox 1863 492 1930 521; x_wconf 92' lang='lat' dir='ltr'>re-</span> 
     </span>
     <span class='ocr_line' id='line_1_5' title="bbox 300 551 1840 610; baseline 0.001 -14"><span class='ocrx_word' id='word_1_30' title='bbox 300 553 462 610; x_wconf 87' lang='lat' dir='ltr'>ligiosa</span> <span class='ocrx_word' id='word_1_31' title='bbox 484 568 536 597; x_wconf 87' lang='lat' dir='ltr'>ac</span> <span class='ocrx_word' id='word_1_32' title='bbox 561 555 746 599; x_wconf 80' lang='lat' dir='ltr'>libertas</span> <span class='ocrx_word' id='word_1_33' title='bbox 770 554 813 595; x_wconf 89' lang='lat' dir='ltr'>in</span> <span class='ocrx_word' id='word_1_34' title='bbox 837 552 1014 609; x_wconf 90' lang='lat' dir='ltr'>spiritu,</span> <span class='ocrx_word' id='word_1_35' title='bbox 1040 551 1370 608; x_wconf 90' lang='lat' dir='ltr'>circumspecta</span> <span class='ocrx_word' id='word_1_36' title='bbox 1393 560 1542 596; x_wconf 89' lang='lat' dir='ltr'>tamen</span> <span class='ocrx_word' id='word_1_37' title='bbox 1561 561 1606 597; x_wconf 92' lang='lat' dir='ltr'>et</span> <span class='ocrx_word' id='word_1_38' title='bbox 1624 554 1840 610; x_wconf 89' lang='lat' dir='ltr'>prudens.</span> 
     </span>
    </p>

    <p class='ocr_par' dir='ltr' id='par_1_3' title="bbox 302 629 1932 840">
     <span class='ocr_line' id='line_1_6' title="bbox 389 629 1928 686; baseline -0.001 -10"><span class='ocrx_word' id='word_1_39' title='bbox 389 632 481 676; x_wconf 84' lang='lat'>449</span> <span class='ocrx_word' id='word_1_40' title='bbox 515 633 677 683; x_wconf 83' lang='lat' dir='ltr'>Nemo,</span> <span class='ocrx_word' id='word_1_41' title='bbox 699 631 775 686; x_wconf 89' lang='lat' dir='ltr'>qui</span> <span class='ocrx_word' id='word_1_42' title='bbox 799 645 889 673; x_wconf 90' lang='lat' dir='ltr'>non</span> <span class='ocrx_word' id='word_1_43' title='bbox 913 630 969 673; x_wconf 90' lang='lat' dir='ltr'>sit</span> <span class='ocrx_word' id='word_1_44' title='bbox 993 630 1134 686; x_wconf 82' lang='lat' dir='ltr'>probe</span> <span class='ocrx_word' id='word_1_45' title='bbox 1156 629 1407 673; x_wconf 92' lang='lat' dir='ltr'>instructus</span> <span class='ocrx_word' id='word_1_46' title='bbox 1434 631 1490 674; x_wconf 85' lang='lat' dir='ltr'>de</span> <span class='ocrx_word' id='word_1_47' title='bbox 1513 631 1649 675; x_wconf 90' lang='lat' dir='ltr'>rebus</span> <span class='ocrx_word' id='word_1_48' title='bbox 1670 630 1928 684; x_wconf 85' lang='lat' dir='ltr'>Societatis,</span> 
     </span>
     <span class='ocr_line' id='line_1_7' title="bbox 302 706 1932 767; baseline 0.001 -16"><span class='ocrx_word' id='word_1_49' title='bbox 302 709 522 753; x_wconf 88' lang='lat' dir='ltr'>rationem</span> <span class='ocrx_word' id='word_1_50' title='bbox 549 723 703 751; x_wconf 87' lang='lat' dir='ltr'>earum</span> <span class='ocrx_word' id='word_1_51' title='bbox 729 708 903 759; x_wconf 85' lang='lat' dir='ltr'>reddat,</span> <span class='ocrx_word' id='word_1_52' title='bbox 929 706 1106 750; x_wconf 89' lang='lat' dir='ltr'>etiamsi</span> <span class='ocrx_word' id='word_1_53' title='bbox 1128 706 1452 763; x_wconf 83' lang='lat' dir='ltr'>interrogetur,</span> <span class='ocrx_word' id='word_1_54' title='bbox 1478 708 1558 767; x_wconf 84' lang='lat' dir='ltr'>sed</span> <span class='ocrx_word' id='word_1_55' title='bbox 1580 709 1666 751; x_wconf 92' lang='lat' dir='ltr'>hoc</span> <span class='ocrx_word' id='word_1_56' title='bbox 1689 707 1838 765; x_wconf 90' lang='lat' dir='ltr'>ipsum</span> <span class='ocrx_word' id='word_1_57' title='bbox 1862 723 1932 752; x_wconf 85' lang='lat' dir='ltr'>re-</span> 
     </span>
     <span class='ocr_line' id='line_1_8' title="bbox 303 784 1158 840; baseline -0.001 -13"><span class='ocrx_word' id='word_1_58' title='bbox 303 785 450 828; x_wconf 87' lang='lat' dir='ltr'>mittat</span> <span class='ocrx_word' id='word_1_59' title='bbox 473 787 528 828; x_wconf 86' lang='lat' dir='ltr'>ad</span> <span class='ocrx_word' id='word_1_60' title='bbox 548 785 805 840; x_wconf 77' lang='lat' dir='ltr'>superiores</span> <span class='ocrx_word' id='word_1_61' title='bbox 823 784 1158 839; x_wconf 86' lang='lat' dir='ltr'>exponendum.</span> 
     </span>
    </p>

    <p class='ocr_par' dir='ltr' id='par_1_4' title="bbox 302 860 1934 1071">
     <span class='ocr_line' id='line_1_9' title="bbox 370 860 1934 917; baseline 0.003 -15"><span class='ocrx_word' id='word_1_62' title='bbox 370 863 554 905; x_wconf 86' lang='lat' dir='ltr'>.Nullus</span> <span class='ocrx_word' id='word_1_63' title='bbox 578 862 685 906; x_wconf 86' lang='lat' dir='ltr'>item</span> <span class='ocrx_word' id='word_1_64' title='bbox 710 861 913 917; x_wconf 87' lang='lat' dir='ltr'>disputet</span> <span class='ocrx_word' id='word_1_65' title='bbox 935 862 991 904; x_wconf 92' lang='lat' dir='ltr'>de</span> <span class='ocrx_word' id='word_1_66' title='bbox 1021 860 1230 903; x_wconf 88' lang='lat' dir='ltr'>instituto</span> <span class='ocrx_word' id='word_1_67' title='bbox 1262 868 1436 914; x_wconf 90' lang='lat' dir='ltr'>nostro;</span> <span class='ocrx_word' id='word_1_68' title='bbox 1463 862 1559 913; x_wconf 90' lang='lat' dir='ltr'>sed,</span> <span class='ocrx_word' id='word_1_69' title='bbox 1585 861 1623 904; x_wconf 90' lang='lat' dir='ltr'>si</span> <span class='ocrx_word' id='word_1_70' title='bbox 1649 861 1758 917; x_wconf 90' lang='lat' dir='ltr'>quid</span> <span class='ocrx_word' id='word_1_71' title='bbox 1785 863 1934 906; x_wconf 88' lang='lat' dir='ltr'>addu-</span> 
     </span>
     <span class='ocr_line' id='line_1_10' title="bbox 302 937 1933 996; baseline 0.001 -15"><span class='ocrx_word' id='word_1_72' title='bbox 302 939 431 991; x_wconf 88' lang='lat' dir='ltr'>bitat,</span> <span class='ocrx_word' id='word_1_73' title='bbox 457 941 527 982; x_wconf 78' lang='lat' dir='ltr'>vel</span> <span class='ocrx_word' id='word_1_74' title='bbox 552 954 643 981; x_wconf 84' lang='lat' dir='ltr'>non</span> <span class='ocrx_word' id='word_1_75' title='bbox 665 938 894 994; x_wconf 84' lang='lat' dir='ltr'>intelligit,</span> <span class='ocrx_word' id='word_1_76' title='bbox 921 938 1018 981; x_wconf 91' lang='lat' dir='ltr'>eius</span> <span class='ocrx_word' id='word_1_77' title='bbox 1041 937 1388 993; x_wconf 66' lang='lat' dir='ltr'>intelligentiam</span> <span class='ocrx_word' id='word_1_78' title='bbox 1411 946 1536 995; x_wconf 88' lang='lat' dir='ltr'>petat</span> <span class='ocrx_word' id='word_1_79' title='bbox 1564 953 1590 982; x_wconf 90' lang='lat' dir='ltr'>a</span> <span class='ocrx_word' id='word_1_80' title='bbox 1612 953 1696 982; x_wconf 89' lang='lat' dir='ltr'>suo</span> <span class='ocrx_word' id='word_1_81' title='bbox 1727 939 1933 996; x_wconf 91' lang='lat' dir='ltr'>superio-</span> 
     </span>
     <span class='ocr_line' id='line_1_11' title="bbox 302 1016 829 1071; baseline -0.002 -13"><span class='ocrx_word' id='word_1_82' title='bbox 302 1031 371 1068; x_wconf 80' lang='lat' dir='ltr'>re,</span> <span class='ocrx_word' id='word_1_83' title='bbox 394 1024 438 1060; x_wconf 91' lang='lat' dir='ltr'>et</span> <span class='ocrx_word' id='word_1_84' title='bbox 462 1017 507 1058; x_wconf 90' lang='lat' dir='ltr'>in</span> <span class='ocrx_word' id='word_1_85' title='bbox 531 1031 586 1059; x_wconf 93' lang='lat' dir='ltr'>eo</span> <span class='ocrx_word' id='word_1_86' title='bbox 610 1016 829 1071; x_wconf 83' lang='lat' dir='ltr'>quiescat.</span> 
     </span>
    </p>

    <p class='ocr_par' dir='ltr' id='par_1_5' title="bbox 304 1092 1933 1226">
     <span class='ocr_line' id='line_1_12' title="bbox 391 1092 1933 1150; baseline 0.001 -13"><span class='ocrx_word' id='word_1_87' title='bbox 391 1093 737 1145; x_wconf 90' lang='lat' dir='ltr'>Contentiones,</span> <span class='ocrx_word' id='word_1_88' title='bbox 778 1092 1236 1144; x_wconf 83' lang='lat' dir='ltr'>obmurmurationes,</span> <span class='ocrx_word' id='word_1_89' title='bbox 1277 1106 1328 1135; x_wconf 91' lang='lat' dir='ltr'>ac</span> <span class='ocrx_word' id='word_1_90' title='bbox 1356 1107 1512 1136; x_wconf 89' lang='lat' dir='ltr'>earum</span> <span class='ocrx_word' id='word_1_91' title='bbox 1540 1093 1714 1150; x_wconf 89' lang='lat' dir='ltr'>species</span> <span class='ocrx_word' id='word_1_92' title='bbox 1753 1094 1824 1138; x_wconf 91' lang='lat' dir='ltr'>vel</span> <span class='ocrx_word' id='word_1_93' title='bbox 1852 1109 1933 1150; x_wconf 83' lang='lat' dir='ltr'>ap-</span> 
     </span>
     <span class='ocr_line' id='line_1_13' title="bbox 304 1170 854 1226; baseline -0.002 -14"><span class='ocrx_word' id='word_1_94' title='bbox 304 1171 532 1226; x_wconf 86' lang='lat' dir='ltr'>parentiae</span> <span class='ocrx_word' id='word_1_95' title='bbox 556 1170 854 1225; x_wconf 81' lang='lat' dir='ltr'>extirpentur.</span> 
     </span>
    </p>

    <p class='ocr_par' dir='ltr' id='par_1_6' title="bbox 392 1246 1933 1302">
     <span class='ocr_line' id='line_1_14' title="bbox 392 1246 1933 1302; baseline 0.002 -14"><span class='ocrx_word' id='word_1_96' title='bbox 392 1247 574 1302; x_wconf 72' lang='lat' dir='ltr'>Quibus</span> <span class='ocrx_word' id='word_1_97' title='bbox 596 1247 652 1291; x_wconf 92' lang='lat' dir='ltr'>de</span> <span class='ocrx_word' id='word_1_98' title='bbox 677 1248 812 1290; x_wconf 87' lang='lat' dir='ltr'>rebus</span> <span class='ocrx_word' id='word_1_99' title='bbox 835 1260 972 1302; x_wconf 88' lang='lat' dir='ltr'>agere</span> <span class='ocrx_word' id='word_1_100' title='bbox 994 1247 1189 1301; x_wconf 87' lang='lat' dir='ltr'>debeant</span> <span class='ocrx_word' id='word_1_101' title='bbox 1213 1246 1256 1288; x_wconf 92' lang='lat' dir='ltr'>in</span> <span class='ocrx_word' id='word_1_102' title='bbox 1281 1246 1516 1302; x_wconf 88' lang='lat' dir='ltr'>colloquiis</span> <span class='ocrx_word' id='word_1_103' title='bbox 1539 1247 1697 1300; x_wconf 91' lang='lat' dir='ltr'>nostri,</span> <span class='ocrx_word' id='word_1_104' title='bbox 1723 1248 1769 1290; x_wconf 90' lang='lat' dir='ltr'>id</span> <span class='ocrx_word' id='word_1_105' title='bbox 1791 1248 1933 1291; x_wconf 91' lang='lat' dir='ltr'>tradi-</span> 
     </span>
    </p>
   </div>
   <div class='ocr_carea' id='block_1_3' title="bbox 1957 0 2028 628">
    <p class='ocr_par' dir='ltr' id='par_1_7' title="bbox 1957 0 2028 628">
     <span class='ocr_line' id='line_1_15' title="bbox 1957 0 2028 628; baseline 0 2798"><span class='ocrx_word' id='word_1_106' title='bbox 1957 0 2028 628; x_wconf 95' lang='lat' dir='ltr'> </span> 
     </span>
    </p>
   </div>
   <div class='ocr_carea' id='block_1_4' title="bbox 304 1323 2003 1381">
    <p class='ocr_par' dir='ltr' id='par_1_8' title="bbox 304 1323 2003 1381">
     <span class='ocr_line' id='line_1_16' title="bbox 304 1323 2003 1381; baseline 0.001 -15"><span class='ocrx_word' id='word_1_107' title='bbox 304 1332 398 1366; x_wconf 89' lang='lat' dir='ltr'>tum</span> <span class='ocrx_word' id='word_1_108' title='bbox 423 1324 466 1365; x_wconf 90' lang='lat' dir='ltr'>in</span> <span class='ocrx_word' id='word_1_109' title='bbox 492 1325 716 1380; x_wconf 81' lang='lat' dir='ltr'>catalogo,</span> <span class='ocrx_word' id='word_1_110' title='bbox 743 1331 788 1367; x_wconf 93' lang='lat' dir='ltr'>et</span> <span class='ocrx_word' id='word_1_111' title='bbox 811 1323 992 1379; x_wconf 88' lang='lat' dir='ltr'>publice</span> <span class='ocrx_word' id='word_1_112' title='bbox 1015 1323 1295 1379; x_wconf 88' lang='lat' dir='ltr'>propositum</span> <span class='ocrx_word' id='word_1_113' title='bbox 1318 1332 1402 1376; x_wconf 89' lang='lat' dir='ltr'>est,</span> <span class='ocrx_word' id='word_1_114' title='bbox 1424 1325 1549 1379; x_wconf 93' lang='lat' dir='ltr'>quod</span> <span class='ocrx_word' id='word_1_115' title='bbox 1581 1324 1824 1381; x_wconf 82' lang='lat' dir='ltr'>diligenter</span> <span class='ocrx_word' id='word_1_116' title='bbox 1848 1339 1931 1368; x_wconf 87' lang='lat' dir='ltr'>cu·</span> <span class='ocrx_word' id='word_1_117' title='bbox 1995 1339 2003 1351; x_wconf 84' lang='grc'>··</span> 
     </span>
    </p>
   </div>
   <div class='ocr_carea' id='block_1_5' title="bbox 305 1392 1931 1610">
    <p class='ocr_par' dir='ltr' id='par_1_9' title="bbox 305 1392 1931 1610">
     <span class='ocr_line' id='line_1_17' title="bbox 305 1392 1927 1457; baseline 0.001 -15"><span class='ocrx_word' id='word_1_118' title='bbox 305 1416 404 1444; x_wconf 89' lang='lat' dir='ltr'>rare</span> <span class='ocrx_word' id='word_1_119' title='bbox 427 1401 594 1444; x_wconf 88' lang='lat' dir='ltr'>debent</span> <span class='ocrx_word' id='word_1_120' title='bbox 617 1400 873 1456; x_wconf 83' lang='lat' dir='ltr'>superiores</span> <span class='ocrx_word' id='word_1_121' title='bbox 896 1408 944 1442; x_wconf 88' lang='lat' dir='ltr'>vt</span> <span class='ocrx_word' id='word_1_122' title='bbox 967 1392 1252 1452; x_wconf 80' lang='lat' dir='ltr'>obseruetur,</span> <span class='ocrx_word' id='word_1_123' title='bbox 1279 1400 1492 1444; x_wconf 87' lang='lat' dir='ltr'>adhibitis</span> <span class='ocrx_word' id='word_1_124' title='bbox 1508 1401 1696 1445; x_wconf 92' lang='lat' dir='ltr'>secretis</span> <span class='ocrx_word' id='word_1_125' title='bbox 1712 1401 1927 1457; x_wconf 90' lang='lat' dir='ltr'>syndicis.</span> 
     </span>
     <span class='ocr_line' id='line_1_18' title="bbox 307 1476 1931 1533; baseline 0.001 -13"><span class='ocrx_word' id='word_1_126' title='bbox 307 1478 443 1533; x_wconf 76' lang='lat' dir='ltr'>Quod</span> <span class='ocrx_word' id='word_1_127' title='bbox 467 1477 503 1520; x_wconf 88' lang='lat' dir='ltr'>si</span> <span class='ocrx_word' id='word_1_128' title='bbox 527 1486 594 1520; x_wconf 88' lang='lat' dir='ltr'>sat</span> <span class='ocrx_word' id='word_1_129' title='bbox 617 1492 707 1520; x_wconf 90' lang='lat' dir='ltr'>non</span> <span class='ocrx_word' id='word_1_130' title='bbox 731 1484 868 1528; x_wconf 89' lang='lat' dir='ltr'>esset,</span> <span class='ocrx_word' id='word_1_131' title='bbox 893 1484 1046 1533; x_wconf 88' lang='lat' dir='ltr'>posset</span> <span class='ocrx_word' id='word_1_132' title='bbox 1068 1476 1194 1519; x_wconf 87' lang='lat' dir='ltr'>iuxta</span> <span class='ocrx_word' id='word_1_133' title='bbox 1217 1484 1498 1533; x_wconf 88' lang='lat' dir='ltr'>praesentem</span> <span class='ocrx_word' id='word_1_134' title='bbox 1522 1477 1837 1522; x_wconf 88' lang='lat' dir='ltr'>necessitatem</span> <span class='ocrx_word' id='word_1_135' title='bbox 1860 1478 1931 1521; x_wconf 91' lang='lat' dir='ltr'>in-</span> 
     </span>
     <span class='ocr_line' id='line_1_19' title="bbox 305 1553 1616 1610; baseline 0 -13"><span class='ocrx_word' id='word_1_136' title='bbox 305 1555 431 1597; x_wconf 76' lang='lat' dir='ltr'>stitui</span> <span class='ocrx_word' id='word_1_137' title='bbox 455 1555 571 1598; x_wconf 82' lang='lat' dir='ltr'>seria</span> <span class='ocrx_word' id='word_1_138' title='bbox 594 1555 743 1609; x_wconf 80' lang='lat' dir='ltr'>aliqua</span> <span class='ocrx_word' id='word_1_139' title='bbox 768 1553 980 1609; x_wconf 85' lang='lat' dir='ltr'>colloquii</span> <span class='ocrx_word' id='word_1_140' title='bbox 1005 1555 1264 1597; x_wconf 81' lang='lat' dir='ltr'>reformatio</span> <span class='ocrx_word' id='word_1_141' title='bbox 1286 1569 1311 1596; x_wconf 87' lang='lat' dir='ltr'>a</span> <span class='ocrx_word' id='word_1_142' title='bbox 1333 1554 1616 1610; x_wconf 88' lang='lat' dir='ltr'>prouinciali.</span> 
     </span>
    </p>
   </div>
   <div class='ocr_carea' id='block_1_6' title="bbox 871 1686 1361 1717">
    <p class='ocr_par' dir='ltr' id='par_1_10' title="bbox 871 1686 1361 1717">
     <span class='ocr_line' id='line_1_20' title="bbox 871 1686 1361 1717; baseline 0 -1"><span class='ocrx_word' id='word_1_143' title='bbox 871 1686 933 1716; x_wconf 91' lang='lat' dir='ltr'>DE</span> <span class='ocrx_word' id='word_1_144' title='bbox 956 1686 1361 1717; x_wconf 87' lang='lat' dir='ltr'><strong>CONUERSATIONE</strong></span> 
     </span>
    </p>
   </div>
   <div class='ocr_carea' id='block_1_7' title="bbox 301 1785 1989 3075">
    <p class='ocr_par' dir='ltr' id='par_1_11' title="bbox 301 1785 1989 2688">
     <span class='ocr_line' id='line_1_21' title="bbox 391 1785 1936 1842; baseline 0.001 -13"><span class='ocrx_word' id='word_1_145' title='bbox 391 1785 612 1830; x_wconf 87' lang='lat' dir='ltr'>Maiorem</span> <span class='ocrx_word' id='word_1_146' title='bbox 635 1785 681 1828; x_wconf 89' lang='lat' dir='ltr'>in</span> <span class='ocrx_word' id='word_1_147' title='bbox 705 1786 890 1828; x_wconf 90' lang='lat' dir='ltr'>modum</span> <span class='ocrx_word' id='word_1_148' title='bbox 914 1792 1075 1829; x_wconf 90' lang='lat' dir='ltr'>curent</span> <span class='ocrx_word' id='word_1_149' title='bbox 1105 1785 1360 1842; x_wconf 85' lang='lat' dir='ltr'>superiores</span> <span class='ocrx_word' id='word_1_150' title='bbox 1389 1801 1442 1830; x_wconf 85' lang='lat' dir='ltr'>ac</span> <span class='ocrx_word' id='word_1_151' title='bbox 1471 1789 1765 1840; x_wconf 87' lang='lat' dir='ltr'>contendant,</span> <span class='ocrx_word' id='word_1_152' title='bbox 1791 1795 1840 1830; x_wconf 92' lang='lat' dir='ltr'>vt</span> <span class='ocrx_word' id='word_1_153' title='bbox 1863 1803 1936 1831; x_wconf 90' lang='lat' dir='ltr'>re-</span> 
     </span>
     <span class='ocr_line' id='line_1_22' title="bbox 304 1862 1934 1919; baseline 0.001 -14"><span class='ocrx_word' id='word_1_154' title='bbox 304 1863 466 1919; x_wconf 87' lang='lat' dir='ltr'>ligiose</span> <span class='ocrx_word' id='word_1_155' title='bbox 489 1876 749 1919; x_wconf 89' lang='lat' dir='ltr'>magnaque</span> <span class='ocrx_word' id='word_1_156' title='bbox 771 1862 1084 1906; x_wconf 88' lang='lat' dir='ltr'>aedificatione</span> <span class='ocrx_word' id='word_1_157' title='bbox 1107 1877 1206 1906; x_wconf 92' lang='lat' dir='ltr'>sese</span> <span class='ocrx_word' id='word_1_158' title='bbox 1228 1870 1390 1918; x_wconf 85' lang='lat' dir='ltr'>gerant</span> <span class='ocrx_word' id='word_1_159' title='bbox 1408 1864 1548 1907; x_wconf 89' lang='lat' dir='ltr'>nostri</span> <span class='ocrx_word' id='word_1_160' title='bbox 1572 1864 1688 1908; x_wconf 90' lang='lat' dir='ltr'>inter</span> <span class='ocrx_word' id='word_1_161' title='bbox 1706 1864 1798 1909; x_wconf 85' lang='lat'>450</span> <span class='ocrx_word' id='word_1_162' title='bbox 1824 1879 1934 1908; x_wconf 91' lang='lat' dir='ltr'>con-</span> 
     </span>
     <span class='ocr_line' id='line_1_23' title="bbox 304 1932 1934 1998; baseline 0.001 -15"><span class='ocrx_word' id='word_1_163' title='bbox 304 1941 577 1983; x_wconf 87' lang='lat' dir='ltr'>uersandum</span> <span class='ocrx_word' id='word_1_164' title='bbox 601 1932 705 1982; x_wconf 87' lang='lat' dir='ltr'>cum</span> <span class='ocrx_word' id='word_1_165' title='bbox 729 1940 944 1984; x_wconf 87' lang='lat' dir='ltr'>externis:</span> <span class='ocrx_word' id='word_1_166' title='bbox 971 1954 1056 1983; x_wconf 92' lang='lat' dir='ltr'>nec</span> <span class='ocrx_word' id='word_1_167' title='bbox 1079 1954 1183 1982; x_wconf 92' lang='lat' dir='ltr'>cum</span> <span class='ocrx_word' id='word_1_168' title='bbox 1206 1940 1472 1985; x_wconf 86' lang='lat' dir='ltr'>mulieribus</span> <span class='ocrx_word' id='word_1_169' title='bbox 1493 1949 1633 1998; x_wconf 89' lang='lat' dir='ltr'>agant</span> <span class='ocrx_word' id='word_1_170' title='bbox 1651 1941 1736 1985; x_wconf 90' lang='lat' dir='ltr'>nisi</span> <span class='ocrx_word' id='word_1_171' title='bbox 1759 1942 1805 1984; x_wconf 90' lang='lat' dir='ltr'>in</span> <span class='ocrx_word' id='word_1_172' title='bbox 1827 1956 1934 1986; x_wconf 89' lang='lat' dir='ltr'>con-</span> 
     </span>
     <span class='ocr_line' id='line_1_24' title="bbox 303 2017 1935 2073; baseline 0.003 -15"><span class='ocrx_word' id='word_1_173' title='bbox 303 2017 498 2060; x_wconf 84' lang='lat' dir='ltr'>fessione</span> <span class='ocrx_word' id='word_1_174' title='bbox 521 2024 565 2060; x_wconf 92' lang='lat' dir='ltr'>et</span> <span class='ocrx_word' id='word_1_175' title='bbox 589 2018 644 2060; x_wconf 88' lang='lat' dir='ltr'>de</span> <span class='ocrx_word' id='word_1_176' title='bbox 669 2018 820 2068; x_wconf 83' lang='lat' dir='ltr'>rebus,</span> <span class='ocrx_word' id='word_1_177' title='bbox 846 2031 962 2072; x_wconf 90' lang='lat' dir='ltr'>quae</span> <span class='ocrx_word' id='word_1_178' title='bbox 985 2031 1088 2060; x_wconf 92' lang='lat' dir='ltr'>cum</span> <span class='ocrx_word' id='word_1_179' title='bbox 1113 2017 1399 2061; x_wconf 86' lang='lat' dir='ltr'>confessione</span> <span class='ocrx_word' id='word_1_180' title='bbox 1421 2018 1692 2062; x_wconf 90' lang='lat' dir='ltr'>coniunctae</span> <span class='ocrx_word' id='word_1_181' title='bbox 1714 2027 1837 2073; x_wconf 92' lang='lat' dir='ltr'>sunt,</span> <span class='ocrx_word' id='word_1_182' title='bbox 1863 2020 1935 2063; x_wconf 90' lang='lat' dir='ltr'>vel</span> 
     </span>
     <span class='ocr_line' id='line_1_25' title="bbox 301 2094 1989 2151; baseline 0.002 -15"><span class='ocrx_word' id='word_1_183' title='bbox 301 2095 359 2136; x_wconf 81' lang='lat' dir='ltr'>ad</span> <span class='ocrx_word' id='word_1_184' title='bbox 383 2109 536 2137; x_wconf 85' lang='lat' dir='ltr'>earum</span> <span class='ocrx_word' id='word_1_185' title='bbox 561 2102 770 2149; x_wconf 86' lang='lat' dir='ltr'>spectant</span> <span class='ocrx_word' id='word_1_186' title='bbox 793 2094 1046 2149; x_wconf 88' lang='lat' dir='ltr'>profectum</span> <span class='ocrx_word' id='word_1_187' title='bbox 1070 2094 1364 2149; x_wconf 84' lang='lat' dir='ltr'>spiritualem3</span> <span class='ocrx_word' id='word_1_188' title='bbox 1392 2109 1476 2138; x_wconf 91' lang='lat' dir='ltr'>nec</span> <span class='ocrx_word' id='word_1_189' title='bbox 1499 2096 1589 2138; x_wconf 90' lang='lat' dir='ltr'>vlla</span> <span class='ocrx_word' id='word_1_190' title='bbox 1616 2110 1828 2151; x_wconf 87' lang='lat' dir='ltr'>vmquam</span> <span class='ocrx_word' id='word_1_191' title='bbox 1867 2098 1934 2139; x_wconf 89' lang='lat' dir='ltr'>fa-</span> <span class='ocrx_word' id='word_1_192' title='bbox 1987 2120 1989 2123; x_wconf 96' lang='lat'>·</span> 
     </span>
     <span class='ocr_line' id='line_1_26' title="bbox 302 2169 1936 2228; baseline 0.002 -16"><span class='ocrx_word' id='word_1_193' title='bbox 302 2171 534 2213; x_wconf 85' lang='lat' dir='ltr'>miliaritas</span> <span class='ocrx_word' id='word_1_194' title='bbox 558 2186 661 2213; x_wconf 86' lang='lat' dir='ltr'>cum</span> <span class='ocrx_word' id='word_1_195' title='bbox 686 2171 795 2226; x_wconf 83' lang='lat' dir='ltr'>ipsis</span> <span class='ocrx_word' id='word_1_196' title='bbox 818 2172 1128 2214; x_wconf 87' lang='lat' dir='ltr'>contrahatur.</span> <span class='ocrx_word' id='word_1_197' title='bbox 1155 2169 1260 2214; x_wconf 85' lang='lat' dir='ltr'>Alia</span> <span class='ocrx_word' id='word_1_198' title='bbox 1282 2172 1400 2216; x_wconf 87' lang='lat' dir='ltr'>enim</span> <span class='ocrx_word' id='word_1_199' title='bbox 1425 2171 1603 2228; x_wconf 87' lang='lat' dir='ltr'>priuata</span> <span class='ocrx_word' id='word_1_200' title='bbox 1632 2172 1745 2216; x_wconf 90' lang='lat' dir='ltr'>ratio</span> <span class='ocrx_word' id='word_1_201' title='bbox 1774 2173 1819 2216; x_wconf 92' lang='lat' dir='ltr'>in</span> <span class='ocrx_word' id='word_1_202' title='bbox 1849 2174 1936 2218; x_wconf 91' lang='lat' dir='ltr'>So-</span> 
     </span>
     <span class='ocr_line' id='line_1_27' title="bbox 301 2247 1936 2307; baseline 0.002 -17"><span class='ocrx_word' id='word_1_203' title='bbox 301 2248 464 2291; x_wconf 89' lang='lat' dir='ltr'>cietate</span> <span class='ocrx_word' id='word_1_204' title='bbox 487 2248 791 2290; x_wconf 85' lang='lat' dir='ltr'>iuuandarum</span> <span class='ocrx_word' id='word_1_205' title='bbox 816 2247 1056 2290; x_wconf 88' lang='lat' dir='ltr'>mulierum</span> <span class='ocrx_word' id='word_1_206' title='bbox 1081 2263 1171 2291; x_wconf 89' lang='lat' dir='ltr'>non</span> <span class='ocrx_word' id='word_1_207' title='bbox 1189 2256 1273 2301; x_wconf 89' lang='lat' dir='ltr'>est,</span> <span class='ocrx_word' id='word_1_208' title='bbox 1294 2248 1379 2292; x_wconf 90' lang='lat' dir='ltr'>nisi</span> <span class='ocrx_word' id='word_1_209' title='bbox 1402 2263 1518 2304; x_wconf 88' lang='lat' dir='ltr'>quae</span> <span class='ocrx_word' id='word_1_210' title='bbox 1541 2249 1661 2293; x_wconf 89' lang='lat' dir='ltr'>dicta</span> <span class='ocrx_word' id='word_1_211' title='bbox 1683 2257 1769 2303; x_wconf 91' lang='lat' dir='ltr'>est,</span> <span class='ocrx_word' id='word_1_212' title='bbox 1795 2257 1841 2294; x_wconf 91' lang='lat' dir='ltr'>et</span> <span class='ocrx_word' id='word_1_213' title='bbox 1855 2265 1936 2307; x_wconf 90' lang='lat' dir='ltr'>per</span> 
     </span>
     <span class='ocr_line' id='line_1_28' title="bbox 304 2324 1938 2382; baseline 0 -12"><span class='ocrx_word' id='word_1_214' title='bbox 304 2325 520 2370; x_wconf 84' lang='lat' dir='ltr'>exercitia</span> <span class='ocrx_word' id='word_1_215' title='bbox 549 2324 817 2380; x_wconf 86' lang='lat' dir='ltr'>spiritualia,</span> <span class='ocrx_word' id='word_1_216' title='bbox 844 2324 880 2367; x_wconf 89' lang='lat' dir='ltr'>si</span> <span class='ocrx_word' id='word_1_217' title='bbox 911 2325 998 2367; x_wconf 87' lang='lat' dir='ltr'>hoc</span> <span class='ocrx_word' id='word_1_218' title='bbox 1028 2326 1249 2370; x_wconf 91' lang='lat' dir='ltr'>concedet</span> <span class='ocrx_word' id='word_1_219' title='bbox 1277 2325 1482 2382; x_wconf 90' lang='lat' dir='ltr'>superior</span> <span class='ocrx_word' id='word_1_220' title='bbox 1509 2333 1555 2370; x_wconf 90' lang='lat' dir='ltr'>et</span> <span class='ocrx_word' id='word_1_221' title='bbox 1583 2334 1736 2370; x_wconf 91' lang='lat' dir='ltr'>noster</span> <span class='ocrx_word' id='word_1_222' title='bbox 1765 2334 1810 2372; x_wconf 91' lang='lat' dir='ltr'>et</span> <span class='ocrx_word' id='word_1_223' title='bbox 1838 2326 1938 2370; x_wconf 91' lang='lat' dir='ltr'>illa-</span> 
     </span>
     <span class='ocr_line' id='line_1_29' title="bbox 304 2402 1940 2460; baseline 0 -13"><span class='ocrx_word' id='word_1_224' title='bbox 304 2419 420 2455; x_wconf 89' lang='lat' dir='ltr'>rum,</span> <span class='ocrx_word' id='word_1_225' title='bbox 462 2403 534 2445; x_wconf 89' lang='lat' dir='ltr'>vel</span> <span class='ocrx_word' id='word_1_226' title='bbox 564 2402 640 2457; x_wconf 90' lang='lat' dir='ltr'>qui</span> <span class='ocrx_word' id='word_1_227' title='bbox 675 2402 851 2444; x_wconf 88' lang='lat' dir='ltr'>illarum</span> <span class='ocrx_word' id='word_1_228' title='bbox 885 2416 1039 2445; x_wconf 78' lang='lat' dir='ltr'>curam</span> <span class='ocrx_word' id='word_1_229' title='bbox 1075 2403 1342 2459; x_wconf 90' lang='lat' dir='ltr'>legittimam</span> <span class='ocrx_word' id='word_1_230' title='bbox 1370 2404 1504 2460; x_wconf 90' lang='lat' dir='ltr'>gerit,</span> <span class='ocrx_word' id='word_1_231' title='bbox 1536 2411 1584 2446; x_wconf 93' lang='lat' dir='ltr'>vt</span> <span class='ocrx_word' id='word_1_232' title='bbox 1617 2405 1752 2447; x_wconf 91' lang='lat' dir='ltr'>alicui</span> <span class='ocrx_word' id='word_1_233' title='bbox 1774 2405 1940 2448; x_wconf 92' lang='lat' dir='ltr'>dentur</span> 
     </span>
     <span class='ocr_line' id='line_1_30' title="bbox 305 2479 1939 2538; baseline 0.002 -16"><span class='ocrx_word' id='word_1_234' title='bbox 305 2484 438 2535; x_wconf 89' lang='lat' dir='ltr'>(quae</span> <span class='ocrx_word' id='word_1_235' title='bbox 461 2481 689 2522; x_wconf 83' lang='lat' dir='ltr'>dabuntur</span> <span class='ocrx_word' id='word_1_236' title='bbox 717 2486 867 2523; x_wconf 88' lang='lat' dir='ltr'>tamen</span> <span class='ocrx_word' id='word_1_237' title='bbox 892 2494 971 2534; x_wconf 89' lang='lat' dir='ltr'>per</span> <span class='ocrx_word' id='word_1_238' title='bbox 993 2479 1336 2523; x_wconf 89' lang='lat' dir='ltr'>selectissimum</span> <span class='ocrx_word' id='word_1_239' title='bbox 1372 2482 1553 2524; x_wconf 88' lang='lat' dir='ltr'>Patrem</span> <span class='ocrx_word' id='word_1_240' title='bbox 1593 2489 1637 2526; x_wconf 92' lang='lat' dir='ltr'>et</span> <span class='ocrx_word' id='word_1_241' title='bbox 1674 2481 1939 2538; x_wconf 90' lang='lat' dir='ltr'>probatissi-</span> 
     </span>
     <span class='ocr_line' id='line_1_31' title="bbox 304 2555 1938 2615; baseline 0.001 -15"><span class='ocrx_word' id='word_1_242' title='bbox 304 2572 426 2600; x_wconf 91' lang='lat' dir='ltr'>mum</span> <span class='ocrx_word' id='word_1_243' title='bbox 449 2556 497 2598; x_wconf 88' lang='lat' dir='ltr'>in</span> <span class='ocrx_word' id='word_1_244' title='bbox 519 2556 686 2611; x_wconf 89' lang='lat' dir='ltr'>templo</span> <span class='ocrx_word' id='word_1_245' title='bbox 711 2565 883 2607; x_wconf 89' lang='lat' dir='ltr'>nostro,</span> <span class='ocrx_word' id='word_1_246' title='bbox 903 2555 978 2598; x_wconf 83' lang='lat' dir='ltr'>vbi</span> <span class='ocrx_word' id='word_1_247' title='bbox 1002 2557 1150 2599; x_wconf 91' lang='lat' dir='ltr'>solent</span> <span class='ocrx_word' id='word_1_248' title='bbox 1173 2557 1319 2599; x_wconf 85' lang='lat' dir='ltr'>audiri</span> <span class='ocrx_word' id='word_1_249' title='bbox 1342 2557 1683 2615; x_wconf 89' lang='lat' dir='ltr'>confessiones);</span> <span class='ocrx_word' id='word_1_250' title='bbox 1710 2558 1938 2602; x_wconf 88' lang='lat' dir='ltr'>iuuabun-</span> 
     </span>
     <span class='ocr_line' id='line_1_32' title="bbox 303 2632 1570 2688; baseline 0.001 -12"><span class='ocrx_word' id='word_1_251' title='bbox 303 2642 376 2676; x_wconf 94' lang='lat' dir='ltr'>tur</span> <span class='ocrx_word' id='word_1_252' title='bbox 394 2632 560 2688; x_wconf 90' lang='lat' dir='ltr'>alioqui</span> <span class='ocrx_word' id='word_1_253' title='bbox 584 2646 663 2688; x_wconf 90' lang='lat' dir='ltr'>per</span> <span class='ocrx_word' id='word_1_254' title='bbox 686 2632 893 2687; x_wconf 86' lang='lat' dir='ltr'>publicas</span> <span class='ocrx_word' id='word_1_255' title='bbox 917 2632 1178 2685; x_wconf 92' lang='lat' dir='ltr'>conciones,</span> <span class='ocrx_word' id='word_1_256' title='bbox 1205 2640 1252 2675; x_wconf 91' lang='lat' dir='ltr'>vt</span> <span class='ocrx_word' id='word_1_257' title='bbox 1275 2633 1457 2687; x_wconf 90' lang='lat' dir='ltr'>caeteri,</span> <span class='ocrx_word' id='word_1_258' title='bbox 1483 2642 1570 2678; x_wconf 90' lang='lat' dir='ltr'>etc.</span> 
     </span>
    </p>

    <p class='ocr_par' dir='ltr' id='par_1_12' title="bbox 303 2708 1966 3075">
     <span class='ocr_line' id='line_1_33' title="bbox 392 2708 1966 2766; baseline 0.001 -14"><span class='ocrx_word' id='word_1_259' title='bbox 392 2710 556 2753; x_wconf 86' lang='lat' dir='ltr'>Nullus</span> <span class='ocrx_word' id='word_1_260' title='bbox 585 2709 722 2751; x_wconf 88' lang='lat' dir='ltr'>alium</span> <span class='ocrx_word' id='word_1_261' title='bbox 751 2708 1001 2765; x_wconf 88' lang='lat' dir='ltr'>interroget</span> <span class='ocrx_word' id='word_1_262' title='bbox 1029 2709 1084 2752; x_wconf 90' lang='lat' dir='ltr'>de</span> <span class='ocrx_word' id='word_1_263' title='bbox 1123 2709 1220 2753; x_wconf 89' lang='lat' dir='ltr'>eius</span> <span class='ocrx_word' id='word_1_264' title='bbox 1260 2711 1458 2766; x_wconf 89' lang='lat' dir='ltr'>peccatis</span> <span class='ocrx_word' id='word_1_265' title='bbox 1487 2712 1560 2756; x_wconf 90' lang='lat' dir='ltr'>vel</span> <span class='ocrx_word' id='word_1_266' title='bbox 1591 2712 1935 2764; x_wconf 86' lang='lat' dir='ltr'>tentationibus,</span> <span class='ocrx_word' id='word_1_267' title='bbox 1960 2752 1966 2754; x_wconf 83' lang='lat'><em>.</em></span> 
     </span>
     <span class='ocr_line' id='line_1_34' title="bbox 306 2785 1933 2843; baseline 0.002 -14"><span class='ocrx_word' id='word_1_268' title='bbox 306 2787 392 2830; x_wconf 88' lang='lat' dir='ltr'>nisi</span> <span class='ocrx_word' id='word_1_269' title='bbox 415 2787 489 2829; x_wconf 85' lang='lat' dir='ltr'>cui</span> <span class='ocrx_word' id='word_1_270' title='bbox 512 2802 567 2831; x_wconf 86' lang='lat' dir='ltr'>ex</span> <span class='ocrx_word' id='word_1_271' title='bbox 591 2785 741 2829; x_wconf 88' lang='lat' dir='ltr'>officio</span> <span class='ocrx_word' id='word_1_272' title='bbox 759 2786 804 2828; x_wconf 91' lang='lat' dir='ltr'>id</span> <span class='ocrx_word' id='word_1_273' title='bbox 820 2785 1053 2841; x_wconf 90' lang='lat' dir='ltr'>competit,</span> <span class='ocrx_word' id='word_1_274' title='bbox 1075 2786 1287 2830; x_wconf 87' lang='lat' dir='ltr'>videlicet</span> <span class='ocrx_word' id='word_1_275' title='bbox 1303 2788 1509 2843; x_wconf 90' lang='lat' dir='ltr'>superior</span> <span class='ocrx_word' id='word_1_276' title='bbox 1526 2790 1598 2833; x_wconf 93' lang='lat' dir='ltr'>vel</span> <span class='ocrx_word' id='word_1_277' title='bbox 1615 2788 1933 2841; x_wconf 88' lang='lat' dir='ltr'>confessarius;</span> 
     </span>
     <span class='ocr_line' id='line_1_35' title="bbox 303 2862 1936 2920; baseline 0.001 -13"><span class='ocrx_word' id='word_1_278' title='bbox 303 2872 349 2908; x_wconf 93' lang='lat' dir='ltr'>et</span> <span class='ocrx_word' id='word_1_279' title='bbox 379 2864 426 2906; x_wconf 84' lang='lat' dir='ltr'>hi</span> <span class='ocrx_word' id='word_1_280' title='bbox 465 2864 667 2918; x_wconf 87' lang='lat' dir='ltr'>quidem,</span> <span class='ocrx_word' id='word_1_281' title='bbox 700 2863 756 2907; x_wconf 93' lang='lat' dir='ltr'>de</span> <span class='ocrx_word' id='word_1_282' title='bbox 779 2862 977 2919; x_wconf 88' lang='lat' dir='ltr'>peccatis</span> <span class='ocrx_word' id='word_1_283' title='bbox 1006 2863 1270 2919; x_wconf 89' lang='lat' dir='ltr'>praesertim</span> <span class='ocrx_word' id='word_1_284' title='bbox 1300 2865 1605 2920; x_wconf 89' lang='lat' dir='ltr'>grauioribus,</span> <span class='ocrx_word' id='word_1_285' title='bbox 1637 2865 1723 2909; x_wconf 88' lang='lat' dir='ltr'>nisi</span> <span class='ocrx_word' id='word_1_286' title='bbox 1752 2865 1797 2908; x_wconf 94' lang='lat' dir='ltr'>in</span> <span class='ocrx_word' id='word_1_287' title='bbox 1826 2880 1936 2909; x_wconf 55' lang='lat' dir='ltr'>cons</span> 
     </span>
     <span class='ocr_line' id='line_1_36' title="bbox 304 2939 1937 3007; baseline 0.001 -25"><span class='ocrx_word' id='word_1_288' title='bbox 304 2941 503 2985; x_wconf 88' lang='lat' dir='ltr'>fessione</span> <span class='ocrx_word' id='word_1_289' title='bbox 527 2955 583 2984; x_wconf 93' lang='lat' dir='ltr'>ne</span> <span class='ocrx_word' id='word_1_290' title='bbox 606 2939 907 2996; x_wconf 88' lang='lat' dir='ltr'>interrogent:</span> <span class='ocrx_word' id='word_1_291' title='bbox 934 2940 989 2983; x_wconf 87' lang='lat' dir='ltr'>de</span> <span class='ocrx_word' id='word_1_292' title='bbox 1013 2939 1339 2984; x_wconf 88' lang='lat' dir='ltr'>tentationibus</span> <span class='ocrx_word' id='word_1_293' title='bbox 1366 2941 1540 2984; x_wconf 88' lang='lat' dir='ltr'>facilius</span> <span class='ocrx_word' id='word_1_294' title='bbox 1568 2949 1782 2998; x_wconf 91' lang='lat' dir='ltr'>poterunt</span> <span class='ocrx_word' id='word_1_295' title='bbox 1810 2949 1937 3007; x_wconf 64' lang='lat' dir='ltr'>extra</span> 
     </span>
     <span class='ocr_line' id='line_1_37' title="bbox 304 3016 1935 3075; baseline 0.001 -15"><span class='ocrx_word' id='word_1_296' title='bbox 304 3018 655 3069; x_wconf 80' lang='lat' dir='ltr'>confessionem,</span> <span class='ocrx_word' id='word_1_297' title='bbox 682 3031 766 3061; x_wconf 90' lang='lat' dir='ltr'>nec</span> <span class='ocrx_word' id='word_1_298' title='bbox 796 3016 923 3060; x_wconf 91' lang='lat' dir='ltr'>alteri</span> <span class='ocrx_word' id='word_1_299' title='bbox 955 3031 1037 3060; x_wconf 86' lang='lat' dir='ltr'>sua</span> <span class='ocrx_word' id='word_1_300' title='bbox 1066 3024 1254 3073; x_wconf 89' lang='lat' dir='ltr'>peccata</span> <span class='ocrx_word' id='word_1_301' title='bbox 1285 3018 1358 3062; x_wconf 90' lang='lat' dir='ltr'>vel</span> <span class='ocrx_word' id='word_1_302' title='bbox 1391 3018 1664 3063; x_wconf 88' lang='lat' dir='ltr'>tentationes</span> <span class='ocrx_word' id='word_1_303' title='bbox 1697 3019 1935 3075; x_wconf 89' lang='lat' dir='ltr'>quisquam</span> 
     </span>
    </p>
   </div>
  </div>
 </body>
</html>
