2028 3426
665 217 1104 254 SUPPLEMENTUM—zz
1582 213 1603 248 8
1613 223 1649 258 ¹5

70 322 188 372 dam,
220 334 323 363 cum
362 333 631 375 magnorum
670 318 866 360 virorum
901 316 1152 359 authoritas
1181 330 1314 371 quam
1345 315 1586 371 plurimum
1618 330 1697 357 va-

69 399 173 450 leat,
199 396 408 453 precibus
430 396 605 451 piorum
624 395 857 450 vtriusque
875 408 1010 436 sexus
1028 392 1424 449 nouimagensium
1444 399 1549 434 ante
1567 407 1696 435 men—

69 489 141 517 ses
179 473 350 527 aliquot
386 473 607 528 impulsus
651 486 766 524 sum,
810 478 858 512 vt
897 468 1291 513 Reuerendissimo
1330 468 1696 512 Ruremundensi

68 550 318 594 Wilhelmo
351 550 570 600 Lindano,
603 548 785 591 domino
815 561 914 590 meo
952 561 1003 589 ac
1042 545 1292 589 Mecaenati
1326 560 1502 600 semper
1540 546 1695 587 obser-

68 628 239 678 uando,
264 626 583 681 supplicarem,
609 640 698 680 quo
721 625 768 668 S.
798 626 850 666 R.
877 624 1011 667 vellet
1034 624 1120 664 hoc
1142 622 1384 677 negocium
1416 637 1496 677 pro
1524 621 1696 663 viribus

67 718 352 760 promouere.
401 703 537 758 Quod
570 708 691 745 certe
721 701 874 743 ouium
915 714 1097 742 suarum
1136 713 1293 741 amans
1326 698 1564 754 episcopus
1603 713 1696 739 non

67 780 291 837 grauatim
317 779 438 831 fecit3
464 779 570 833 quia
587 778 974 820 animaduertebat
992 791 1100 819 suae
1119 775 1286 818 diocesi
1305 775 1491 830 egregie
1510 789 1696 830 prospe-

65 865 189 901 ctum
212 856 282 908 iri,
308 856 344 898 si
367 855 542 911 piorum
566 853 961 910 nouimagensium
985 852 1185 895 studium
1212 851 1418 895 foelicem
1441 852 1576 893 finem
1601 865 1694 893 sor-

66 933 241 978 tiretur.
269 934 385 976 Cum
409 946 516 974 vero
538 931 655 973 votis
673 931 792 986 apud
810 930 1070 985 episcopum
1090 928 1220 984 potiti
1239 934 1390 972 essent
1407 927 1513 970 boni
1536 927 1618 969 viri
1642 942 1694 970 ac

64 1013 257 1056 deuotae
286 1016 533 1060 matronae,
567 1008 785 1063 putabant
814 1006 926 1049 nihil
961 1005 1239 1047 difficultatis
1267 1018 1521 1060 superesse,
1549 1005 1685 1046 maxi-

66 1104 137 1132 me
159 1102 261 1130 cum
285 1093 470 1129 senatus
499 1099 677 1128 omnem
711 1083 1002 1139 polliceretur
1035 1096 1233 1137 operam,
1260 1088 1304 1124 et
1334 1080 1581 1136 capitulum
1611 1095 1692 1122 no-

66 1164 329 1219 uimagense
353 1176 534 1217 quoque
559 1160 726 1203 fauoris
744 1160 876 1215 signa
893 1159 1110 1201 nonnulla
1128 1158 1297 1201 ederet.
1327 1158 1688 1213 Sperabantque,

64 1241 153 1283 imo
175 1255 265 1283 non
289 1239 573 1288 dubitabant,
600 1237 706 1292 quin
732 1235 972 1280 Societatis
997 1237 1155 1277 Patres
1184 1234 1438 1289 singulares
1468 1235 1565 1277 Deo
1589 1247 1691 1289 gra-

65 1317 149 1361 tias
170 1323 375 1373 agerent,
401 1315 521 1370 quod
545 1315 589 1356 in
612 1329 664 1356 ea
687 1313 873 1356 ciuitate
903 1313 1033 1355 sedes
1062 1326 1168 1354 suas
1197 1324 1318 1352 nunc
1346 1311 1488 1366 figere
1517 1309 1690 1365 incipe-

64 1402 178 1446 rent,
220 1410 245 1438 e
283 1408 371 1448 qua
408 1391 645 1436 Societatis
674 1390 834 1445 religio
862 1389 908 1430 in
945 1388 1189 1432 Germania
1218 1402 1306 1429 non
1346 1387 1512 1443 exigua
1539 1387 1690 1430 incre-

63 1478 214 1514 menta
236 1469 424 1524 accepit.
452 1469 584 1510 Esset
607 1468 695 1509 hoc
726 1480 831 1509 vere
863 1463 1175 1520 apostolicum.
1213 1462 1424 1518 Apostoli
1456 1463 1574 1506 enirn
1605 1463 1691 1504 mi-

65 1547 200 1589 mima
223 1545 460 1589 occasione
483 1559 616 1599 quam
642 1542 857 1585 latissime
885 1556 1018 1583 suum
1048 1546 1356 1596 propagarunt
1380 1539 1686 1595 euangelium,

65 1624 176 1667 nihil
206 1623 355 1666 minus
385 1630 597 1664 curantes
626 1634 758 1674 quarn
799 1626 846 1660 vt
881 1616 1276 1660 concionatoribus
1308 1623 1352 1658 et
1384 1615 1598 1658 ministris
1635 1616 1690 1658 de

64 1702 187 1744 lauta
210 1708 329 1744 esset
352 1713 506 1741 mensa
531 1704 832 1752 prospectum,
859 1709 1007 1749 neque
1032 1693 1114 1736 fuit
1137 1693 1222 1736 illis
1245 1708 1381 1735 curae
1404 1700 1451 1734 vt
1472 1692 1690 1736 ecclesiae

61 1779 184 1834 ipsae
207 1776 360 1819 multis
383 1774 598 1817 ministris
621 1774 938 1823 clarescerent,
965 1772 1044 1815 sed
1062 1780 1110 1812 vt
1128 1770 1294 1824 vbique
1312 1784 1451 1825 parua
1469 1769 1689 1823 quaedam

62 1856 357 1897 fundamenta
386 1853 585 1895 iacerent
616 1849 889 1893 christianae
928 1847 1122 1904 pietatis,
1155 1850 1286 1903 quae,
1314 1854 1526 1901 tanquam
1549 1860 1690 1888 euan-

63 1931 205 1988 gelica
232 1945 376 1986 grana
399 1928 584 1984 sinapis,
610 1927 655 1969 in
688 1928 857 1982 amplas
875 1933 919 1968 et
943 1926 1055 1967 altas
1076 1930 1391 1968 excrescerent
1420 1924 1618 1974 arbores,
1644 1923 1688 1964 in

60 2023 172 2064 quas
195 2009 402 2050 volucres
425 2006 553 2058 caeli,
580 2007 665 2047 hoc
687 2011 755 2047 est
777 2003 912 2046 huius
935 2002 1076 2046 seculi
1100 1997 1353 2057 magnates,
1375 2000 1628 2042 inuolarent
1645 2006 1690 2041 et

59 2085 377 2129 inhabitarent.
405 2083 577 2126 Adiicit
599 2083 809 2126 Saluator
826 2080 870 2122 in
889 2079 1130 2135 euangelio
1149 2078 1336 2121 similem
1358 2078 1614 2133 parabolam
1634 2077 1689 2119 de

63 2161 268 2213 muliere,
295 2175 427 2215 quae,
454 2161 673 2203 fermento
697 2164 898 2213 accepto,
926 2155 1162 2198 abscondit
1191 2155 1301 2196 illud
1325 2154 1371 2196 in
1395 2153 1563 2196 farinae
1582 2153 1690 2195 satis

62 2239 222 2289 tribus,
247 2239 392 2280 donec
412 2237 756 2280 fermentaretur
776 2241 936 2276 totum.
958 2234 1094 2275 Certe
1111 2246 1200 2274 vna
1222 2230 1355 2273 etiam
1376 2229 1535 2272 mulier
1553 2229 1690 2271 huius
1722 2240 1727 2244 ·

63 2314 242 2370 negocii
273 2313 556 2356 foelicissima
585 2311 783 2366 auspicia
822 2309 962 2361 dedit,
1003 2316 1048 2352 et
1086 2322 1264 2350 omnem
1305 2308 1413 2358 fere,
1440 2307 1588 2349 adhuc
1621 2306 1687 2346 vi-

62 2405 191 2442 uens,
217 2389 516 2433 substantiam
534 2403 660 2431 suam
684 2387 864 2438 obtulit,
889 2393 938 2428 vt
961 2379 1088 2427 initia
1111 2385 1334 2439 quaedam
1357 2382 1537 2438 collegii
1561 2381 1686 2424 vide-

62 2473 145 2519 ret,
182 2474 227 2510 et
264 2465 437 2509 ciuitati
477 2463 793 2519 nouimagensi
831 2462 1087 2518 prouissum
1126 2467 1261 2503 esset.
1303 2461 1402 2515 Ego
1441 2473 1548 2502 vero
1586 2472 1688 2500 cum

63 2543 195 2586 Rmo.
222 2545 280 2586 D.
308 2557 425 2594 meo,
451 2556 541 2584 non
566 2542 622 2584 de
644 2555 732 2582 vna
755 2540 899 2582 solum
925 2537 1126 2589 ciuitate,
1147 2537 1226 2579 sed
1248 2537 1304 2578 de
1322 2543 1415 2578 tota
1431 2534 1614 2586 diocesi,
1635 2535 1691 2577 de

62 2619 265 2662 finitimis
288 2618 551 2675 prouinciis,
573 2617 694 2674 Julia
721 2619 727 2637 ¹
755 2623 800 2659 et
823 2615 987 2667 Cliuia‚
1013 2613 1216 2656 solicitus
1233 2627 1348 2655 sum.
1371 2611 1507 2654 Dices
1523 2612 1689 2661 forsan,

63 2697 116 2738 R.
144 2697 216 2738 P.:
243 2710 334 2750 quo
356 2697 469 2737 haec
491 2700 701 2749 vergant,
728 2691 895 2734 nesciO.
931 2691 1022 2734 Sed
1052 2689 1206 2732 audiat
1227 2690 1281 2731 T.
1315 2690 1367 2731 R.
1401 2688 1595 2730 Multum
1619 2702 1690 2729 re—

63 2772 149 2815 fert
171 2771 216 2814 in
238 2771 360 2814 omni
383 2786 430 2814 re
453 2770 554 2826 quis
577 2769 684 2824 quid
707 2775 830 2824 agat,
857 2776 992 2822 atque
1015 2767 1070 2809 ad
1093 2780 1226 2808 suurn
1257 2765 1391 2807 finem
1415 2778 1558 2818 Vsque
1586 2778 1686 2819 pro-

62 2855 293 2903 sequatur.
321 2847 442 2891 Huic
459 2846 652 2902 negocio
670 2845 857 2901 primam
877 2858 1030 2887 ansam
1052 2841 1275 2898 praestitit
1294 2840 1451 2896 pietas,
1474 2839 1685 2890 eruditio,

135 3018 145 3037 ¹
197 3015 338 3060 Julich.
