2028 3426
447 268 722 304 MONUMENTA
749 268 1004 304 GERMANJAE
1027 266 1368 311 SUPERloRls—34
1611 266 1680 302 233

871 417 952 459 34

858 544 957 599 jhs.

484 630 660 684 QUAE
692 631 861 672 DIXIT
894 633 947 673 R.
987 633 1038 674 Ρ.
1075 629 1345 673 NATALIS

197 737 525 768 MONAcHIENsr
561 738 768 767 RECTORI
803 739 863 768 AD
898 738 1283 776 EXEQUU‘HONEM
1318 737 1636 767 PRAESENTEM

756 815 1055 845 ATTINENTIA
1087 802 1095 819 ¹

192 909 364 951 Omnes
387 906 586 949 scribant
609 906 839 962 generalia
862 915 878 931 ἃ
900 908 928 948 2.

191 985 369 1027 Fratres
392 984 589 1025 habeant
612 990 785 1038 potum,
811 997 944 1037 quem
967 983 1080 1025 ratio
1104 983 1256 1039 exigit.

191 1061 324 1103 Vitus
347 1062 361 1081 ⁵
385 1060 431 1101 in
455 1067 675 1102 autumno
698 1059 1014 1115 proficiscatur
1037 1060 1083 1102 in
1106 1060 1299 1115 patriam
1323 1060 1380 1102 ad
1402 1059 1734 1115 disponendum

106 1152 175 1181 res
197 1151 318 1179 suas:
345 1136 522 1180 interim
547 1136 715 1178 scribat
737 1137 793 1179 ad
817 1151 924 1178 suos
949 1144 1138 1181 tutores,

194 1215 426 1256 Abraham
450 1214 465 1233 ‘⁴
489 1228 591 1255 cum
617 1212 768 1268 aliquo
787 1214 923 1256 Patre
940 1213 1054 1257 viset
1072 1228 1204 1255 suum
1222 1220 1412 1269 patrem,
1434 1213 1507 1255 cui
1525 1214 1737 1256 auferen—

106 1291 151 1333 di
174 1299 280 1334 sunt
303 1290 403 1332 libri
426 1289 656 1334 haeretici.

195 1368 406 1410 Facultas
445 1366 569 1409 Patri
606 1366 846 1409 Dominico
885 1368 899 1388 ὅ
938 1381 1153 1410 concessa
1192 1373 1366 1408 tantum
1410 1365 1639 1408 iudicandi
1677 1365 1735 1408 de

108 1444 233 1487 libris
255 1443 509 1497 haereticis,
535 1443 611 1485 vbi
634 1458 722 1485 non
747 1444 875 1487 adest
897 1444 1054 1486 doctor
1079 1444 1251 1486 Paulus
1273 1445 1305 1485 ⁶.

198 1520 251 1563 P.
277 1520 544 1563 Dominicus
566 1519 757 1563 retineat
789 1534 923 1562 suum
957 1522 1262 1564 confessorem
1295 1520 1438 1562 donec
1472 1518 1594 1561 aliud
1626 1533 1740 1561 con-

110 1597 342 1640 stituatur.

199 1674 247 1719 Si
271 1675 348 1729 qui
370 1674 530 1716 nouitii
553 1675 752 1718 habeant
781 1674 961 1729 aliquod
989 1681 1144 1716 votum
1174 1674 1220 1715 in
1248 1674 1446 1725 saeculo,
1478 1687 1568 1715 non
1598 1681 1738 1724 tenet,

113 1765 216 1794 narn
240 1758 442 1794 mutatur
463 1750 509 1792 in
532 1758 638 1793 vota
661 1758 834 1793 nostra.

182 1899 200 1915 a
248 1888 314 1923 Sic
333 1898 420 1931 ms.;
441 1887 511 1922 sed
529 1886 798 1922 existimamus
817 1886 1003 1922 omissum
1022 1898 1110 1922 esse
1129 1887 1318 1922 examina
1337 1897 1358 1920 a
1377 1886 1547 1922 librario.

186 2009 194 2028 ¹
245 2007 302 2041 Ex
323 2006 545 2052 apographo
562 2016 719 2051 coaeV0‚
743 2005 781 2040 in
799 2004 934 2040 codice
953 2005 1092 2041 Natal.
1112 2005 1232 2040 instr.
1253 2004 1409 2046 Germ„
1425 2004 1571 2051 duplici
1586 2004 1668 2050 fol„
1685 2013 1745 2048 51-

111 2065 170 2110 53.
197 2067 304 2101 Inter
329 2066 426 2100 haee
449 2064 540 2100 folia
564 2064 668 2099 aliud
693 2064 851 2099 minoris
875 2064 1130 2099 dimensionis
1157 2064 1430 2110 interpositum
1455 2063 1530 2099 fuit
1554 2076 1575 2098 a
1599 2064 1745 2100 codicis

111 2125 384 2171 compositore,
412 2135 651 2170 numeroque
679 2133 722 2168 52
747 2128 940 2169 notatum,
964 2123 1031 2158 ubi
1056 2123 1161 2158 aliud
1186 2128 1480 2158 monumentum
1505 2123 1743 2160 continetur.

113 2185 220 2219 Haec
251 2183 456 2219 instructio
479 2195 500 2218 a
524 2183 654 2218 Natali
678 2183 784 2217 Patri
810 2182 1016 2217 Dominico
1042 2183 1227 2227 Mengino
1251 2182 1341 2216 data
1367 2182 1440 2217 fuit
1466 2194 1601 2217 mense
1625 2183 1743 2228 Junio

114 2243 204 2278 anni
226 2242 330 2286 1566,
350 2254 438 2277 curn
456 2242 511 2277 illi
531 2253 629 2276 onus
654 2240 816 2276 rectoris
841 2240 1085 2275 monacensis
1109 2240 1265 2286 collegii
1290 2240 1489 2286 imposuit.
1516 2240 1576 2276 Cf.
1603 2239 1738 2287 Epist.

116 2303 163 2337 P.
185 2301 335 2342 Ναᾱαι,
356 2302 418 2343 111,
443 2301 522 2344 167.
1574 2287 1577 2292 “

181 2363 195 2381 “-’
247 2359 346 2395 Cum
364 2359 533 2404 collegia
551 2359 738 2394 domosve
758 2357 967 2393 Societatis
983 2358 1025 2394 F.
1044 2358 1193 2393 Natalis
1209 2357 1411 2401 inviseret,
1428 2358 1580 2393 solebat
1593 2358 1746 2393 cunctis

113 2420 332 2465 injungere,
353 2424 396 2454 ut
415 2429 579 2453 examen
596 2418 781 2463 generale
800 2429 849 2451 ex
867 2417 1030 2451 formula
1055 2418 1104 2452 ab
1129 2417 1266 2451 eodem
1292 2417 1489 2462 proposita
1512 2416 1743 2453 scriberent.

114 2479 274 2513 Praeter
303 2479 376 2513 hoc
407 2490 571 2513 examen
601 2478 800 2523 generale,
832 2482 942 2511 erant
973 2477 1151 2511 examina
1183 2476 1470 2522 magistrorum,
1496 2476 1747 2511 scholastico-

114 2549 197 2572 rum
229 2543 305 2572 etc.
337 2537 438 2572 Vide
469 2536 572 2572 dicta
597 2536 636 2571 in
661 2536 790 2582 Epist.
822 2536 866 2573 P.
894 2535 1044 2577 Nadal,
1071 2536 1102 2580 Ι,
1128 2544 1267 2582 xmun,
1296 2543 1407 2580 xmx,
1436 2535 1607 2580 789-7953
1634 2540 1673 2569 et
1698 2535 1746 2578 ΙΙ,

117 2605 186 2640 527
205 2603 244 2632 et
263 2596 344 2640 528.

184 2655 197 2674 ³
248 2656 291 2690 P.
321 2655 435 2690 Vitus
460 2655 593 2700 Liner,
618 2654 770 2699 adjutor
795 2653 970 2699 magistri
994 2653 1243 2689 novitiorum.
1271 2653 1331 2689 Cf.
1360 2653 1488 2699 Epist.
1517 2653 1565 2686 P.
1594 2652 1742 2692 Nadal,

116 2715 182 2760 ΙΙΙ,
203 2714 285 2760 248,
306 2724 390 2760 249,
410 2722 493 2758 510.

186 2776 200 2796 4
250 2774 350 2810 Cum
368 2776 496 2809 nullus
521 2774 618 2808 alius
643 2774 715 2808 hoc
740 2773 896 2808 nomine
923 2772 1139 2818 reperiatur
1166 2772 1204 2806 in
1235 2771 1385 2806 Natalis
1416 2771 1675 2813 examinibus,
1708 2778 1746 2804 et

117 2833 272 2868 aliunde
290 2833 353 2868 hic
372 2834 568 2868 Abraham
587 2832 832 2867 monacensis
851 2837 971 2875 esset,
991 2836 1093 2866 teste
1112 2831 1257 2875 Natali,
1278 2831 1406 2876 Epist.
1434 2831 1481 2864 P.
1509 2830 1659 2870 Nadal,
1679 2830 1746 2871 111,

118 2901 200 2938 255,
232 2893 501 2927 existimamus
531 2891 614 2937 ejus
645 2902 863 2936 cognomen
894 2902 981 2925 esse
1010 2891 1194 2925 Seraclze.
1222 2889 1320 2923 Vide
1349 2889 1432 2933 ejus
1459 2899 1637 2933 examen,
1664 2888 1741 2922 loc.

118 2951 202 2996 cit.y
221 2952 270 2995 ΙΙ,
293 2959 374 2995 527.

188 3011 202 3031 5
253 3009 474 3054 Menfflnus,
493 3014 620 3043 rector
638 3008 810 3053 collegii.

188 3069 202 3089 ⁰
252 3068 456 3113 Hoffaeus,
475 3067 630 3112 collegii
651 3067 840 3105 minister.
