2028 3426
479 253 831 287 ADHORTATmNis
856 251 931 285 6.ae
958 252 1276 296 ExcERPTA—67
1571 252 1637 286 661

60 369 142 397 nes
165 354 267 397 illae
290 352 602 405 scholasticae,
629 367 743 406 quae
766 367 1092 407 saepenumero
1111 353 1318 395 videntur
1342 353 1532 405 steriles,
1553 361 1687 407 atque

58 432 118 473 ab
149 430 310 485 spiritu
343 429 530 477 alienae,
566 443 590 470 a
622 429 713 472 fine
745 428 984 472 Societatis
1007 429 1254 479 seiunctae,
1297 429 1413 472 inter
1450 431 1531 471 has
1568 429 1687 471 enim

56 506 194 549 simul
223 513 266 550 et
295 506 416 548 salus
447 514 491 548 et
520 504 736 560 perfectio
760 504 1016 547 auditorum
1051 505 1280 559 quaeritur
1314 519 1365 547 ac
1400 512 1682 559 procuratur.

63 584 216 637 Itaque
253 581 469 625 lectiones
502 581 603 625 illae
635 589 679 624 et
707 580 919 624 exercitia
942 581 1210 623 scholastica
1238 580 1378 624 instar
1409 581 1529 623 hami
1560 582 1688 624 nobis

0 679 4 690 ·
64 668 170 701 sunt
193 659 247 700 ad
272 658 441 700 animas
463 658 775 713 expiscandas.
808 657 899 701 Sed
927 658 983 699 de
1012 657 1081 699 his
1111 658 1219 700 alias
1241 664 1285 700 et
1317 657 1616 713 opportunius
1645 666 1689 701 et

66 734 226 777 fusius.
253 736 387 777 Nunc
410 735 465 777 ad
487 733 572 776 alia
595 733 842 776 ministeria
860 734 1173 789 procedamus.

150 813 208 852 Et
230 811 357 852 alind
386 811 689 865 quodcumque
717 810 840 851 verbi
868 811 957 852 Dei
986 811 1310 852 ministerimn.
1338 812 1417 852 Est
1448 825 1611 866 magna
1645 811 1689 852 in

62 888 252 932 ecclesia
275 887 360 930 Dei
384 887 545 943 gratia,
571 887 796 930 excellens
818 886 1032 938 officium,
1054 886 1305 929 ministrum
1325 901 1422 929 esse
1441 887 1565 930 verbi
1586 888 1687 937 Dei,

63 965 182 1018 quod
206 964 249 1005 in
273 963 433 1019 spiritu
455 962 777 1027 intelligamus,
805 964 981 1007 fratres.
1007 965 1151 1018 Xpus.
1178 970 1247 1005 est
1271 965 1457 1006 verbum
1482 963 1565 1006 Dei
1588 963 1689 1005 infi-

63 1040 222 1082 nitum:
250 1039 386 1082 huius
407 1054 563 1081 sumus
588 1038 711 1082 verbi
735 1039 941 1090 ministri,
967 1039 1061 1094 ipse
1084 1039 1202 1082 enim
1221 1054 1302 1081 nos
1321 1039 1472 1090 mittit,
1493 1039 1588 1094 ipse
1607 1054 1692 1081 nos

62 1118 210 1167 docet,
237 1116 332 1172 ipse
354 1115 483 1158 nobis
506 1123 574 1158 est
597 1117 783 1157 verbum
807 1115 1010 1167 interius,
1036 1115 1132 1171 ipse
1159 1116 1235 1158 dat
1263 1115 1392 1158 nobis
1422 1123 1469 1157 vt
1503 1117 1690 1158 verbum

61 1193 297 1235 audiamus
329 1191 576 1243 doctrinae,
613 1206 664 1234 ac
697 1191 943 1235 sentiamus
981 1193 1039 1233 ab
1070 1192 1168 1247 ipso
1200 1193 1460 1247 procedere,
1487 1192 1586 1248 ipse
1615 1192 1692 1234 dat

65 1269 193 1312 nobis
216 1269 461 1313 efficaciam
485 1276 529 1312 et
553 1268 836 1321 charitatem,
857 1270 1041 1325 praebet
1058 1269 1282 1311 sermonis
1301 1277 1345 1313 et
1364 1269 1452 1310 vim
1472 1269 1689 1313 diuinam.

0 1369 2 1372 ·
66 1345 334 1401 Magnitudo
358 1345 589 1388 ministerii
612 1345 736 1387 verbi
759 1346 972 1401 explicari
995 1361 1020 1388 a
1044 1346 1172 1388 nobis
1196 1361 1287 1388 non
1312 1353 1476 1401 potest3
1501 1345 1693 1387 sentitur

68 1430 243 1465 tantum
267 1422 312 1464 in
337 1422 496 1478 spiritu
519 1422 564 1463 in
589 1424 673 1464 X.⁰

154 1499 303 1542 Huius
326 1499 563 1542 ministerii
586 1499 853 1555 praecipuae
876 1507 981 1542 sunt
1004 1508 1169 1555 partes,
1195 1501 1251 1542 de
1273 1499 1438 1554 quibus
1461 1499 1545 1541 iam
1576 1499 1693 1541 dixi-

65 1590 179 1618 mus:
206 1575 446 1618 conciones
469 1583 513 1619 et
531 1575 747 1618 lectiones
765 1590 932 1618 sacrae.
958 1578 1012 1618 Et
1032 1583 1180 1618 tamen
1199 1576 1349 1618 statim
1367 1576 1412 1618 in
1431 1575 1691 1618 vniuersum

58 1667 241 1695 omnem
264 1651 482 1695 rationem
511 1653 699 1696 verbum
730 1652 814 1695 Dei
845 1653 1126 1695 ministrandi
1158 1652 1499 1708 complectimur
1527 1652 1572 1693 in
1601 1653 1693 1695 fer-

67 1743 175 1772 uore
196 1728 395 1784 spiritus;
422 1743 514 1770 non
536 1728 654 1771 enim
677 1728 915 1772 videbatur
933 1731 1047 1772 haec
1065 1729 1379 1772 vniuersalitas
1398 1736 1486 1771 tam
1506 1728 1595 1770 cito
1613 1743 1694 1771 ex-

68 1805 287 1860 plicanda,
315 1819 454 1859 quum
484 1805 568 1847 alia
598 1805 844 1849 ministeria
874 1806 998 1849 verbi
1026 1807 1294 1853 subdantur.
1329 1807 1420 1849 Sed
1448 1804 1649 1847 similiter
1678 1812 1694 1828 a

6 1918 9 1920 .
67 1882 164 1924 fieri
193 1883 306 1924 solet
335 1881 380 1923 in
409 1881 547 1924 sacris
577 1882 731 1934 literis3
763 1882 978 1924 dicuntur
999 1883 1118 1925 enim
1143 1882 1290 1937 aliqua
1312 1898 1389 1938 per
1412 1881 1693 1936 anticipatio—

67 1974 186 2003 nem.
219 1959 308 2002 Sed
339 1972 558 2013 quaenam
589 1966 695 2001 sunt
724 1959 798 2001 illa
830 1959 1078 2002 ministeria
1107 1960 1248 2010 verbi,
1275 1966 1451 2014 praeter
1480 1974 1548 2009 ea,
1580 1972 1694 2012 quae

69 2036 229 2090 partim
253 2034 373 2077 dicta
396 2042 518 2085 sunt,
545 2034 706 2090 partim
728 2036 1001 2079 subdentur?

159 2111 376 2163 Primum,
402 2111 634 2166 spirituale
656 2112 929 2166 colloquium
955 2112 1198 2168 priuatum,
1224 2112 1269 2154 in
1293 2126 1382 2166 quo
1400 2110 1612 2154 eximium
1630 2118 1698 2154 est

74 2187 259 2230 iuuandi
282 2187 471 2243 proximi
500 2187 772 2242 praesidium
803 2196 938 2243 atque
967 2189 1234 2240 subsidium3
1265 2189 1322 2230 de
1351 2203 1440 2242 quo
1473 2188 1698 2242 praeclare

70 2264 224 2307 dicere
246 2264 407 2306 solitus
431 2273 526 2306 erat
552 2265 600 2305 P.
632 2264 852 2319 Ignatius‚
878 2265 1063 2321 egregia
1087 2265 1221 2308 etiam
1245 2265 1422 2316 docere3
1444 2265 1563 2318 quod
1580 2264 1697 2306 enim

76 2340 254 2396 publice
292 2340 465 2382 faciunt
501 2356 581 2396 pro
619 2349 843 2397 suggestu
882 2342 1223 2390 concionatores
1261 2349 1306 2385 et
1348 2342 1539 2384 lectores
1582 2340 1700 2395 apud

73 2417 427 2470 multitudinem,
467 2417 512 2459 id
551 2417 759 2473 priuatim
797 2433 999 2462 summae
1036 2418 1242 2461 Vtilitatis
1284 2425 1352 2460 est
1389 2417 1541 2459 conari
1581 2417 1699 2471 apud

33 2542 40 2557 x
70 2493 338 2550 singulares.
364 2495 420 2536 Et
443 2494 517 2536 hic
541 2494 722 2549 quidem
758 2497 898 2537 maior
930 2502 999 2539 est
1031 2495 1230 2546 libertas,
1268 2494 1408 2536 maior
1440 2494 1574 2535 etiam
1612 2492 1696 2543 vis,

73 2569 148 2611 vbi
172 2577 319 2625 potest
341 2586 397 2614 ex
424 2571 547 2613 vario
577 2586 796 2626 responso
830 2572 901 2613 vel
933 2573 1098 2614 affectu
1130 2572 1317 2614 verbum
1351 2567 1696 2612 accommodari.

75 2647 140 2688 Ita
162 2647 213 2688 fit
236 2654 284 2688 vt
306 2647 434 2701 quasi
457 2649 624 2703 praeda
648 2648 693 2689 in
716 2662 867 2692 casses
890 2655 1069 2690 nostros
1091 2648 1307 2690 conclusa
1329 2646 1402 2697 sit,
1428 2653 1493 2696 vt,
1526 2643 1611 2686 X.⁰
1634 2644 1700 2685 iu-

75 2730 227 2776 uante,
254 2723 369 2766 elabi
392 2723 616 2766 dificulter
639 2723 794 2779 possit,
821 2723 857 2766 si
882 2723 964 2765 viri
988 2723 1127 2766 simus
1149 2723 1193 2765 in
1217 2723 1301 2766 X.⁰

164 2800 239 2841 Ad
261 2801 350 2841 hoc
373 2799 668 2842 ministerium
694 2807 966 2856 acceperunt
989 2814 1015 2841 a
1038 2802 1135 2843 Deo
1158 2798 1294 2853 aliqui
1318 2798 1543 2853 insignem
1563 2796 1700 2837 facul-

75 2882 231 2926 tatem,
257 2875 375 2919 inter
396 2890 509 2930 quos
532 2876 618 2919 fuit
642 2878 693 2918 P.
722 2877 883 2919 Petrus
905 2877 1065 2927 Faber,
1100 2876 1272 2931 primus
1303 2874 1452 2916 socius
1483 2874 1534 2914 P.
1567 2872 1701 2928 Igna-

146 3051 161 3066 a
217 3039 343 3075 Dubia
363 3039 481 3075 lectio
500 3041 613 3086 hujus
636 3041 759 3077 verbi.
