2028 3426
313 225 381 263 292
782 211 935 246 PArms
962 208 1204 242 H1ERONYM1
1231 203 1381 238 NADAL

353 316 601 361 Reficiatur
623 313 811 356 inferius
829 310 1149 365 hipocaustum
1172 303 1493 354 domunculae,
1520 315 1636 356 quae
1665 306 1733 344 est
1757 313 1900 355 prope

261 396 463 452 januam,
489 401 534 436 et
552 391 845 435 coniunctum
869 386 928 428 illi
959 383 1221 427 cubiculum
1245 381 1301 424 ad
1333 379 1639 435 excipiendos,
1665 376 1742 433 qui
1764 375 1888 420 uide-

267 474 438 515 buntur
462 484 594 526 posse
618 466 761 510 iuuari
787 466 829 507 in
854 462 1029 519 spiritu,
1056 467 1144 505 etc.

357 551 502 598 Penu,
525 546 645 601 quod
669 553 735 586 est
753 543 876 584 iuxta
894 541 1081 595 januam
1098 536 1377 587 interiorem,
1397 535 1673 578 concedatur
1695 530 1891 587 collegio

269 639 534 683 pauperum,
568 623 627 664 ita
653 630 817 669 tamen,
851 625 898 659 ut
927 617 1165 659 obstruant
1192 612 1357 656 ostium
1388 618 1433 656 et
1471 612 1731 661 fenestram,
1758 623 1896 664 quam
1936 660 1948 668 ‘

272 703 439 747 facient
462 716 516 744 ex
540 699 624 742 alia
643 707 783 753 parte.

359 778 641 822 Occludatur
666 775 876 822 fenestra,
904 785 1020 825 quae
1040 783 1096 812 ex
1127 767 1338 811 cubiculo
1367 765 1669 821 collegi-alium
1700 762 1903 819 pertinet

271 858 326 900 ad
350 863 554 898 nostrum
586 851 763 901 atriu1>n3
790 858 834 893 et
862 847 898 890 si
927 845 1112 890 noceret
1135 843 1315 888 sanitati
1345 850 1485 886 totam
1514 842 1632 884 illam
1664 841 1894 890 claudere,

272 934 512 977 claudatur
537 937 709 972 tantum
740 941 905 981 magna
933 924 1052 967 illius
1080 938 1200 980 pars,
1233 937 1289 965 ex
1318 929 1444 978 parte
1472 917 1687 970 inferiori,
1719 925 1764 960 et
1785 929 1902 973 pons

271 1010 492 1053 eiiciatur.

363 1089 523 1137 Lucas,
551 1092 595 1128 et
620 1085 858 1137 hungarus
885 1078 1159 1134 recipiantur
1187 1084 1231 1121 et
1261 1075 1498 1118 mittantur
1529 1075 1740 1129 Pragam.
1768 1071 1897 1115 Scla-

272 1179 357 1207 uus
379 1161 617 1212 Abstemii,
645 1159 721 1216 qui
745 1167 813 1202 est
836 1160 995 1200 horum
1019 1155 1185 1207 socius,
1210 1168 1313 1196 cum
1338 1151 1537 1203 redierit,
1556 1149 1593 1193 si
1618 1155 1739 1206 petat
1762 1147 1902 1203 recipi

273 1242 329 1283 ad
347 1240 635 1289 Societatem,
657 1244 700 1280 et
721 1236 927 1280 uideatur
952 1241 1041 1276 tam
1065 1247 1164 1276 esse
1187 1238 1400 1274 constans
1423 1243 1556 1285 quam
1574 1234 1686 1280 erat,
1712 1224 1893 1281 recipia-

273 1326 345 1370 tur
370 1326 413 1359 et
437 1316 641 1358 mittatur
664 1315 874 1369 pragam.

358 1396 559 1451 Joannes
590 1406 698 1434 saxo
721 1389 977 1445 recipiatur,
1009 1402 1111 1430 cum
1135 1386 1326 1442 primum
1357 1382 1520 1440 poterit
1543 1396 1643 1426 esse
1664 1379 1906 1436 expeditus

269 1488 293 1515 a
323 1473 457 1514 rebus
481 1470 589 1521 suis,
615 1470 671 1512 de
695 1482 784 1523 quo
806 1467 927 1510 dicet
950 1466 1000 1507 P.
1027 1463 1200 1508 Natalis
1217 1478 1273 1505 an
1292 1461 1349 1504 sit
1368 1461 1614 1503 mittendus
1631 1457 1784 1502 statim
1804 1458 1897 1500 Mo-

275 1548 504 1603 nachhxm,
525 1562 580 1590 an
606 1560 714 1589 uero
732 1544 790 1587 sit
807 1543 880 1586 hic
899 1541 1199 1598 recipiendus,
1220 1546 1270 1582 ut
1289 1545 1446 1594 postea
1466 1535 1778 1593 proficiscatur
1797 1548 1903 1577 curn

274 1627 325 1668 Ρ.
354 1627 554 1679 Lanoyo.
579 1622 721 1673 Dixit,
748 1629 797 1663 ut
819 1619 1131 1677 proficiscatur
1153 1631 1256 1660 cum
1285 1618 1335 1659 P.
1357 1617 1601 1670 Lanoyo...

360 1702 407 1746 Si
433 1701 532 1757 quis
554 1702 690 1744 habet
712 1697 937 1743 licentiam
959 1694 1142 1752 legendi
1164 1694 1301 1736 libros
1324 1691 1592 1742 haereticos,
1618 1704 1715 1733 eam
1735 1687 1923 1743 intelli--

274 1779 424 1835 gimus
447 1778 507 1820 ita
532 1792 634 1821 eum
658 1777 841 1826 habere,
867 1788 958 1816 non
980 1781 1031 1815 ut
1059 1772 1225 1814 habeat
1248 1770 1367 1826 apud
1389 1783 1437 1812 se
1460 1767 1746 1812 continenter
1766 1765 1910 1808 libros

277 1855 549 1907 haereticos,
583 1869 697 1909 quos
725 1867 882 1896 omnes
910 1849 1094 1893 habebit
1122 1856 1270 1892 rector
1292 1847 1501 1891 occlusos
1529 1845 1572 1887 in
1597 1857 1714 1894 arca,
1741 1843 1821 1887 sed
1843 1842 1906 1884 ita

278 1933 440 1989 poterit
464 1932 528 1973 uti
555 1931 628 1973 illa
651 1930 879 1980 facultate,
908 1936 971 1978 ut,
998 1925 1174 1981 quoties
1196 1924 1280 1968 erit
1302 1922 1605 1967 necessarium
1630 1920 1695 1963 uti
1711 1919 1909 1963 lectione

275 2009 490 2051 librorum
512 2007 859 2057 haereticorum,
885 2020 938 2049 ea
959 2003 1021 2046 illi
1050 2001 1236 2046 concedi
1259 2000 1422 2056 possit,
1443 2000 1499 2042 ad
1521 1997 1904 2054 impugnandum.

277 2088 536 2129 Teneantur
581 2099 703 2136 uero,
746 2097 849 2125 cum
888 2080 1013 2124 libris
1048 2080 1102 2122 iis
1131 2078 1199 2121 usi
1241 2077 1423 2128 fuerint,
1461 2075 1700 2120 restituere
1739 2072 1904 2117 rectori

277 2163 595 2205 occludendos.
1307 2137 1314 2146 ⁰
2024 2203 2028 2206 ι

366 2238 511 2281 Fratri
538 2238 775 2281 Cardaneo
793 2237 847 2278 ad
871 2233 1215 2278 conuersionem
1234 2232 1468 2282 iuuenum,
1489 2244 1592 2272 cum
1612 2227 1776 2284 quibus
1793 2226 1908 2283 agit,
2021 2210 2028 2286 i

277 2324 425 2371 potest
448 2316 554 2358 dare
580 2312 871 2370 prouincialis
895 2312 968 2354 uel
993 2317 1137 2354 rector
1159 2310 1258 2351 loca
1285 2306 1635 2357 haereticorum,
1662 2318 1778 2361 quae
1802 2318 1908 2360 pos-

278 2393 335 2435 sit
358 2392 443 2435 illis
466 2393 722 2442 ostendere,
757 2398 805 2433 ut
842 2404 919 2432 eos
952 2387 1127 2431 facilius
1158 2385 1300 2442 possit
1338 2397 1605 2441 promouere
1635 2383 1690 2424 ad
1719 2395 1908 2425 conuer-

279 2469 469 2513 sionem.

369 2545 719 2588 Exhortationes
742 2543 1015 2587 domesticae
1039 2556 1129 2585 non
1153 2541 1376 2585 excedant
1399 2552 1534 2580 unam
1565 2537 1741 2590 horam,
1767 2541 1811 2578 et
1833 2548 1914 2577 eas

280 2622 443 2678 poterit
468 2623 635 2664 habere
663 2619 968 2676 prouincialis,
995 2626 1142 2662 rector
1164 2625 1209 2661 et
1226 2615 1361 2679 aliqui
1382 2613 1551 2659 selecti.

371 2698 584 2749 Obediat,
612 2707 659 2739 ut
685 2696 903 2752 superiori
927 2694 1240 2745 subordinato,
1267 2693 1387 2748 quod
1410 2691 1466 2733 ad
1490 2690 1705 2745 templum
1729 2687 1908 2738 attinet,

281 2775 558 2818 sacristanus
582 2788 663 2815 suo
690 2774 935 2829 praefect03
961 2773 1258 2815 admoneatur
1282 2778 1431 2812 tamen
1456 2767 1712 2823 praefectus
1741 2771 1790 2806 ut
1813 2777 1911 2805 mo-

280 2854 433 2893 derate
458 2859 564 2903 agat
589 2865 691 2892 cum
723 2851 814 2901 illo,
841 2849 913 2892 cui
942 2849 1133 2892 liberum
1167 2847 1252 2891 erit
1283 2845 1439 2890 uenire
1469 2845 1525 2886 ad
1553 2841 1848 2899 superiorem,
1874 2839 1911 2881 si

283 2929 389 2981 quid
413 2928 641 2970 uideretur
665 2928 720 2968 ad
745 2927 889 2981 ipsum
915 2940 1014 2969 esse
1037 2925 1323 2968 referendum
1349 2923 1405 2964 de
1428 2921 1674 2977 praefectO.

374 3004 631 3046 Interiorem
658 3012 827 3058 partem
849 3002 1000 3057 templi
1025 3009 1207 3044 uerrent
1229 2999 1357 3056 pueri
1375 2996 1549 3043 externi
1572 3008 1808 3052 pauperes;
1834 3007 1914 3036 su-
