2028 3426
318 227 386 263 632
791 229 946 263 PArffls
974 228 1216 263 HffiRoNYffl
1245 228 1396 264 NADAL

276 331 394 373 illam
425 330 766 386 promissionem
791 345 889 373 esse
919 328 1290 384 conditionalem,
1322 329 1511 383 scilicet,
1538 330 1575 373 si
1608 331 1652 374 in
1682 330 1911 376 Societate

275 414 581 462 perseuerent.

363 486 437 527 An
479 485 790 541 usurpandum
819 493 866 525 ut
895 483 1159 527 confessarii
1193 498 1350 528 omnes
1388 485 1693 529 confiteantur
1727 485 1906 539 rectori,

273 562 430 620 saltem
455 562 649 618 singulis
672 560 967 605 hebdomadis
985 561 1057 605 uel
1080 560 1258 605 decimo
1280 561 1439 616 quinto
1462 576 1644 617 quoque
1667 561 1756 605 die.

363 639 528 682 Caueri
547 640 680 681 debet
704 654 759 681 ne
782 637 951 693 singuli
975 637 1270 681 commissarii
1293 640 1531 695 generales
1550 638 1827 683 Societatem
1852 639 1909 682 ad

273 730 401 758 suam
426 716 643 759 rationem
667 714 941 771 procedendi
964 715 1211 770 applicent.
1245 716 1319 758 Ad
1343 716 1430 758 hoc
1453 715 1619 758 iuuerit
1637 724 1688 758 ut
1705 716 1909 771 explora-

276 792 331 834 tis
369 792 682 848 superioribus
722 791 1058 834 uisitationibus
1095 791 1446 845 uniuersalibus,
1483 806 1536 836 ea
1565 793 1814 848 probentur
1836 794 1909 836 uel

274 870 590 925 reprobentur,
617 883 733 924 quae
757 868 1051 920 uidebuntur,
1077 876 1122 911 et
1145 868 1310 926 det[ur]
1330 876 1454 912 certa
1477 869 1590 912 ratio
1617 869 1845 913 uisitandi.

365 947 618 990 Sernestres
647 945 955 989 confessiones
992 953 1036 989 et
1074 946 1330 1002 apertiones
1363 946 1744 990 conscientiarum
1775 955 1909 990 erunt

276 1022 408 1067 utiles
432 1023 646 1078 professis
668 1032 712 1065 et
752 1022 1108 1075 coadiutoribus‚
1141 1023 1177 1066 si
1200 1037 1293 1066 non
1332 1023 1651 1068 renouationes
1675 1031 1904 1067 uotorum.

362 1102 436 1143 An
461 1100 544 1144 erit
570 1100 678 1143 utile
716 1115 805 1143 non
830 1101 938 1145 dare
970 1100 1144 1144 litteras
1167 1100 1444 1144 dimissorias
1467 1100 1552 1153 his,
1585 1100 1751 1156 quibus
1775 1101 1909 1144 inuiti

272 1178 432 1219 damus
456 1177 700 1230 licentiam,
726 1186 776 1220 ut
794 1177 1062 1233 Hierspech‚
1083 1186 1129 1220 et
1147 1179 1291 1221 forma
1313 1192 1468 1221 earum
1486 1179 1624 1222 debet
1641 1177 1902 1234 praescribi.

362 1256 435 1297 An
461 1255 537 1297 fiet
560 1253 873 1297 iusiurandum
897 1254 958 1298 nil
980 1248 1147 1298 lucrari
1171 1263 1390 1298 rectorem
1414 1254 1594 1312 collegii
1622 1269 1906 1300 commensa-

273 1331 396 1382 lium,
423 1340 507 1374 etc.

359 1408 407 1452 Si
430 1409 603 1464 podran
626 1408 758 1465 iugar
780 1413 807 1451 a
829 1410 896 1452 los
919 1409 1073 1461 bidos,
1100 1423 1230 1452 como
1253 1411 1397 1454 hazen
1420 1425 1476 1453 en
1500 1411 1595 1453 sola
1620 1410 1813 1454 Vienna.

360 1487 421 1528 Vt
454 1486 638 1530 iuuetur
669 1486 914 1542 collegium
948 1486 1147 1544 aliquod,
1183 1501 1438 1542 proponere
1469 1487 1515 1531 in
1543 1487 1907 1544 congregatione

270 1562 497 1605 omnibus:
519 1563 628 1619 quid
651 1563 735 1606 sibi
762 1563 970 1606 uideatur
993 1564 1221 1619 agendum
1246 1564 1303 1606 ad
1322 1563 1687 1608 reformationem
1705 1564 1903 1621 collegii;

268 1647 314 1682 et
338 1647 386 1681 ut
410 1639 578 1697 singuli
602 1655 731 1684 suam
754 1641 864 1684 dent
886 1640 1159 1685 sententiam
1183 1639 1366 1697 scripto.

359 1717 532 1761 Curare
557 1725 605 1759 ut
628 1719 824 1762 habeam
848 1717 1014 1760 librum
1038 1719 1090 1760 Β.
1118 1717 1349 1761 Elisabeth
1373 1717 1544 1774 Ziphra
1573 1720 1600 1761 ¹.

358 1794 407 1836 In
431 1794 678 1838 Germania
702 1809 866 1850 magna
883 1802 952 1838 est
969 1796 1180 1837 habenda
1197 1795 1310 1838 ratio
1328 1794 1599 1851 principum,
1619 1795 1756 1840 etiam
1775 1810 1907 1840 secu-

269 1871 445 1923 larium,
472 1879 521 1914 ut
545 1871 630 1914 illis
653 1871 859 1924 satisfiat,
885 1880 1068 1928 propter
1092 1886 1247 1916 eorum
1272 1871 1597 1915 monarchiam.

357 1950 426 1991 Ne
444 1950 702 1992 deterreant
719 1949 976 2005 superiores
993 1964 1100 1992 suos
1117 1950 1418 2001 consultores,
1435 1951 1771 1994 contemnendo
1789 1965 1905 2006 quae

270 2026 534 2069 consulunt.

357 2102 645 2145 Continenda
678 2103 723 2144 in
754 2102 902 2146 officio
932 2102 1069 2145 animi
1099 2102 1369 2159 magnitudo
1399 2111 1444 2147 et
1476 2111 1493 2128 ³
1522 2103 1757 2156 exultatio,
1788 2118 1905 2158 quae

266 2179 381 2221 solet
404 2179 630 2233 proficisci
654 2195 710 2223 ex
733 2180 977 2223 deuotione
1004 2179 1075 2224 uel
1099 2194 1249 2224 rerum
1273 2194 1506 2232 successu,
1533 2181 1607 2223 uel
1635 2194 1772 2224 sensu
1797 2195 1903 2236 gra—

269 2255 357 2300 tiae
394 2255 660 2308 uocationis‚
699 2257 772 2299 uel
803 2272 859 2300 ex
891 2256 1116 2300 desiderio
1144 2256 1331 2300 iuuandi
1365 2257 1610 2313 proximos,
1637 2272 1694 2301 ne
1725 2257 1904 2301 sensilis

265 2332 342 2375 illa
366 2332 616 2375 consolatio
641 2333 775 2375 faciat
800 2341 848 2376 ut
871 2333 1021 2376 minus
1044 2333 1328 2377 considerate
1352 2348 1425 2376 res
1447 2334 1753 2391 agrediamur,
1774 2335 1903 2391 quasi

269 2417 391 2453 recta
416 2410 589 2453 ratione
614 2411 839 2466 neglecta.

355 2488 424 2530 Ne
448 2486 618 2529 scribat
641 2487 911 2529 secretarius
935 2503 1003 2539 ea,
1031 2502 1147 2542 quae
1170 2487 1278 2530 dicit
1301 2487 1506 2543 superior
1529 2487 1563 2540 ¹³,
1590 2489 1771 2531 nomine
1798 2503 1898 2541 suo;

266 2565 344 2607 sed
368 2563 535 2608 diserte
558 2564 679 2606 dicat
701 2571 717 2589 ⁰
739 2564 851 2606 illud
874 2564 1026 2608 dicere
1055 2565 1336 2621 superiorem
1363 2564 1397 2618 ‘¹3
1424 2565 1595 2621 reliqua
1621 2565 1902 2622 intelligatur

266 2641 462 2685 scribere
486 2655 541 2683 ex
563 2641 899 2685 commissione.

335 2794 351 2810 a
401 2784 508 2818 Haec
534 2783 721 2829 particula
746 2782 877 2817 addita
902 2788 962 2817 est
989 2794 1010 2816 a
1036 2783 1127 2818 Nat.
1181 2785 1244 2809 -b
1273 2783 1384 2818 Prius
1416 2784 1472 2819 sie
1502 2784 1689 2831 scriptum
1721 2784 1809 2821 fuit:
1842 2785 1899 2820 Ne

264 2843 311 2879 P.
346 2842 546 2877 Polancus
574 2841 721 2878 scribat
751 2853 817 2882 ea,
843 2853 944 2887 quae
969 2843 1066 2877 dicit
1092 2843 1232 2877 Pater.
1260 2843 1410 2877 Natalis
1442 2849 1482 2878 ut
1513 2855 1629 2889 supra
1659 2843 1897 2879 emendavit.

265 2911 327 2928 —C
353 2902 449 2936 dicit
470 2914 543 2937 ms.
601 2903 666 2929 —d
693 2900 951 2936 Emendatum
970 2912 991 2935 a
1011 2901 1101 2935 Nat.
1123 2912 1171 2935 ex
1192 2901 1358 2936 Patrem
1380 2901 1589 2938 Nostrum.

334 3027 343 3046 ¹
396 3028 455 3062 De
479 3028 698 3063 Elisabetha
717 3027 837 3069 Cisra,
857 3026 946 3062 vide
966 3027 1095 3073 Epist.
1120 3027 1166 3062 P.
1187 3026 1337 3068 Nadal,
1359 3027 1390 3072 1,
1409 3027 1510 3063 8-10.
