2028 3426
347 217 393 254 30
923 222 958 256 N
962 230 1102 259 0T1T1A
1131 231 1320 260 comeum

298 322 384 359 da.»
412 323 493 360 Ine.
520 322 695 361 «Audito
717 324 847 373 primo
869 325 1047 374 signo...»
1080 325 1176 363 Des.
1214 344 1272 364 ‹<...
1303 338 1424 374 quam
1453 330 1647 366 conuenit
1673 336 1927 378 expectare.›

300 393 384 430 Fol.
404 395 462 440 6r,
489 394 553 432 hie
580 395 720 432 titulus
745 396 903 444 positus
929 401 1001 433 est:
1035 396 1120 433 «De
1140 397 1341 435 modestia
1361 399 1399 436 in
1420 400 1574 448 templo
1596 402 1830 440 seruanda.»
1861 402 1932 440 Se·
1974 401 1985 442 s

298 470 408 512 ptem
429 466 592 515 regulae
613 466 667 504 ibi
686 467 739 504 de
759 468 834 505 hae
856 467 1059 505 modestia
1074 468 1298 507 traduntur.
1317 470 1399 508 Ine.
1421 472 1717 521 «Ingrediendo
1734 473 1931 522 templum

297 536 446 574 defixis
463 538 653 576 oeulis...»
679 538 776 577 Des.
882 538 1068 586 “Amen„
1089 544 1159 576 aut
1179 540 1276 588 quid
1297 541 1440 588 simile,
1462 554 1605 580 omnes
1625 544 1742 581 simul
1761 556 1930 593 respon·
1982 552 1985 554 “

296 608 452 646 deant.»
479 608 565 648 Fol.
586 610 650 647 6v:
677 628 689 641 «ς
699 610 760 647 De
782 611 983 648 modestia
1002 616 1187 659 tempore
1210 612 1470 651 collationis.»
1496 614 1580 652 Sub
1598 616 1676 653 hoc
1693 616 1822 662 titulo,
1838 622 1932 654 sunt
1979 652 1981 654 .

295 685 469 727 quatuor
487 681 651 730 regulae
671 687 842 720 tantum.
864 683 946 720 Ine.
973 683 1077 731 «Qui
1098 683 1251 720 habent
1271 695 1470 723 euram...»
1496 686 1592 724 Des.
1626 708 1630 713 <
1712 689 1929 737 gratiarum

294 752 400 788 aetio
421 752 472 789 sit
492 752 635 790 dieta.
662 753 820 791 Ibidem
843 754 906 792 hic
927 755 1066 792 titulus
1087 756 1280 803 sequitur:
1307 757 1464 794 «Mores
1484 759 1522 794 in
1544 769 1686 796 mensa
1701 759 1924 797 seruandi.»

297 823 376 860 Ine.
402 824 470 860 «In
491 824 712 862 refectione
733 837 831 875 ergo
853 827 1033 874 corporis
1054 826 1314 865 curabunt...»
1341 828 1438 866 Des.
1461 829 1527 867 fol.
1551 840 1594 878 7r
1619 847 1626 856 ·>
1699 842 1749 868 ne
1769 831 1928 868 auscul-

293 895 392 931 tatio
413 895 598 933 lectionis
619 897 872 945 impediatur.
882 916 895 929 2>
921 898 1080 935 Eodem
1102 898 1197 936 solio
1217 911 1348 937 verso:
1375 901 1459 938 «De
1480 902 1662 939 ministro
1690 899 1923 954 mens[a]e.=·

293 965 376 1002 Sub
406 967 484 1004 hoc
513 967 643 1014 titulo,
675 969 854 1016 quinque
884 974 1041 1007 tantum
1071 970 1234 1019 regulae
1261 971 1472 1018 habentur,
1494 984 1663 1020 quarum
1685 973 1824 1011 ultima
1853 974 1929 1011 alia

293 1049 413 1074 manu
433 1038 571 1076 addita
592 1044 665 1077 est.
687 1040 769 1078 Ine.
797 1040 899 1089 Qui
921 1042 1099 1088 inseruit,
1120 1043 1264 1080 erectis
1286 1043 1499 1091 pedibus..
1548 1044 1644 1082 Des.
1750 1045 1789 1082 in
1810 1046 1926 1084 aliam

291 1109 477 1156 reliquias
499 1109 718 1148 ciborum.»-
751 1111 943 1159 Sequitur
967 1112 1120 1150 ibidem
1147 1114 1297 1151 titulus:
1331 1115 1415 1152 rDe
1440 1107 1654 1154 sermone.v
1695 1116 1928 1165 Sequuntur

290 1181 470 1228 quinque
489 1182 664 1230 regulae.
687 1183 769 1220 Ine.
796 1183 952 1221 Finita
972 1196 1173 1222 11161153...>Ι
1200 1185 1295 1223 Des.
1318 1186 1384 1223 fol.
1407 1186 1460 1224 Sr:
1495 1208 1497 1211 f
1573 1187 1840 1235 praeferendo
1868 1189 1924 1226 fa-

290 1252 365 1289 cile
386 1253 439 1289 illi
461 1253 616 1291 cedat.
643 1254 803 1292 Ibidem
825 1257 1008 1303 sequitur
1027 1257 1178 1294 titulus:
1206 1258 1289 1294 «De
1310 1258 1510 1296 modestia
1532 1260 1572 1296 in
1593 1259 1717 1297 lusu.»
1744 1260 1820 1297 sub
1842 1271 1924 1308 quo

289 1328 463 1370 quatuor
495 1324 658 1374 regulae
693 1327 963 1374 reperiuntur.
999 1328 1087 1366 Ine.
1128 1328 1288 1377 «Quum
1323 1329 1442 1367 ludus
1481 1331 1787 1370 conceditur...
1827 1332 1922 1370 Des.

368 1397 567 1433 rosarium
589 1401 629 1433 et
649 1397 746 1444 quid
769 1398 933 1436 simile.»
958 1399 1044 1437 Fol.
1067 1399 1130 1444 SV,
1152 1401 1216 1437 hie
1236 1401 1376 1438 titulus
1398 1406 1573 1448 quatuor
1601 1403 1750 1452 regulis
1777 1403 1922 1451 praefi-

283 1467 400 1515 gitur:
450 1467 511 1503 De
533 1468 733 1505 modestia
753 1469 792 1506 in
814 1470 950 1507 eundo
972 1470 1154 1508 cubitum
1174 1472 1409 1509 seruanda„-v
1437 1473 1518 1510 Inc.
1545 1492 1557 1504 «
1567 1473 1750 1522 Vesperi,
1767 1477 1923 1512 exami—

286 1549 335 1574 ne
356 1550 402 1576 ae
424 1539 607 1576 oratione
627 1539 827 1588 absoluta,
849 1559 906 1579 ...»
928 1542 1023 1580 Des.
1050 1560 1108 1581 «η.
1129 1543 1280 1591 aliquid
1308 1543 1403 1581 boni
1425 1546 1642 1594 cogitent.
1669 1545 1923 1584 Clauduntur

286 1611 359 1646 hae
381 1622 525 1648 omnes
545 1611 710 1660 regulae
730 1613 769 1649 in
791 1613 870 1650 hoc
891 1613 986 1650 folio
1009 1614 1072 1661 8v,
1094 1614 1242 1662 quibus
1263 1615 1338 1652 alia
1358 1627 1482 1653 manu
1513 1616 1633 1667 (forte
1659 1617 1699 1655 P.
1727 1617 1920 1655 Theodo-

284 1681 354 1718 riei
377 1681 542 1732 Canisii)
572 1684 672 1721 haee
702 1684 854 1731 addita,
881 1697 956 1722 eeu
987 1687 1148 1723 coronis
1170 1688 1364 1733 omnium,
1394 1699 1498 1735 quae
1519 1689 1782 1736 praecedunt:
1810 1707 1819 1716 2«
1831 1689 1920 1726 Hae

283 1754 446 1802 regulae
468 1755 573 1792 cirea
593 1756 838 1804 principium
859 1758 1008 1794 mensis
1029 1758 1155 1795 semel
1176 1758 1421 1796 reducantur
1441 1760 1481 1796 in
1503 1761 1753 1807 memoriam,
1770 1765 1811 1798 et
1831 1772 1923 1798 eum

283 1824 428 1872 aliquis
449 1837 530 1872 eas,
550 1838 672 1864 Vnam
693 1828 756 1865 vel
778 1829 925 1877 plures,
955 1829 1237 1878 deprehensus
1268 1831 1341 1868 fuit
1368 1831 1556 1878 violasse,
1588 1837 1682 1882 aget
1710 1834 1921 1881 poeniten-

283 1898 378 1934 tiam
399 1909 445 1934 ae
467 1898 587 1936 dicet:
609 1899 733 1936 “Mihi
753 1901 931 1938 iniuncta
951 1906 1014 1938 est
1034 1903 1133 1938 haee
1155 1913 1301 1949 poena,
1329 1904 1422 1950 quia
1449 1903 1556 1940 illam
1576 1904 1772 1953 regulam,
1799 1916 1920 1952 quam

283 1969 386 2018 lego,
408 1970 485 2006 hoe
507 1970 570 2006 vel
591 1970 657 2007 illo
679 1971 805 2008 modo
825 1977 1100 2022 transgressus
1121 1985 1272 2019 sum„.:-

362 2040 481 2078 Num.
505 2051 539 2078 2.
596 2042 681 2079 Sub
707 2043 785 2080 hoe
812 2055 994 2090 numero,
1025 2044 1196 2082 habetur
1224 2046 1504 2094 apographum
1536 2046 1639 2083 illius
1669 2046 1919 2094 documenti,

281 2112 392 2159 quod
415 2113 452 2149 in
475 2113 618 2151 codiee
634 2113 776 2152 Natal.
793 2116 911 2153 instr.
928 2115 1073 2161 Lusit„
1097 2116 1162 2154 fol.
1190 2116 1262 2153 18v
1279 2122 1319 2153 et
1341 2127 1418 2163 19r,
1434 2118 1641 2165 reperitur.
1659 2117 1821 2156 Titulus
1842 2125 1914 2156 est:

286 2181 448 2220 ‹Orden
470 2184 522 2220 de
542 2184 580 2221 lo
602 2196 681 2232 que
703 2197 746 2222 56
767 2187 817 2223 113
838 2186 890 2223 de
910 2187 992 2224 1661
1011 2187 1034 2223 a
1061 2187 1097 2224 13
1117 2199 1262 2224 mesa.
1296 2186 1530 2225 Concordat
1559 2200 1650 2225 cum
1678 2189 1744 2226 illo
1772 2200 1914 2226 exem-

280 2254 360 2301 plo,
377 2255 544 2303 dempta
559 2256 700 2293 ultima
717 2259 985 2307 paragrapho,
1002 2259 1093 2296 huie
1111 2258 1266 2295 Natalis
1282 2271 1402 2296 manu
1419 2259 1568 2306 addita,
1585 2271 1689 2307 quae
1707 2261 1763 2298 sie
1780 2260 1914 2298 habet:

285 2326 390 2363 ‹Los
411 2326 498 2364 dias
519 2327 571 2364 de
591 2328 728 2365 fiestas
755 2329 958 2366 solemnes
988 2342 1013 2379 y
1043 2330 1261 2378 apostoles,
1293 2342 1336 2367 se
1366 2331 1454 2368 lean
1483 2331 1499 2348 a
1529 2331 1690 2369 dellas.»
1726 2331 1917 2380 Sequitur

282 2410 405 2435 unum
428 2399 565 2436 folium
587 2412 775 2438 vacuum.

358 2470 479 2508 Num.
512 2483 545 2520 3.
604 2471 924 2520 Quatuordeeim
955 2473 1057 2510 foliis
1087 2478 1264 2519 constat,
1294 2474 1333 2510 in
1363 2473 1511 2521 quibus
1540 2474 1713 2512 habetur
1740 2486 1911 2524 apogra-

277 2542 415 2588 phum,
446 2553 468 2578 a
498 2542 629 2579 Natali
659 2543 940 2591 frequentibus
967 2544 1298 2581 annotationibus
1328 2545 1603 2591 emendatum,
1634 2547 1911 2584 instructionis

275 2618 491 2659 rectorum,
513 2625 618 2660 quae
639 2620 702 2651 est
721 2615 759 2651 in
785 2614 879 2652 cod.
912 2615 1031 2653 Vatic.
1059 2623 1092 2665 7,
1114 2627 1234 2665 pagg.
1257 2616 1421 2662 89—145.
1444 2616 1535 2653 Non
1553 2618 1719 2654 omnino
1737 2629 1907 2655 eoncor-

276 2684 346 2720 dat
366 2696 458 2721 eum
479 2685 559 2731 illo,
580 2686 652 2723 sed
674 2686 807 2734 aliqua
827 2692 981 2735 mutata
1001 2687 1190 2724 videntur
1210 2686 1261 2724 ab
1282 2688 1371 2735 ipso
1392 2688 1431 2724 Ρ.
1455 2687 1599 2725 Natali.
1622 2689 1703 2725 Ine.
1739 2688 1800 2726 «Si
1832 2689 1907 2725 du-

276 2756 376 2792 bitat
406 2761 538 2794 rector
566 2769 615 2794 an
645 2769 667 2794 e
695 2759 966 2797 uoluntate...»
1000 2759 1096 2796 Des.
1220 2759 1283 2796 uel
1313 2759 1422 2796 vnde
1452 2760 1676 2807 periculum
1706 2761 1903 2798 timetur.»

278 2827 421 2864 Manus
442 2833 504 2864 est
524 2828 669 2866 librarii
690 2830 810 2867 nobis
831 2830 970 2880 ignoti.

355 2899 475 2936 Num.
496 2911 533 2946 4.
590 2900 674 2937 Sex
695 2901 789 2938 folia
809 2901 860 2938 ab
882 2901 1027 2939 eadem
1048 2913 1170 2939 manu
1186 2906 1351 2939 exarata
1368 2902 1662 2950 complectitur,
1678 2903 1716 2939 in
1732 2914 1903 2950 quorum

344 3056 360 3072 ³
411 3044 589 3083 Obscure
608 3053 825 3083 exaratum.
