2028 3426
358 225 508 269 DrcTA,
537 233 591 259 Ex
617 223 868 260 SOCJETATls
894 224 1105 261 PATmBUS
1131 234 1350 262 COLLECTA
1366 228 1461 272 —65
1604 228 1672 281 645

86 325 299 368 'homines
327 325 372 367 in
402 324 567 368 nostris
595 325 950 380 operationibus,
982 325 1018 368 si
1047 325 1156 380 quid
1187 334 1256 369 est
1283 328 1404 381 mali,
1438 316 1482 370 si¹
1505 329 1612 383 quid
1635 329 1718 373 im-

91 401 398 457 perfectionis,
424 403 480 444 ad
502 401 544 443 id
567 402 823 454 attendunt,
848 400 960 444 illud
982 408 1157 454 notant,
1183 402 1294 444 illud
1317 404 1559 459 accipiunt3
1594 406 1719 449 Deus

94 493 217 530 uero,
244 478 282 520 si
303 478 412 533 quid
435 478 541 520 boni
564 477 758 533 agimus,
785 477 895 520 illud
918 478 1136 531 intuetur,
1157 480 1214 521 ad
1231 487 1407 523 nostras
1426 495 1535 523 uero
1552 481 1716 537 imper-

94 554 313 598 fectiones
337 554 570 599 conniuet.

180 631 406 674 Laudauit
428 631 464 673 si
488 631 590 686 quis
611 646 835 674 summam
860 645 1014 674 curam
1044 632 1256 675 adhibeat
1285 633 1342 675 ad
1372 635 1717 688 comparandam

93 709 351 750 facultatem
376 707 693 760 concionandi,
714 707 849 752 etiam
868 723 946 764 per
963 708 1250 751 ethnicorum
1267 709 1522 761 lectionem,
1547 712 1717 754 Demo—

91 784 280 836 sthenis,
306 784 558 836 Ciceronis,
584 792 693 837 etc.,
719 792 920 839 paratam
949 785 1144 840 aliquam
1175 786 1343 829 habere
1366 786 1648 839 concionem,
1675 795 1719 831 et

90 861 301 916 priuatim
330 876 378 905 se
412 876 623 905 exercere
654 862 698 904 in
734 862 823 914 illa,
859 861 1066 906 inuenire
1097 862 1310 917 aliquem,
1347 877 1479 917 quem
1513 863 1714 917 imiteris,

91 952 183 980 non
220 953 321 982 esse
349 938 590 993 prolixum,
621 939 700 982 sed
734 952 877 993 pauca
914 938 1081 990 dicere,
1121 939 1238 982 bene
1276 939 1500 994 explicata
1533 947 1577 983 et
1615 955 1717 983 cum

92 1014 377 1057 anhelatione
399 1015 586 1070 spiritus
609 1016 664 1058 ad
688 1017 878 1059 affectus
899 1017 1165 1058 mouendos.

178 1091 303 1134 Dixit
325 1091 436 1133 mihi
458 1093 515 1134 de
538 1092 635 1147 ipso
658 1092 877 1148 magister
899 1094 1097 1147 Laynez:
1123 1100 1192 1136 est
1213 1095 1312 1136 Deo
1342 1093 1718 1136 familiarissimus

89 1168 396 1221 selectissime‚
423 1184 525 1211 nam
549 1168 746 1212 visiones
769 1184 943 1222 omnes,
969 1177 1064 1211 tum
1084 1170 1242 1221 reales,
1266 1177 1313 1212 ut
1332 1170 1488 1214 uidere
1505 1186 1717 1226 praesen-

91 1252 180 1289 tem
204 1246 454 1296 Christum,
481 1245 735 1301 Virginem,
761 1253 868 1298 etc.,
896 1253 991 1288 tum
1014 1261 1093 1301 per
1123 1246 1298 1301 species
1330 1254 1374 1290 et
1404 1255 1719 1302 repraesenta-

88 1322 250 1375 tiones,
276 1322 363 1364 iam
387 1330 716 1377 transgressus,
741 1330 947 1365 uersatur
969 1337 1093 1365 nunc
1117 1323 1163 1365 in
1187 1338 1298 1379 pure
1320 1324 1715 1376 intellectualibus,

90 1398 134 1440 in
157 1398 329 1442 vnitate
351 1400 454 1444 Dei.
481 1399 683 1443 Intellexi
706 1407 863 1455 postea
884 1414 972 1456 ego
1000 1401 1057 1442 ab
1086 1401 1245 1444 eodem
1280 1402 1332 1443 P.
1364 1401 1542 1456 Ignatio
1570 1409 1587 1459 {²
1615 1416 1718 1444 ver-

89 1475 177 1518 sari
200 1476 325 1518 illum
348 1475 394 1517 in
418 1476 622 1531 personis
643 1475 824 1529 diuinis,
851 1491 902 1519 ac
925 1477 1131 1521 inuenire
1153 1477 1280 1520 uaria
1301 1478 1420 1520 dona
1441 1485 1486 1521 et
1507 1478 1718 1521 distincta

87 1567 114 1594 a
131 1551 355 1594 distinctis
374 1552 579 1608 personis
602 1551 635 1603 b,
656 1553 735 1596 sed
753 1552 799 1594 in
817 1554 902 1595 hac
921 1553 1305 1609 contemplatione
1327 1554 1496 1598 maiora
1513 1556 1630 1598 dona
1648 1555 1717 1597 in-

88 1628 213 1672 venit
236 1628 281 1670 in
299 1643 494 1684 persona
511 1629 708 1684 Spiritus
725 1630 886 1681 sancti,
909 1637 1004 1672 tum
1023 1630 1157 1673 etiam
1175 1630 1286 1673 illud
1308 1631 1510 1674 intellexi
1532 1632 1680 1688 ipsum
1703 1640 1718 1657 0

88 1705 131 1747 in
163 1705 543 1761 contemplatione
575 1705 676 1750 271ν
705 1706 854 1749 Deum
882 1705 1088 1750 inuenire
1116 1707 1294 1762 quoties
1322 1722 1371 1750 se
1400 1709 1478 1751 dat
1506 1709 1714 1761 orationi,
1763 1751 1766 1755 .

89 1797 376 1837 quacumque
405 1783 594 1835 ratione,
626 1797 775 1838 neque
803 1790 971 1826 certam
1002 1784 1206 1839 regulam
1230 1792 1276 1828 et
1298 1785 1499 1828 ordinem
1526 1786 1587 1828 illi
1617 1801 1716 1830 esse

88 1861 381 1912 seruandum,
409 1861 489 1902 sed
513 1859 637 1903 uarie
660 1861 957 1904 exercendam
981 1860 1229 1903 orationem
1245 1849 1291 1905 et
1312 1862 1447 1905 uariis
1464 1863 1718 1905 meditatio-

90 1935 224 1978 nibus
248 1937 558 1990 quaerendum
581 1938 728 1980 Deum
761 1936 794 1979 d.
827 1937 875 1981 Si
903 1936 1004 1992 quis
1033 1952 1143 1980 uero
1174 1953 1228 1982 ex
1257 1938 1463 1994 proxima
1493 1940 1639 1995 gratia
1671 1940 1716 1982 in

89 2012 291 2054 oratione
330 2013 484 2056 habita
520 2013 724 2066 inchoat,
766 2028 858 2056 non
895 2014 1152 2067 damnauit,
1194 2016 1275 2057 sed
1311 2015 1423 2057 dixit
1460 2031 1558 2058 esse
1602 2017 1715 2059 inci-

87 2088 302 2143 pientem.
633 2114 638 2117 ·
1183 2124 1195 2140 ,
1644 2138 1647 2139 ⁷

173 2166 247 2208 Ad
270 2165 489 2221 principia
511 2179 621 2208 suae
644 2165 954 2208 conuersionis
977 2173 1099 2210 totus
1128 2174 1223 2211 erat
1253 2175 1303 2209 ut
1331 2169 1571 2221 conferret,
1598 2183 1713 2223 quae

84 2241 168 2296 ipsi
197 2242 490 2297 spiritualiter
519 2241 910 2298 significabantur,
936 2257 1039 2285 cum
1063 2243 1388 2299 spiritualibus;
1415 2253 1573 2300 postea
1603 2246 1713 2287 illud

84 2318 357 2361 desiderium
387 2319 512 2370 abiit,
540 2327 584 2363 et
613 2318 744 2361 aliam
774 2326 843 2362 est
864 2319 1259 2386 viamxingressus,
1287 2328 1337 2363 ut
1360 2322 1483 2364 solus
1506 2322 1589 2364 soli
1612 2324 1711 2365 Deo

86 2404 268 2438 uacaret
292 2403 322 2437 θ.

154 2547 171 2562 a
220 2537 328 2570 Haec
348 2545 368 2570 2
388 2538 507 2571 verba
526 2537 615 2570 Nat.
636 2536 777 2571 clarius
802 2536 990 2580 exaravit,
1012 2548 1099 2572 nam
1127 2538 1308 2572 librarius
1327 2539 1397 2572 hac
1417 2544 1507 2573 nota
1526 2539 1592 2573 I.¹¹⁸
1618 2550 1709 2573 usus

79 2595 222 2630 fuerat.
275 2615 308 2620 —
323 2597 340 2621 b
368 2595 479 2630 Prius
500 2596 553 2630 ita
571 2596 820 2642 sequebatur:
837 2596 953 2640 quasi
967 2597 1002 2631 si
1019 2597 1146 2632 Pater
1159 2599 1234 2642 per
1253 2597 1420 2638 Filium,
1444 2601 1485 2631 ut
1498 2601 1573 2642 per
1591 2609 1708 2632 cana·

85 2654 175 2697 lem,
190 2655 374 2700 gratiam
392 2665 505 2689 sicam
526 2666 607 2689 com
616 2654 813 2695 micaret,
833 2666 931 2700 quae
949 2654 1097 2690 delevit
1115 2656 1204 2690 Nat.
1256 2665 1321 2682 -c
1346 2657 1433 2690 Duo
1458 2657 1578 2690 verba
1604 2656 1710 2691 illud

83 2713 214 2758 ipsum
239 2712 386 2747 addidit
410 2713 500 2748 Nat.
553 2714 618 2740 —d
644 2713 742 2748 Tota
766 2714 861 2748 haec
880 2714 1141 2760 paragraphus
1165 2715 1215 2748 ab
1239 2714 1314 2748 illis
1335 2714 1464 2748 verbis
1484 2717 1568 2748 tum
1587 2714 1708 2749 etiam

83 2771 186 2806 illud
202 2772 380 2806 intellexi
398 2771 601 2807 emendata
616 2777 711 2807 esta
730 2772 819 2808 Nat.
836 2783 884 2806 ex
899 2775 980 2806 tum
1001 2773 1122 2807 etiam
1142 2773 1305 2807 intelexi
1323 2773 1365 2806 in
1381 2773 1709 2818 contemplatione

84 2831 212 2875 ipsum
239 2841 317 2865 esse
342 2833 377 2865 et
404 2831 533 2865 Deum
558 2831 743 2866 inuenire
762 2830 910 2876 quoties
933 2843 971 2866 se
995 2832 1065 2866 dat
1089 2832 1280 2873 orationi,
1299 2843 1420 2875 neque
1438 2834 1544 2865 certa
1564 2832 1707 2878 regula

83 2892 119 2924 et
144 2890 240 2923 ordo
266 2890 502 2931 seruandus,
530 2891 597 2925 sed
625 2890 739 2924 uarie
763 2891 981 2925 exercenda
1006 2889 1138 2924 oratio
1163 2893 1199 2925 et
1232 2889 1361 2924 uariis
1384 2889 1710 2925 meditationibus

83 2948 333 2992 quaerendus
360 2947 481 2984 Deus.
534 2967 563 2973 —·
581 2958 596 2975 e
629 2948 740 2983 Prius
766 2948 861 2982 haec
888 2949 1163 2994 sequebantur:
1199 2948 1344 2983 Utrum
1371 2947 1422 2982 sit
1446 2948 1604 2989 melius,
1629 2960 1709 2983 non

83 3004 203 3047 facile
221 3005 384 3049 diceret,·
396 3007 516 3051 prius
529 3009 655 3052 potest
673 3018 749 3041 esse
768 3007 1052 3049 ⁷=zecessarium,·
1078 3018 1172 3040 nam
1201 3018 1289 3041 cum
1318 3005 1566 3041 illuminatio
1592 3007 1710 3052 prior
