2028 3426
694 216 1121 253 INSTRUCT10NES—6I
1604 225 1673 262 519

185 323 329 364 Caute
352 327 489 374 agant
511 317 772 361 confessarii
795 333 897 360 cum
922 317 1115 372 aliquem
1145 316 1390 359 consulunt
1422 318 1478 360 de
1508 317 1578 359 his
1601 317 1712 360 casi—

95 400 196 449 bus,
223 411 336 452 quos
357 396 403 438 in
426 394 709 438 confessione
732 395 971 447 audierint,
997 409 1056 438 ne
1077 394 1246 436 directe
1270 394 1340 434 vel
1363 392 1581 437 indirecte
1612 408 1716 449 pos-

97 475 186 517 sint
203 473 395 529 intelligi
417 473 474 515 ad
491 486 626 527 quem
644 471 915 526 pertineant.

185 554 418 594 Mutentur
440 550 722 592 confessores
745 555 996 603 opportune
1019 549 1075 591 ab
1097 563 1187 590 vno
1210 547 1404 603 collegio
1427 548 1472 589 in
1495 546 1632 598 aliud,
1660 562 1716 590 ne

94 628 410 670 immoderatas
447 624 798 668 consuetudines
826 624 937 667 inire
967 625 1339 680 possint;.verum
1380 639 1472 667 non
1513 632 1601 666 tam
1632 624 1718 666 fre-

94 712 299 759 quenter.
323 702 623 757 Frequentius
646 708 834 756 possunt
859 701 1200 745 concionatores
1224 701 1402 752 mutari,
1430 716 1488 744 ne
1510 701 1718 742 laborent

97 780 299 832 nimium,
326 794 464 834 quum
487 793 607 821 noua
628 792 804 832 semper
833 779 1058 820 adducere
1087 786 1333 834 coguntur,
1359 779 1431 820 vel
1460 777 1638 833 ingrata
1662 776 1719 819 sit

94 858 338 900 earundem
364 870 511 898 rerum
534 855 754 910 repetitio.

183 934 346 976 Nullus
384 933 589 975 absoluat
618 932 662 973 in
700 946 807 974 casu
845 934 1083 975 haereseos
1121 932 1166 974 in
1205 931 1441 987 Hispania,
1475 938 1523 974 vt
1554 933 1638 972 hac
1672 930 1716 971 in

95 1018 222 1067 parte
241 1011 450 1068 iuuemus
472 1009 518 1051 in
536 1009 622 1051 illis
640 1009 887 1064 prouinciis
906 1009 1106 1051 officium
1125 1017 1312 1051 sanctae
1330 1007 1646 1062 inquisitionis.
1669 1008 1718 1048 In

95 1088 191 1131 aliis
220 1086 482 1143 regionibus
519 1086 754 1129 absoluere
790 1093 1018 1141 poterunt,
1045 1086 1081 1128 si
1116 1101 1213 1129 eam
1245 1086 1470 1127 licentiam
1505 1084 1605 1139 q'uis
1633 1090 1719 1130 426

95 1167 275 1214 habeat,
301 1164 380 1207 sed
401 1162 575 1206 iubebit
598 1177 675 1206 eos
698 1163 920 1214 abiurare,
945 1170 990 1205 et
1013 1163 1346 1218 particularem,
1372 1162 1417 1204 in
1441 1177 1573 1216 quam
1607 1161 1720 1217 lapsi

95 1247 222 1285 erant
254 1247 299 1282 et
327 1254 505 1283 omnem
535 1239 774 1291 haeresim,
801 1241 921 1294 quod
950 1249 1016 1281 sat
1049 1240 1132 1283 erit
1160 1240 1195 1281 si
1233 1240 1312 1281 fiat
1339 1239 1386 1281 in
1416 1237 1715 1287 confessione,

94 1325 330 1373 postquam
354 1332 436 1359 nos
460 1323 633 1358 tantum
657 1315 938 1357 absoluimus
961 1316 1005 1357 in
1030 1317 1127 1358 foro
1151 1316 1366 1359 interiori.

184 1394 529 1436 Admoneantur
552 1392 810 1434 confessarii
834 1401 1087 1434 nostrorum
1110 1393 1166 1435 de
1190 1393 1261 1435 his
1284 1394 1436 1445 rebus,
1463 1407 1578 1448 quae
1600 1392 1720 1434 domi

95 1485 186 1513 non
208 1470 523 1520 obseruantur,
550 1469 621 1510 vel
642 1469 698 1510 de
715 1468 801 1510 illis
823 1468 1060 1511 instituant
1077 1469 1326 1524 peculiares
1343 1468 1721 1525 interrogationes

95 1554 141 1590 et
163 1548 272 1590 dent
295 1545 596 1602 poenitentias
619 1552 830 1588 secretas.
854 1545 1103 1601 Praecipue
1125 1560 1232 1589 vero
1255 1546 1582 1588 admoneantur
1606 1560 1720 1587 non-

98 1624 323 1665 nullorum
347 1623 628 1665 confessores
650 1622 706 1664 de
729 1621 1075 1676 particularibus
1099 1636 1252 1665 eorum
1276 1620 1547 1672 defectibus,
1575 1630 1619 1665 et
1652 1622 1718 1663 in-

100 1700 322 1755 telligant,
353 1714 457 1741 cum
486 1700 645 1754 regula
674 1698 822 1752 aliqua
851 1698 1021 1754 irrogat
1049 1698 1370 1754 poenitentiam
1406 1700 1461 1740 ob
1495 1699 1722 1741 defectum
1762 1746 1766 1750 ⁴

97 1776 308 1830 aliquem,
330 1775 449 1818 illam
468 1776 656 1818 eandem
675 1775 910 1818 secrete-in
934 1775 1246 1819 sacramentali
1264 1775 1547 1818 confessione
1570 1774 1721 1816 iniun-

97 1853 144 1908 gi
167 1866 315 1907 posse,
342 1851 605 1907 praesertim
629 1852 664 1893 si
688 1866 777 1893 non
800 1859 1120 1906 compensetur
1154 1844 1286 1906 culpa
1314 1851 1582 1894 excellentia
1610 1866 1719 1893 con-

99 1928 308 1981 tritionis3
335 1936 382 1970 vt
407 1928 442 1969 si
477 1927 577 1982 quis
605 1929 794 1970 alterum
819 1928 879 1969 ita
910 1935 1133 1983 tangeret,
1159 1937 1207 1969 vt
1230 1935 1350 1970 esset
1372 1929 1521 1982 culpa,
1546 1936 1721 1970 secreta

98 2005 161 2047 illi
184 2004 419 2060 disciplina
442 2004 722 2060 iniungenda
744 2011 878 2055 esset,
905 2018 1037 2058 quam
1063 2005 1220 2059 regula
1250 2004 1437 2059 irrogat,
1464 2004 1550 2045 nisi
1579 2003 1719 2046 maio-

99 2096 196 2125 rem
220 2081 440 2123 iudicaret
462 2080 763 2123 confessarius
786 2080 1128 2136 iniungendam.

186 2158 473 2212 Interrogent
496 2157 777 2198 confessores
795 2157 1172 2211 quemadmodum
1195 2157 1433 2212 proficiant
1452 2157 1568 2200 inter
1586 2172 1634 2201 se
1651 2159 1721 2200 vel

98 2234 234 2276 etiam
258 2238 342 2279 427
366 2233 464 2291 aliis
487 2233 657 2287 prosint
684 2235 841 2276 Patres
866 2241 909 2276 et
933 2233 1108 2285 fratres,
1134 2241 1270 2289 atque
1295 2236 1379 2275 hoc
1404 2234 1535 2277 etiam
1561 2241 1724 2289 agatur

101 2312 158 2354 de
177 2310 394 2366 probatis,
421 2309 498 2364 qui
520 2310 637 2353 inter
658 2324 707 2352 se
730 2309 923 2364 colloqui
947 2311 1109 2362 solent,
1136 2324 1219 2354 nec
1247 2312 1488 2352 attendunt
1520 2310 1616 2352 aliis
1645 2312 1724 2352 ad-

102 2387 313 2430 iuuandis
335 2402 418 2429 sua
440 2386 801 2430 conuersatione.
991 2374 1002 2382 ,

191 2466 478 2519 Interrogent
514 2463 647 2505 etiam
686 2464 899 2519 legantne
937 2463 1100 2505 librum
1139 2464 1349 2518 aliquem,
1382 2463 1458 2517 qui
1500 2463 1600 2505 illos
1636 2478 1724 2504 non

99 2541 305 2585 aedificet
327 2548 372 2584 et
392 2540 592 2583 adiuuet.

192 2617 389 2672 Quando
412 2618 589 2660 deesset
611 2631 682 2659 res
705 2617 849 2672 aliqua
875 2617 1012 2669 domi,
1038 2625 1082 2659 et
1112 2619 1228 2659 facta
1261 2617 1548 2671 inquisitione
1578 2627 1621 2658 et
1651 2631 1722 2659 or-

101 2693 276 2735 dinaria
297 2693 532 2748 diligentia
561 2694 811 2738 nesciretur
839 2694 938 2748 quis
967 2694 1230 2749 accepisset,
1256 2695 1583 2735 admoneantur
1615 2707 1722 2736 con-

104 2771 312 2822 fessores,
337 2777 386 2811 vt
408 2769 691 2826 interrogent
712 2785 884 2823 omnes,
910 2785 1100 2825 quorum
1125 2769 1430 2812 confessiones
1454 2769 1658 2821 audiunt,
1679 2769 1722 2811 in

103 2859 270 2901 genere
302 2860 359 2888 an
397 2846 652 2901 acceperint
689 2846 871 2901 aliquid.
908 2848 957 2888 Id
989 2846 1024 2889 si
1057 2847 1374 2896 confiteantur,
1407 2852 1451 2886 et
1483 2844 1519 2886 si
1558 2859 1629 2887 res
1666 2845 1723 2888 sit

103 2921 345 2975 eiusmodi,
377 2930 424 2963 vt
453 2922 654 2965 iudicent
682 2937 837 2966 casum
867 2937 964 2964 esse
997 2929 1300 2972 reseruatum,
1326 2929 1373 2962 vt
1402 2920 1437 2963 si
1474 2920 1723 2964 iudicarent

102 3013 203 3041 esse
225 2999 411 3050 furtum,
437 3007 514 3041 aut
536 3000 888 3055 vsurpationem,
916 3005 993 3040 aut
1011 2997 1413 3053 appropriationem
1434 2997 1622 3039 alicuius
1640 2997 1720 3048 rei,
