2028 3426
303 209 374 256 468
776 211 929 248 PA‘rms
954 211 1198 248 Humouvm
1225 211 1377 248 NADAL

348 306 410 357 Vt
432 313 476 356 in
500 313 753 357 humilitate
776 320 821 357 et
843 312 1110 356 confusione
1128 312 1237 358 velit
1255 320 1300 358 et
1317 320 1442 369 petat
1459 312 1623 366 iuuari,
1642 321 1688 357 et
1711 320 1759 356 vt
1782 292 1892 358 fi'ant

255 390 523 446 disciplinae
546 398 592 436 et
613 391 725 434 aliae
748 390 1051 447 poenitentiae
1073 391 1130 434 ab
1154 390 1252 434 aliis
1274 405 1355 447 pro
1377 390 1492 447 ipso.

348 467 501 524 Siquis
514 467 951 511 animaduerteretur
967 476 1148 512 tenuem
1166 468 1395 512 adducere
1409 467 1727 512 contritionem
1737 502 1746 520 ,
1758 468 1891 512 etiam

258 545 295 588 si
326 544 558 590 sufficiens
591 546 647 588 ad
680 551 963 601 praesentem
993 543 1324 588 absolutionem
1357 546 1660 600 reputaretur,
1687 545 1791 587 huic
1823 551 1893 589 est

258 637 313 667 eo
336 622 539 666 seuerior
561 621 840 678 poenitentia
861 628 1047 666 externa
1077 621 1374 678 iniungenda,
1410 622 1554 665 donec
1585 622 1641 664 ad
1670 635 1720 664 se
1747 635 1893 678 poena

257 707 445 743 coactus
468 700 638 743 redeat.

345 782 430 823 282
454 776 574 820 Idem
600 777 828 832 agendum
853 775 889 818 si
913 789 1016 818 cum
1035 775 1370 832 significatione
1389 775 1591 820 modicae
1608 775 1892 819 contritionis

258 854 503 899 identidem
532 854 574 896 in
598 854 714 896 idem
739 860 976 909 peccatum
1000 852 1234 898 incideret.
1260 854 1401 909 Quod
1422 852 1459 896 si
1482 853 1621 897 nollet
1654 852 1890 909 poeniten-

259 931 343 974 tias
365 932 569 987 accipere
594 931 663 973 vel
688 930 875 986 implere
897 930 1137 982 confitens,
1164 929 1369 974 mittatur
1391 931 1447 973 ad
1470 930 1762 986 superiorem.

255 1063 422 1102 CASUS,
460 1063 661 1102 QUORUM
696 1061 970 1093 ABSOLUTIO
1005 1061 1290 1092 RESERUATA
1325 1061 1413 1092 EST
1438 1061 1696 1092 SUPERIORI
1732 1061 1892 1092 DOMUS

347 1142 437 1172 VEL
466 1140 709 1178 COLLEGII,
737 1141 797 1170 ET
827 1140 888 1169 AB
917 1139 1029 1170 ALIO
1053 1139 1148 1169 NISI
1174 1139 1237 1169 DE
1260 1139 1372 1170 EIUS
1398 1139 1641 1169 EXPRESSA
1664 1138 1890 1169 LICENTIA

344 1219 549 1249 ABSOLUI
584 1217 848 1255 NEQUEUNT
877 1211 894 1228 ³

348 1317 554 1374 Quaeuis
597 1324 784 1374 peccata
827 1315 1055 1368 mortalia,
1102 1307 1218 1372 quae
1261 1317 1488 1372 prodeunt
1534 1315 1579 1358 in
1621 1315 1889 1359 exteriorem

258 1403 428 1447 actum,
455 1395 572 1439 inter
594 1409 710 1449 quae
733 1400 978 1438 censentur
1001 1407 1116 1449 quae
1138 1400 1407 1449 sequuntur:

343 1474 534 1516 Furtum
558 1473 630 1515 vel
652 1470 886 1527 vsurpatio
908 1479 953 1513 et
975 1469 1278 1527 appropriatio
1300 1470 1491 1514 alicuius
1515 1468 1594 1522 rei,
1628 1468 1888 1525 praesertim

254 1550 291 1593 si
315 1550 517 1594 iteretur.

342 1628 518 1683 Lapsus
540 1625 702 1669 carnis.

341 1703 655 1749 Inobedientia
676 1717 908 1759 expressa,
934 1717 1024 1758 qua
1045 1702 1147 1758 quis
1169 1702 1329 1748 asserit
1351 1717 1399 1746 se
1421 1704 1540 1747 nolle
1563 1718 1737 1760 parere.

343 1781 663 1833 Murmuratio,
689 1781 762 1824 vel
785 1779 963 1834 seditio,
988 1780 1060 1823 vel
1083 1787 1409 1824 nocumentum
1433 1780 1478 1822 in
1509 1781 1789 1838 superiorem
1817 1782 1889 1826 vei¹

253 1859 542 1904 Societatem.

342 1937 570 1979 Recessus
594 1948 619 1976 a
641 1949 724 1977 sua
746 1933 983 1977 vocatione
1005 1941 1108 1990 post
1130 1940 1286 1977 votum
1310 1932 1445 1977 etiam
1478 1934 1683 1991 simplex,
1715 1935 1786 1978 vel
1808 1935 1889 1979 ali-

253 2013 384 2056 cuius
407 2013 463 2056 ad
486 2012 529 2054 in
554 2010 720 2054 suasio.

342 2089 566 2146 Acceptio
596 2090 667 2132 vel
697 2089 849 2132 missio
877 2087 1106 2134 literarum
1137 2086 1309 2145 absque
1336 2093 1421 2135 283
1449 2103 1662 2146 expressa
1690 2090 1885 2138 licentia,

252 2181 369 2223 quae
407 2166 580 2211 scilicet
618 2166 822 2222 acceptio
864 2167 935 2211 vel
979 2165 1133 2210 missio
1176 2166 1406 2210 contineat
1449 2166 1669 2211 rationem
1713 2167 1887 2224 peccati

254 2244 470 2287 mortalis.

344 2319 722 2377 Impedimentum
746 2320 992 2364 excludens
1015 2335 1041 2363 a
1062 2320 1290 2365 Societate
1319 2320 1554 2366 reticuisse
1587 2321 1634 2364 in
1661 2321 1883 2374 examine,

252 2399 325 2443 vel
350 2398 396 2440 in
421 2412 475 2441 eo
497 2396 737 2440 mentitum
762 2411 878 2450 esse,
903 2397 1221 2453 respondendo
1249 2398 1305 2441 ad
1336 2397 1476 2442 serias
1504 2398 1602 2442 eius
1633 2398 1885 2456 interroga-

253 2475 415 2518 tiones.

340 2550 564 2595 Confiteri
589 2557 777 2594 externo
800 2549 1042 2602 sacerdoti,
1070 2564 1172 2594 cum
1196 2552 1444 2596 domestico
1467 2552 1610 2598 licuit.

342 2628 598 2672 Absoluere
621 2642 646 2671 a
668 2626 849 2670 casibus
872 2626 1130 2679 reseruatis,
1156 2627 1254 2672 sine
1276 2629 1458 2693 licentia
1480 2629 1738 2686 superioris.

343 2707 609 2750 Consensus
631 2719 712 2761 per
734 2705 889 2746 horam
912 2704 983 2746 vel
1006 2704 1203 2749 notabile
1226 2712 1405 2762 tempus
1427 2708 1596 2750 durans
1614 2706 1658 2749 in
1682 2707 1884 2750 mortalia

252 2790 443 2840 peccata
467 2781 695 2839 grauiora,
721 2787 770 2823 vt
792 2795 845 2843 ea
866 2785 1117 2835 exequatur
1150 2781 1266 2837 quis,
1301 2782 1338 2825 si
1370 2783 1551 2837 quidem
1580 2797 1635 2826 ex
1666 2783 1741 2826 illo
1774 2797 1884 2828 con-

251 2875 388 2904 sensu
429 2859 577 2904 media
614 2865 802 2914 quaerat
839 2864 1046 2909 externa,
1088 2865 1134 2899 vt
1173 2858 1245 2900 illa
1285 2867 1552 2914 exequatur,
1592 2861 1741 2916 qualia
1777 2868 1884 2904 sunt

323 3040 340 3055 a
390 3028 432 3062 In
455 3026 640 3072 margine:
662 3025 709 3060 In
728 3023 781 3060 2.‘'¹
799 3036 938 3072 congr.
953 3035 1048 3070 gen.
1068 3022 1311 3070 confirmati.
