2028 3426
668 260 1097 297 INSTRUCTmNES—61
1582 260 1651 307 393

21 365 141 405 tur
162 377 262 407 esse
284 361 540 413 Societatis,
580 361 666 404 nisi
690 362 766 416 qui
796 363 993 406 habeant
1023 362 1176 406 literas
1205 369 1412 418 patentes
1442 363 1696 405 autenticas

65 438 344 494 subscriptas
372 445 418 480 et
446 437 664 494 sigillatas
696 453 722 479 a
744 452 827 480 suo
865 438 1099 494 superiori.
1141 438 1216 482 Sic
1250 438 1369 480 enim
1408 438 1692 493 prouidetur,

20 541 42 554 0
65 515 215 570 quoad
242 529 499 571 possumus,
530 523 578 556 vt
606 514 836 558 enitentur
857 515 1165 558 simulationes
1193 521 1238 559 et
1266 515 1465 568 fraudes,
1499 529 1614 569 quae
1639 516 1694 557 ab

15 573 30 616 ’ἶ
63 591 290 646 aliquibus
311 599 416 634 sunt
441 592 600 642 factae,
626 591 702 645 qui
726 606 751 634 e
772 591 1000 650 Shocietate
1022 607 1070 635 se
1091 606 1191 636 esse
1213 592 1458 643 finxerunt,
1480 606 1583 634 cum
1603 606 1693 634 non
1718 588 1719 591 ’

15 654 32 701 ‘·-
64 668 249 713 fuerint.
274 668 443 710 Eadem
463 667 697 723 diligentia
720 674 871 709 vtatur
900 682 1002 709 cum
1032 668 1234 724 personis
1263 667 1455 710 alicuius
1490 668 1695 710 authori-

22 796 27 801 ·
64 745 185 796 tatis,
211 745 288 800 qui
310 751 417 787 sunt
438 743 573 786 amici
601 743 854 787 Societatis.
889 746 950 786 Vt
979 751 1129 787 autem
1157 745 1386 787 enitentur
1420 744 1696 787 falsificatio—

22 832 28 841 ’
64 836 146 864 nes
166 821 396 863 literarum
414 820 679 876 patentium,
706 820 963 875 publicetur
992 822 1112 875 quod
1145 821 1191 863 in
1219 820 1480 876 patentibus
1505 821 1589 864 erit
1613 821 1696 862 ali-

19 879 32 906 f
63 912 155 953 qua
177 897 287 940 cifra
310 906 389 941 aut
425 897 623 953 signum,
665 897 786 952 quod
824 898 975 940 nullus
999 898 1138 953 possit
1175 897 1414 940 falsificare
1436 906 1468 949 a,
1495 905 1540 941 et
1562 899 1696 941 detur

0 987 29 1034 ἦ
61 989 215 1030 opera,
242 982 289 1016 vt
318 973 568 1029 reperiatur
601 973 784 1027 aliquod
821 973 1003 1029 signum
1038 974 1331 1025 conueniens,
1372 975 1494 1029 quod
1522 981 1697 1018 secrete

67 1051 230 1107 poterit
248 1049 587 1102 communicari,
607 1057 702 1091 tum
721 1050 959 1106 episcopis,
982 1051 1037 1094 68
1056 1059 1150 1093 tum
1169 1066 1325 1094 eorum
1344 1051 1539 1095 vicariis.
1561 1052 1698 1106 Quod

13 1152 15 1154 ·
62 1128 264 1184 signum,
285 1127 420 1170 etiam
444 1127 482 1169 si
504 1128 590 1169 hoc
610 1134 811 1182 tempore
828 1142 916 1169 non
941 1128 1014 1180 sit,
1035 1128 1131 1171 fieri
1155 1135 1305 1171 tamen
1322 1128 1489 1184 poterit
1512 1128 1694 1183 quando

65 1204 112 1246 id
134 1204 380 1247 necessitas
403 1203 586 1259 exigere
608 1203 852 1248 videbitur.

155 1279 452 1323 Prouincialis
485 1279 676 1335 accipiet
709 1279 928 1324 rationem
958 1280 1264 1324 conscientiae
1293 1281 1349 1323 ab
1382 1280 1608 1333 omnibus,
1641 1281 1697 1323 ab

65 1357 236 1409 vltima‚
269 1371 404 1412 quam
433 1356 672 1407 dederunt,
707 1357 865 1398 saltem
895 1358 1034 1400 semel
1062 1357 1108 1399 in
1137 1372 1272 1409 anno,
1308 1364 1352 1401 et
1380 1359 1436 1400 ab
1472 1357 1699 1413 aliquibus

63 1433 184 1476 illam
208 1433 398 1489 accipiet
421 1432 721 1475 vniuersalem
745 1433 885 1475 totius
911 1433 1124 1488 temporis
1142 1442 1380 1488 postquam
1400 1441 1625 1477 venerunt
1643 1435 1699 1476 ad

66 1509 356 1561 Societatem,
397 1509 434 1552 si
463 1509 524 1552 ita
550 1508 758 1552 videatur
795 1510 1101 1552 necessarium
1140 1526 1195 1554 ex
1227 1510 1566 1553 circumstantia
1595 1525 1699 1566 per-

67 1601 220 1630 sonae.
458 1638 465 1648 ι

150 1665 251 1706 Non
298 1663 478 1708 videtur
516 1664 785 1716 conuenire,
827 1670 875 1704 vt
910 1662 1203 1718 prouincialis
1247 1663 1333 1706 sibi
1372 1671 1575 1707 reseruet
1598 1698 1607 1716 ,
1648 1671 1696 1705 vt

10 1767 23 1782 ,-
64 1741 216 1782 nullus
239 1740 378 1795 possit
401 1741 458 1783 ad
482 1748 660 1796 tempus
677 1739 877 1784 amoueri
901 1755 926 1782 a
949 1740 1124 1783 studiis.
1148 1740 1364 1784 Districte
1387 1748 1538 1783 tamen
1562 1741 1698 1783 debet

14 1835 19 1845 ·
67 1817 373 1872 praescribere
405 1817 731 1872 superioribus,
772 1832 830 1860 ne
867 1816 1066 1859 studium
1105 1817 1392 1868 interdicant,
1425 1816 1511 1859 nisi
1541 1818 1597 1859 ob
1629 1815 1699 1860 res

67 1893 220 1950 magni
242 1893 475 1946 momenti,
501 1901 545 1937 et
569 1908 672 1936 cum
697 1893 886 1935 consilio
909 1907 1094 1935 suorum
1125 1894 1456 1947 consultorum,
1485 1901 1529 1935 et
1553 1893 1698 1948 primo

13 1963 19 1985 ²
66 1984 250 2026 quoque
273 1977 474 2026 tempore
499 1970 666 2012 faciant
690 1970 928 2013 certiorem
947 1970 1290 2025 prouincialem.

157 2047 296 2089 Curet
316 2047 623 2102 prouincialis,
647 2047 907 2102 praesertim
927 2046 961 2088 si
985 2046 1046 2089 ita
1063 2046 1364 2089 iudicauerint
1387 2046 1433 2100 ii,
1455 2047 1531 2101 qui
1549 2047 1593 2088 in
1613 2048 1698 2089 hac

69 2138 116 2166 re
138 2124 310 2178 pollent
332 2123 524 2176 iudicio,
539 2131 588 2165 vt
611 2123 815 2178 magistri
837 2123 1097 2165 scholarum
1127 2123 1462 2179 grammatices,
1495 2131 1572 2166 aut
1601 2123 1697 2166 sin—

12 2199 19 2243 ⁷.
69 2199 189 2255 gulis
213 2199 341 2242 annis
359 2207 437 2241 aut
460 2200 661 2242 secundo
685 2214 866 2254 quoque
889 2214 1008 2249 anno
1032 2207 1266 2242 mutentur
1289 2201 1344 2242 ad
1366 2201 1545 2242 scholas
1568 2200 1699 2242 altio—

11 2286 17 2293 ·
69 2291 156 2318 res.
183 2277 284 2318 Hoc
308 2275 426 2318 enim
450 2276 665 2331 proderit,
697 2275 856 2331 partim
896 2276 952 2318 ad
991 2276 1048 2320 69
1086 2277 1332 2318 leuandum
1370 2276 1548 2318 illorum
1573 2277 1700 2319 fasti-

70 2352 210 2404 dium,
235 2351 396 2408 parlim
420 2351 572 2404 etiam,
599 2359 647 2394 vt
676 2352 914 2407 proficiant
935 2352 979 2394 in
1004 2352 1057 2395 iis
1087 2352 1396 2404 facultatibus,
1429 2367 1540 2408 quas
1564 2354 1697 2408 profi-

72 2435 242 2473 tentur.

158 2505 471 2555 Prouincialis,
502 2505 611 2546 dum
633 2505 826 2560 collegia
855 2504 1023 2556 visitat,
1055 2505 1282 2548 examinet
1313 2505 1508 2549 rationes
1539 2505 1633 2547 dati
1655 2513 1699 2547 et

73 2581 262 2637 accepti,
294 2597 373 2637 per
409 2596 459 2625 se
496 2582 568 2625 vel
604 2588 944 2636 procuratorem
982 2581 1261 2637 prouinciae,
1304 2582 1374 2624 vel
1413 2582 1567 2625 alium.
1597 2583 1698 2623 Hoc

11 2643 16 2662 ⁵
70 2664 221 2701 autem
245 2672 336 2700 non
358 2657 459 2700 ideo
481 2658 546 2709 fit,
580 2657 708 2712 quasi
729 2657 865 2701 fidem
890 2672 980 2699 non
1003 2657 1301 2701 adhibeamus
1330 2650 1596 2708 rectoribus,
1625 2658 1696 2700 vel

8 2727 11 2729 ’
71 2733 452 2789 procuratoribus,
478 2734 843 2789 quandoquidem
868 2734 1038 2776 animas
1060 2748 1216 2776 eorum
1236 2734 1340 2777 fidei
1369 2733 1696 2776 committimus
1732 2749 1735 2751 ·

70 2818 206 2865 atque
227 2811 610 2862 commendamus,
649 2812 729 2853 sed
752 2817 799 2852 vt
828 2818 1037 2854 seruetur
1065 2811 1244 2854 debitus
1273 2809 1458 2852 rationis
1482 2824 1533 2851 ac
1557 2809 1699 2851 disci-

73 2887 221 2942 plinae
244 2888 371 2929 ordo.

146 3062 164 3078 a
213 3052 436 3099 falcificare
457 3064 528 3087 ms.
