2028 3426
675 188 1101 225 INSTRUCT10NES—61
1583 187 1650 231 485

18 294 23 298 ”
70 293 221 338 tinent
243 294 300 336 ad
321 301 412 346 4⁸¹³
434 298 584 347 caput.
615 294 849 334 Postremo
872 290 1112 346 rogabitur
1133 289 1301 333 velitne
1322 303 1374 331 ea
1397 289 1544 331 omnia
1567 303 1696 344 prae-

69 377 211 421 stare,
239 383 354 424 quae
376 368 422 411 in
445 383 498 412 eo
520 374 850 423 proponuntur,
877 382 933 409 an
964 368 1073 409 non?
1097 368 1223 409 Haec
1262 379 1368 407 vero
1398 378 1424 418 4
1453 366 1601 420 capita
1625 380 1696 409 re-

76 446 335 501 linquentur
357 446 477 500 apud
498 459 618 497 eum,
641 443 717 500 qui
735 444 1030 496 examinatur,
1051 450 1099 485 vt
1117 442 1276 486 melius
1298 442 1455 486 eadem
1474 441 1569 497 ipse
1588 456 1696 484 con-

76 523 256 565 sideret.

163 598 247 641 His
275 597 482 654 peractis,
514 596 841 640 examinabitur
874 611 1028 639 rursus
1061 595 1265 638 examine
1295 594 1510 651 peculiari
1548 608 1603 636 ex
1643 594 1695 636 iis

65 673 370 725 examinibus,
396 688 512 728 quae
535 680 875 728 consequuntur
898 680 960 726 41
982 672 1143 728 capita,
1165 679 1212 714 vt
1235 671 1441 727 superior
1458 670 1691 721 iudicabit3

73 765 162 806 quo
184 750 327 802 finito,
353 749 638 794 exhibebitur
661 748 723 790 illi
751 750 914 804 legend
924 764 996 791 um
1021 749 1219 804 diploma
1242 746 1596 791 confirmationis
1619 748 1692 789 Iu—

72 828 134 881 lii,
155 836 199 871 et
217 827 402 883 regulae
424 827 674 882 generales,
700 833 745 868 et
768 840 1046 870 communes:
1068 827 1113 867 in
1136 824 1424 881 generalibus
1443 823 1562 876 enim
1580 838 1694 866 con-

73 904 240 947 tinetur
258 903 365 959 quid
383 903 626 958 vnicuique
644 902 858 945 conuenit
877 916 930 944 ex
950 901 1364 953 constitutionibus,
1386 901 1431 943 in
1449 900 1546 943 aliis
1564 914 1689 952 vero,

71 995 186 1035 quae
209 979 518 1036 vnusquisque
539 986 775 1035 praeterea
797 979 1042 1022 obseruare
1066 980 1227 1022 debeat
1244 976 1560 1029 communiter,
1581 990 1692 1019 con-

73 1057 288 1101 timentur.

157 1139 237 1180 352
270 1133 630 1189 interrogabitur
657 1133 825 1177 velitne
853 1134 1035 1189 regulas
1069 1133 1182 1184 illas,
1215 1146 1370 1175 omnes
1399 1129 1689 1173 constitutio-

71 1225 166 1263 nes,
192 1225 323 1253 omne
352 1209 608 1253 institutum
638 1225 837 1254 seruare.

156 1287 559 1341 Animaduertatur
581 1287 731 1337 etiam,
759 1294 806 1329 vt
835 1287 1094 1348 huiusmodi
1122 1285 1501 1342 interrogationes
1524 1286 1687 1337 clarae,

67 1364 331 1420 perspicuae
358 1371 404 1406 et
431 1363 670 1407 distinctae
698 1364 824 1415 fiant,
850 1370 895 1406 et
925 1364 1081 1406 vltimo
1111 1360 1345 1418 rogabitur
1375 1361 1492 1405 sitne
1514 1361 1688 1403 indiffe-

15 1484 18 1486 ,
68 1455 187 1492 rens,
213 1440 418 1496 deposito
442 1440 563 1482 omni
585 1439 752 1497 iudicio
774 1449 819 1484 et
842 1441 1077 1484 voluntate
1100 1438 1293 1495 propria,
1314 1446 1362 1480 vt
1384 1453 1436 1482 ea
1458 1438 1608 1480 omnia
1627 1438 1690 1480 fa-

60 1517 171 1569 ·ciat,
198 1531 313 1572 quae
336 1517 592 1560 obedientia
621 1517 888 1570 decreuerit,
926 1525 1015 1559 tam
1039 1516 1084 1558 in
1121 1516 1189 1568 iis,
1223 1513 1338 1571 qu'ae
1374 1514 1602 1572 pertinent
1634 1515 1690 1557 ad

69 1601 235 1637 statum
258 1593 442 1637 viuendi
471 1593 515 1636 in
545 1594 788 1646 Societate,
815 1608 949 1649 quam
986 1594 1042 1636 ad
1072 1594 1389 1648 quodcumque
1418 1591 1615 1634 officium
1646 1598 1690 1634 et

4 1708 8 1709 γ
62 1670 349 1714 exercitium.

4 1806 5 1809 Ἴ
155 1748 261 1802 Quo
277 1747 483 1790 examine
501 1754 698 1803 peracto,
720 1754 764 1791 et
783 1748 922 1790 relato
941 1747 998 1788 ad
1016 1745 1291 1801 superiorem
1311 1758 1414 1787 cum
1434 1743 1688 1799 responsio-

8 1842 11 1843 ’
66 1824 198 1866 nibus
221 1839 275 1867 ex
297 1823 498 1867 eiusdem
530 1823 826 1878 praescripto,
858 1823 1024 1866 scribet
1047 1822 1326 1866 examinator
1348 1820 1529 1876 propria
1551 1834 1687 1862 manu

4 1906 14 1940 s
63 1901 122 1943 ad
153 1901 288 1944 finem
310 1899 527 1943 examinis
560 1902 681 1942 hunc
706 1901 858 1954 talem,
883 1900 979 1944 eius
1010 1898 1191 1942 nomine
1213 1906 1257 1942 et
1280 1896 1551 1954 cognomine
1574 1896 1686 1938 scri-

6 1976 16 2021 Ϊ
67 1983 129 2030 to,
161 1975 464 2020 examinatum
493 1976 632 2019 fuisse
661 1991 685 2019 a
722 1991 786 2028 se,
813 1976 1087 2018 nominando
1125 1975 1259 2019 etiam
1292 1988 1426 2016 suum
1454 1972 1684 2029 proprium

67 2067 228 2096 nomen
254 2059 298 2096 et
334 2067 588 2108 cognomen
625 2052 944 2096 examinatoris
983 2051 1082 2095 talis
1120 2053 1280 2094 domus
1311 2058 1389 2093 aut
1419 2049 1614 2105 collegii,
1641 2056 1686 2091 et

66 2130 186 2184 quod
210 2129 318 2171 nihil
340 2128 647 2184 impedimenti
670 2129 715 2171 in
739 2143 792 2171 eo
816 2136 1045 2185 repertum
1069 2128 1218 2180 fuerit,
1249 2135 1294 2171 et
1318 2127 1438 2183 quod
1460 2142 1509 2170 se
1537 2125 1687 2168 subie-

14 2260 16 2264 ‚
61 2205 176 2249 cerit
208 2205 417 2247 omnibus
443 2205 512 2258 iis,
539 2220 655 2260 quae
676 2205 933 2261 diplomatis
963 2204 1237 2261 apostolicis,
1264 2202 1682 2253 constitutionibus,

0 2292 11 2331 ,·
65 2282 256 2326 decretis
293 2281 716 2337 congregationum,
758 2282 950 2338 regulis,
991 2281 1219 2334 instituto,
1265 2279 1682 2329 constitutionibus,

3 2371 5 2374 ⁴
61 2358 376 2411 continentur,
417 2366 462 2401 et
499 2362 581 2403 353
619 2358 903 2414 peculiariter
940 2359 1213 2402 mentionem
1253 2357 1385 2419 faciet
1423 2354 1683 2398 huiusmodi

64 2434 367 2477 examinatum
397 2434 574 2490 ingredi
605 2435 880 2479 Societatem
910 2449 1014 2478 cum
1050 2435 1171 2478 omni
1209 2433 1525 2483 indifferentia,
1559 2438 1606 2472 vt
1633 2444 1685 2472 ea

61 2511 215 2553 omnia
239 2510 391 2562 faciat,
417 2525 532 2566 quae
555 2511 802 2554 constituta
824 2512 992 2556 fuerint
1021 2513 1077 2555 ab
1110 2511 1180 2564 iis,
1207 2525 1396 2566 quorum
1420 2523 1569 2558 curae,
1597 2521 1684 2562 gu-

63 2587 336 2639 bernationi,
357 2594 402 2631 et
424 2587 592 2630 iudicio
616 2588 881 2631 commissus
912 2588 1060 2632 fuerit.
1095 2588 1273 2632 Scribet
1301 2593 1531 2642 praeterea
1559 2583 1683 2625 illum

67 2663 204 2720 recipi
227 2665 282 2706 ad
309 2664 619 2719 probationem
643 2665 883 2709 Societatis
911 2665 1184 2707 authoritate
1212 2662 1475 2719 superioris:
1503 2660 1682 2702 tandem

0 2767 13 2773 »Δ
65 2736 319 2783 subscribet
342 2754 506 2783 nomen
528 2755 660 2783 suum
683 2741 736 2793 is,
763 2742 840 2796 qui
857 2742 1157 2794 examinatur,
1178 2740 1294 2783 diem
1318 2746 1362 2781 et
1385 2751 1568 2787 annum,
1591 2743 1678 2780 etc.

153 2817 319 2859 Tradat
356 2817 489 2859 etiam
527 2824 734 2873 receptus
772 2832 1084 2873 quaecumque
1112 2818 1247 2859 habet
1286 2817 1476 2871 (praeter
1512 2819 1679 2865 vestes,

62 2891 228 2946 quibus
250 2892 466 2945 induitur,
487 2908 590 2936 narn
612 2908 688 2937 eas
710 2893 938 2936 iubebitur
962 2893 1153 2937 retinere
1175 2898 1219 2935 et
1243 2906 1326 2934 vsu
1349 2891 1568 2940 deterere,
1594 2888 1679 2930 nisi

63 2976 214 3010 essent
250 2969 554 3026 preciosiores)
593 2969 876 3025 procuratori
913 2970 1095 3022 domus,
1135 2968 1211 3023 qui
1248 2967 1395 3010 omnia
1433 2965 1598 3009 scribet
1634 2964 1680 3007 in
