2028 3426
292 207 361 244 232
763 209 916 244 PATms
941 208 1183 244 HIERoNvm
1211 207 1362 242 NADAL

247 317 407 354 centur
429 312 486 353 ad
509 310 746 366 prandium
771 310 930 361 exteri,
957 310 1035 352 sed
1059 308 1182 352 domi
1205 308 1375 363 aliquid
1403 308 1597 365 amplius
1626 316 1881 366 apponatur

250 387 501 430 fratribus..
516 422 544 429 ..

341 464 390 508 In
428 464 793 520 processionibus
832 462 1122 517 generalibus
1160 477 1251 505 non
1283 470 1389 506 eant
1416 462 1575 506 ordine
1608 463 1767 517 nostri,
1801 464 1881 508 sed

249 541 441 592 mixtim,
463 541 508 583 in
533 541 664 583 turba
688 548 788 595 post
812 540 1146 595 magistratum:
1173 538 1210 581 si
1228 546 1447 596 urgerent
1463 539 1649 592 domini,
1671 540 1882 583 consula-

252 626 325 660 tur
349 620 484 661 Pater
507 617 748 673 generalis.

338 694 510 737 Nouitii
534 693 716 749 collegii
740 694 984 749 probentur
1011 692 1055 734 in
1080 692 1306 737 exercitiis
1329 692 1640 750 spiritualibus
1663 700 1708 737 et
1732 693 1884 736 offitiis

249 771 584 814 domesticis...

339 849 440 891 Non
465 847 707 890 audiantur
730 847 773 889 in
798 846 1101 899 confessione,
1127 847 1205 902 qui
1227 847 1471 890 discedunt
1494 855 1657 903 sponte
1680 863 1705 891 a
1727 847 1885 892 Socie-

252 933 358 977 tate,
385 925 558 968 etiamsi
583 940 607 967 a
632 924 761 967 nobis
784 925 1096 977 absoluantur,
1129 932 1174 967 et
1198 939 1304 969 vere
1336 924 1426 967 sint
1448 924 1670 978 absoluti,
1703 939 1786 968 nec
1819 932 1886 968 te-

252 1010 444 1045 neantur
467 1002 627 1044 redire.

342 1079 583 1122 Ordinarie
607 1086 756 1122 rector
779 1092 872 1121 non
897 1078 990 1122 exit
1011 1079 1056 1121 in
1080 1068 1408 1124 recreationem
1426 1093 1529 1122 curn
1549 1078 1781 1131 fratribus,
1802 1078 1888 1122 nisi

256 1165 436 1212 propter
459 1157 580 1199 bona
603 1170 723 1198 noua
748 1155 963 1199 fratribus
986 1156 1193 1210 dicenda;
1226 1164 1271 1199 et
1299 1157 1482 1212 quando
1511 1172 1602 1200 non
1631 1164 1716 1209 est,
1748 1156 1888 1199 sindi-

253 1247 355 1276 cum
381 1235 545 1275 habeat
567 1240 811 1275 secretum.

343 1311 444 1352 Non
469 1309 730 1365 obligantur
754 1309 960 1365 germani
983 1311 1040 1353 ad
1062 1311 1319 1367 catalogum
1345 1325 1596 1354 romanum:
1629 1310 1666 1354 si
1695 1311 1891 1367 legerint

257 1387 395 1429 libros
427 1401 600 1437 eorum,
638 1386 714 1442 qui
753 1394 909 1442 aperte
941 1395 1049 1430 sunt
1077 1388 1281 1440 heretici,
1315 1387 1489 1431 absolui
1520 1396 1726 1444 possunt,
1758 1389 1892 1431 modo

258 1464 521 1519 promittant
544 1478 591 1506 se
615 1478 705 1505 non
729 1464 930 1507 lecturos
953 1464 1163 1520 amplius,
1188 1465 1260 1508 vel
1282 1465 1602 1521 impetraturos
1619 1471 1890 1521 potestatem

255 1541 454 1595 legendi.

345 1617 435 1672 Qui
459 1632 514 1660 ex
539 1619 753 1662 fratribus
776 1634 866 1662 non
890 1626 998 1662 sunt
1021 1619 1242 1675 germani,
1269 1626 1494 1663 conentur
1523 1619 1697 1662 discere
1725 1619 1894 1675 aliquid

257 1694 301 1736 in
331 1694 407 1737 illa
434 1695 608 1750 lingua:
642 1711 734 1738 non
761 1704 910 1740 tamen
939 1697 1132 1739 multum
1157 1704 1424 1753 vrgeantur,
1450 1695 1686 1752 presertim
1710 1697 1893 1752 quando

259 1786 346 1815 non
372 1772 687 1828 neggligentia
710 1774 790 1816 sed
813 1773 1080 1817 difficultate
1102 1773 1334 1817 omittunt.

352 1849 638 1902 Oblationes,
674 1864 790 1904 quae
829 1849 1128 1894 inueniuntur
1156 1851 1202 1892 in
1232 1850 1376 1902 altari,
1408 1849 1553 1907 accipi
1582 1857 1785 1907 possunt:
1816 1851 1895 1893 bo-

262 1941 370 1970 num
401 1933 550 1969 tamen
581 1936 649 1971 est
680 1935 729 1969 ut
759 1928 926 1972 dentur
954 1927 1246 1983 pauperibus,
1278 1936 1322 1971 et
1351 1927 1497 1970 sciant
1525 1942 1684 1972 omnes
1709 1942 1786 1971 eas
1814 1941 1897 1971 nos

261 2018 353 2046 non
377 2003 602 2059 excipere.

1986 54 2003 91 .‡
1980 0 2007 39 1·ἐὶ
