2028 3426
305 214 374 259 858
883 211 1023 247 Emsr.
1052 210 1097 245 P.
1126 210 1278 246 NADAL

348 317 520 359 Verum
551 315 606 357 ad
638 321 766 356 tuum
799 313 1174 369 praesentiscere:
1204 326 1339 367 quem
1370 311 1521 368 legisti
1553 311 1902 368 grammaticum

258 395 314 436 de
334 393 713 448 praesentiscere?
731 389 944 433 Arbitror
968 397 1011 433 te
1035 390 1208 432 nullum
1232 388 1414 445 legisse,
1436 403 1577 444 quum
1594 388 1680 432 ista
1701 388 1898 445 scripse-

260 472 320 513 ris
343 479 376 523 ³,
402 470 481 514 sed
499 468 623 524 loqui
647 476 691 511 te
712 482 768 511 ex
792 467 969 519 habitu,
996 481 1131 523 quem
1155 465 1262 509 olim
1285 481 1311 510 e
1335 467 1465 522 plena
1482 465 1692 510 barbarie
1708 466 1900 510 hausisti

259 547 543 599 scholastica,
570 546 735 589 deinde
752 544 1093 589 concertatione
1125 557 1178 586 ac
1202 558 1286 586 vsu
1316 543 1610 586 confirmasti.
1642 543 1804 586 Credis
1829 559 1903 588 me

258 625 509 668 orationem
541 623 778 667 instituere
806 621 823 647 '³
856 621 1189 678 apologeticam
1212 621 1268 664 de
1284 621 1667 676 praesentiscere?
1689 622 1793 664 Non
1826 622 1895 665 fa-

259 702 344 755 cio,
373 702 524 754 frater,
550 702 608 743 ob
633 700 695 743 rei
719 708 763 743 et
782 698 1100 755 indignitatem
1125 696 1210 737 222
1233 705 1248 722 ⁰
1267 704 1310 741 et
1328 697 1562 740 vilitatem.
1589 696 1673 738 223
1700 699 1900 741 Tantum

259 779 366 834 quid
379 793 502 822 erras
514 792 752 834 exponam.
775 778 878 820 Non
897 783 965 820 est
983 776 1058 818 illa
1075 774 1350 832 significatio
1373 773 1498 817 verbi
1513 774 1650 827 illius,
1669 776 1804 819 Pater
1823 774 1897 827 mi,

256 855 292 898 si
309 855 447 899 latine
469 853 580 897 velis
601 853 725 909 loqui
747 861 792 897 et
816 868 904 895 non
931 851 1080 908 potius
1104 852 1311 903 barbare3
1329 865 1433 894 nam
1452 851 1592 894 verba
1617 850 1663 893 in
1681 865 1753 893 sco
1771 850 1898 894 finita

258 932 670 988 frequentationem
693 946 783 974 non
803 929 1081 986 significant,
1106 929 1186 972 sed
1209 928 1566 980 inchoationem,
1599 927 1634 971 si
1668 927 1903 971 Prisciano

257 1009 418 1062 credis;
444 1009 512 1052 sin
537 1009 711 1060 Vallae,
737 1007 983 1064 explicabis
1006 1006 1081 1049 illa
1105 1021 1183 1062 per
1207 1006 1396 1048 verbum
1410 1005 1493 1061 fio.
1521 1006 1595 1048 Ad
1620 1005 1795 1048 Vallam
1820 1018 1900 1047 ac-

258 1088 426 1131 cedunt
450 1088 544 1130 fere
563 1084 865 1142 grammatici,
887 1084 1010 1139 quod
1029 1082 1298 1126 auctoritate
1320 1083 1591 1125 confirmant
1611 1083 1708 1139 (suo
1727 1081 1900 1125 scilicet

258 1164 564 1221 argumento).
598 1164 715 1206 Nam
739 1161 961 1218 Virgilius
983 1160 1152 1217 inquit:
1182 1159 1348 1202 «maria
1378 1159 1600 1215 incipiunt
1635 1159 1806 1216 agitata
1829 1166 1902 1202 tu-

260 1255 460 1285 mescere
488 1230 550 1283 ¹»ss
573 1241 630 1283 Et
668 1239 755 1283 alio
794 1240 908 1282 loco:
949 1238 1166 1281 «Fluctus
1195 1237 1271 1279 vbi
1294 1236 1438 1293 primo
1468 1236 1616 1292 coepit
1646 1250 1749 1279 cum
1773 1236 1899 1279 albe-

261 1334 388 1363 scere
412 1325 550 1374 ponto
573 1318 615 1357 ΒΞ»
643 1331 734 1360 non
757 1316 995 1359 additurus
1018 1316 1244 1371 incipiunt
1272 1322 1318 1357 et
1340 1314 1491 1370 coepit,
1521 1313 1557 1357 si
1586 1312 1632 1355 in
1655 1313 1806 1356 verbis
1829 1312 1902 1355 in-

261 1396 524 1453 coeptiones
554 1393 914 1438 continerentur.

348 1475 450 1517 Non
483 1471 687 1529 negarim
726 1479 877 1515 tamen
905 1469 1242 1514 inchoationem
1278 1482 1606 1523 nonnunquam
1638 1467 1898 1524 significare

258 1550 518 1594 huiusmodi
538 1551 691 1602 verba,
711 1557 760 1591 vt
788 1548 794 1606 Ι
823 1548 868 1591 in
887 1547 1109 1592 Cicerone
1127 1546 1310 1603 legitur,
1326 1547 1392 1602 p.⁰
1404 1547 1460 1590 de
1480 1545 1899 1599 officiis,-«namque

261 1629 508 1672 Herculem
549 1627 770 1670 Prodicus
809 1625 917 1669 dicit
947 1626 961 1646 ³
1002 1626 1064 1681 (vt
1088 1632 1157 1668 est
1195 1625 1315 1680 apud
1346 1623 1715 1679 Xenophontem)
1756 1635 1896 1677 quum

260 1707 452 1762 primum
477 1706 790 1761 pubesceret»,
817 1709 905 1745 etc.
933 1703 990 1744 Et
1013 1716 1147 1757 saepe
1171 1707 1322 1744 amant
1345 1702 1458 1744 haec
1480 1700 1620 1743 verba
1643 1687 1724 1755 pro
1742 1698 1901 1755 primi-

261 1784 366 1827 tiuis
397 1782 622 1839 usurpari,
665 1789 712 1824 vt
741 1782 981 1823 conticesco
1011 1793 1091 1835 pro
1124 1780 1327 1830 conticeo,
1358 1778 1619 1834 concupisco
1649 1791 1732 1833 pro
1760 1776 1902 1830 cupio,

261 1862 551 1904 contremisco
574 1874 654 1916 pro
677 1861 922 1905 contremo:
945 1864 1005 1909 et,
1032 1856 1152 1913 quod
1184 1857 1407 1900 habemus
1430 1855 1475 1896 in
1500 1852 1777 1910 Apocalypsi
1800 1867 1900 1894 sor-

260 1939 397 1990 desco,
416 1938 487 1981 vel
506 1951 587 1993 pro
609 1935 804 1992 sordefio
826 1933 1067 1990 accipitur,
1088 1934 1160 1977 vel
1177 1932 1363 1975 omnino
1381 1947 1462 1988 pro
1481 1946 1563 1975 suo
1583 1929 1827 1987 primitiuo,
1853 1936 1902 1971 vt

262 2029 425 2071 graece
447 2022 516 2058 est
533 2021 552 2054 ὁ
569 2020 686 2067 epm-w
702 2019 897 2065 ρυπωσάτω
916 2017 977 2064 ἒτις
1000 2012 1014 2032 ²²
1039 2018 1084 2054 et
1105 2010 1286 2066 quidem
1313 2017 1441 2052 tuum
1468 2008 1828 2065 praesentiscere
1851 2006 1897 2048 in

333 2151 349 2166 ³1
376 2140 563 2175 scriberis
582 2150 657 2174 ms.
716 2139 781 2165 —b
808 2138 986 2172 institere
1002 2147 1073 2174 ms,
1127 2144 1190 2162 -C
1209 2134 1395 2182 Sequitur
1409 2135 1448 2169 in
1467 2133 1602 2170 codice
1617 2132 1682 2170 fol.
1701 2141 1783 2178 222,
1799 2130 1902 2178 quod

263 2210 464 2245 perperam
491 2210 512 2233 a
532 2198 619 2234 libri
639 2196 910 2244 compositore.
921 2196 960 2231 in
984 2196 1058 2231 hoc
1090 2196 1174 2230 loco
1205 2193 1376 2241 positum
1397 2200 1470 2238 est,
1493 2199 1628 2240 utpote
1659 2191 1761 2238 quod
1780 2201 1902 2238 pauca

266 2264 415 2293 tantum
441 2258 632 2301 continet,
651 2268 750 2304 quae
775 2256 822 2291 ad
843 2254 1125 2302 praefationem
1143 2253 1259 2300 hujus
1278 2253 1482 2300 apologiae
1501 2256 1690 2299 spectant,
1710 2256 1749 2286 et
1764 2250 1903 2296 imper-

263 2318 365 2353 fecta
385 2325 488 2353 sunt.
518 2319 604 2353 Fol.
631 2326 727 2352 222v
746 2327 913 2351 vacuum
932 2320 1122 2352 remanet.

337 2420 342 2438 ¹
396 2418 583 2465 Virgilius
603 2430 680 2454 non
701 2419 850 2459 maria,
871 2416 940 2452 sed
952 2416 1070 2463 freta
1087 2415 1205 2462 ponti
1222 2413 1342 2450 dixit.
1368 2415 1425 2449 En
1445 2414 1554 2448 locus
1580 2424 1601 2447 a
1626 2412 1720 2447 Nat.
1744 2410 1903 2455 citatus,

265 2478 493 2525 desumptus
513 2490 561 2514 ex
585 2479 752 2525 Georg.,
772 2477 843 2513 lib.
870 2476 901 2522 Ι,
922 2487 1027 2511 vers.
1048 2473 1227 2520 356-358:

548 2555 758 2601 Continuo,
780 2553 910 2590 ventis
929 2552 1198 2598 surgentibus,
1220 2556 1286 2586 aut
1305 2550 1407 2586 freta
1425 2549 1535 2596 ponti

548 2615 742 2661 Incipiunt
760 2615 906 2659 agitata
925 2619 1158 2657 tumescere,
1182 2616 1221 2646 et
1240 2609 1372 2645 aridus
1391 2609 1481 2644 altis

552 2674 750 2709 Montibus
768 2673 893 2709 audiri
913 2672 1058 2717 fragon

339 2734 351 2751 ²
402 2735 611 2775 Aeneidos,
627 2732 695 2768 lib.
716 2732 804 2779 VII,
821 2744 924 2767 vers.
947 2731 1028 2776 528.
1048 2730 1136 2766 Alia
1151 2729 1282 2776 lectio,
1305 2740 1326 2764 a
1344 2728 1536 2763 LEMAIRE
1553 2725 1740 2767 adhibita,
1757 2730 1830 2763 est:
1846 2725 1904 2759 al—

267 2794 415 2828 bescere
440 2796 566 2827 vento.
587 2792 648 2829 Cf.
674 2792 740 2827 cit.
762 2797 983 2834 auctorem,
1004 2789 1278 2835 Bibliotheque
1302 2788 1498 2832 classique
1522 2785 1662 2826 latine,
1687 2784 1901 2832 Virgilius,

270 2853 345 2885 vol.
368 2851 437 2895 111,
458 2862 548 2897 pag.
583 2850 666 2886 312.

340 2912 351 2928 “’
404 2910 482 2945 Alii
503 2911 638 2955 legunt
657 2910 873 2945 Herculem
895 2908 1133 2945 Prodicium
1158 2908 1311 2943 dicunt.
1331 2906 1394 2942 Cf.
1416 2906 1618 2950 LEMAIRE,
1641 2905 1714 2940 loc.
1732 2903 1813 2948 cit„
1839 2901 1904 2937 Ci-

268 2981 370 3012 cero,
391 2970 466 3004 vol.
488 2969 595 3015 XIV,
615 2980 703 3015 pag.
729 2977 808 3013 151.

346 3031 353 3048 '·
406 3028 477 3073 Ita,
499 3039 544 3062 ex
566 3027 658 3063 edit.
678 3028 955 3074 complutensi.
982 3028 1026 3062 In
1055 3026 1227 3062 editione
1248 3024 1350 3060 Novi
1369 3024 1493 3070 Test.‚
1515 3035 1537 3058 a
1561 3021 1746 3058 Gebhard
1765 3032 1814 3056 ex
1838 3020 1903 3056 Ti-
