2028 3426
339 202 409 239 550
807 193 960 228 PATms
986 192 1233 230 ΗιεκοΝΥΜι
1259 193 1411 228 NADAL

293 294 448 347 dendi,
474 295 552 338 sed
576 302 752 338 maturo
775 293 962 337 consilio
984 308 1036 336 ac
1059 293 1226 337 sensim
1249 308 1332 336 suo
1356 295 1469 338 loco.
1493 296 1609 338 Nam
1635 296 1671 338 si
1693 311 1748 340 ex
1771 295 1924 351 aliquo
1968 283 1970 285 V

296 373 493 414 fructum
517 371 712 427 capiant,
738 371 966 415 iubebitur
989 370 1062 414 ille
1086 370 1268 415 retineri
1291 373 1436 415 donec
1458 380 1528 415 sat
1550 372 1758 417 videatur
1780 387 1835 416 ex
1852 373 1928 415 illo

296 448 555 504 profecisse,
581 455 626 491 et
649 448 784 490 alium
808 447 1081 492 desiderent.
1110 448 1288 492 Deinde
1316 449 1480 504 poterit
1508 449 1811 493 confessarius
1843 450 1929 493 illis

295 540 492 568 amorem
518 540 666 568 rerum
696 525 995 580 spiritualium
1029 525 1243 569 inserere.
1271 526 1429 581 Itaque
1457 526 1610 569 odium
1640 535 1928 582 peccatorum
1975 533 1978 538 '

296 602 514 659 primum,
546 602 709 644 deinde
740 616 888 644 rerum
925 603 1225 646 humanarum
1251 611 1581 659 contemptum,
1608 603 1926 659 periculorum,

296 679 343 722 in
375 680 540 735 quibus
579 686 818 722 versantur
856 686 1089 734 perpetuo,
1116 679 1192 735 qui
1232 679 1277 721 in
1307 681 1489 723 saeculo
1518 680 1696 731 viuunt,
1724 680 1930 724 timorem
1968 704 1970 718 2
2001 712 2009 718 .,

296 757 517 807 incutere3
545 756 716 806 mortis,
744 755 1013 798 iudiciorum
1045 756 1129 798 Dei
1161 758 1460 810 occultorum,
1486 757 1618 800 simul
1650 757 1803 800 iudicii
1828 771 1930 813 par·
1967 799 1971 814 Σ
1998 803 2010 814 ,⁴

300 833 499 876 ticularis
533 841 577 875 et
603 832 872 875 vniue-rsalis
895 832 1082 885 Christi,
1109 833 1273 878 inferni
1308 835 1557 886 horrorem,
1583 833 1776 890 paradisi
1805 848 1928 876 amo-

299 925 411 960 rem,
428 924 569 965 spem,
585 908 875 961 desiderium3
897 910 990 953 496
1009 909 1224 954 instillare
1243 925 1442 955 amorem
1460 911 1546 954 Dei
1563 919 1606 955 et
1624 910 1929 966 perfectionis,
1983 911 2011 974 {J

303 987 511 1043 puritatis
536 986 671 1039 vitae,
698 986 960 1029 imitationis
989 987 1178 1038 Christi,
1205 995 1250 1032 et
1282 996 1540 1031 sanctorum
1578 988 1623 1030 in
1656 1002 1839 1042 genere.
1878 989 1934 1030 Et

306 1067 417 1108 haec
443 1063 623 1118 quidem
647 1072 974 1118 proponentur,
1001 1063 1038 1107 si
1067 1063 1127 1106 illi
1152 1064 1410 1108 iudicentur
1438 1066 1494 1107 ad
1524 1065 1846 1120 perfectionem
1870 1065 1934 1106 vi·
1982 1073 2004 1122 ff

303 1150 373 1184 tae
403 1140 619 1182 rationem
645 1154 748 1182 cum
772 1139 927 1183 diuina
943 1141 1090 1197 gratia
1112 1141 1216 1184 duci
1239 1156 1388 1197 posse.
1414 1143 1543 1185 Haec
1568 1143 1659 1185 fere
1683 1141 1850 1193 omnia,
1876 1143 1933 1184 de
1975 1131 2014 1196 ,23¹

303 1218 467 1273 quibus
490 1218 534 1259 in
559 1217 845 1260 confessione
868 1232 970 1260 cum
995 1217 1071 1261 illo
1095 1218 1191 1274 agit
1214 1219 1537 1273 confessarius,
1563 1219 1726 1276 poterit
1743 1219 1875 1262 simul
1891 1226 1936 1262 et

302 1304 530 1351 promotor
553 1296 626 1339 ille
649 1309 753 1338 cum
779 1296 937 1339 eodem
962 1303 1155 1340 tractare
1177 1306 1414 1352 oportune.
1991 1344 1993 1347 ,

392 1375 637 1416 Octauum.
704 1373 972 1416 Consultum
998 1388 1092 1415 non
1121 1381 1189 1418 est
1224 1382 1272 1416 vt
1304 1375 1605 1429 particulatim
1638 1376 1694 1419 de
1728 1367 1938 1431 ingressu
1986 1366 2016 1420 ’Ἴ

302 1449 540 1494 Societatis
563 1464 666 1492 cum
689 1449 766 1492 illo
788 1457 912 1505 agat,
938 1449 1022 1492 nisi
1045 1450 1081 1493 si
1105 1451 1160 1492 ad
1187 1450 1335 1506 ipsum
1354 1451 1427 1494 ille
1444 1451 1564 1507 prior
1589 1452 1790 1504 referret;
1817 1453 1938 1507 quod
1990 1455 2008 1516 ⁵:

303 1540 406 1569 curn
431 1527 614 1579 faceret,
640 1526 868 1569 iuuandus
890 1534 958 1571 est
982 1529 1232 1578 commode,
1258 1529 1338 1570 sed
1370 1528 1431 1570 ita
1461 1536 1625 1580 tamen,
1662 1537 1710 1570 vt
1747 1528 1808 1570 illi
1848 1544 1937 1572 non
1991 1582 1997 1587 ι

304 1611 487 1660 praeeat
509 1603 829 1656 confessarius,
851 1605 930 1648 sed
953 1605 1234 1647 solummodo
1253 1605 1362 1647 illud
1380 1605 1647 1661 principium
1665 1613 1710 1648 et
1728 1605 1936 1661 gratiam,

305 1696 439 1736 quam
463 1681 537 1725 ille
561 1681 759 1733 adducit,
782 1681 952 1724 nitatur
975 1696 1277 1737 promouere.-

395 1759 591 1801 Nonum.
660 1758 753 1813 Qui
781 1766 848 1801 est
877 1758 1012 1801 huius
1041 1758 1103 1801 rei
1134 1768 1365 1814 promotor
1387 1775 1411 1803 e
1441 1760 1621 1811 nostris,
1649 1760 1737 1811 ille,
1763 1769 1941 1816 praeter
1984 1788 1999 1822 Ι-

306 1849 375 1887 ea,
404 1850 519 1890 quae
541 1835 750 1890 superius
779 1835 1114 1887 annotauimus,
1147 1835 1326 1891 poterit,
1357 1845 1406 1878 vt
1428 1837 1629 1880 censebit
1651 1837 1941 1880 commodum
1989 1832 2010 1902 ’ζ

308 1927 407 1956 esse
435 1920 479 1955 et
503 1920 796 1967 oportunum,
822 1913 1030 1955 consulto
1053 1912 1302 1968 superiore,
1337 1913 1422 1956 alia
1454 1914 1695 1966 adducere,
1717 1914 1808 1958 49?
1842 1913 1942 1968 qui·

309 1991 396 2031 bus
419 1988 661 2044 negocium
685 1996 1022 2044 promoueatur;
1048 2004 1101 2032 ea
1124 2004 1230 2032 vero
1255 2004 1580 2045 nonnunquam
1603 1991 1819 2046 colligere
1842 1998 1943 2046 pot·

309 2066 392 2108 erit
414 2080 438 2108 e
462 2080 508 2108 re
531 2074 637 2107 nata
664 2076 708 2109 et
738 2065 1070 2118 occasionibus,
1096 2080 1208 2120 quas
1236 2067 1330 2109 suis
1358 2067 1469 2110 locis
1496 2067 1773 2111 obseruabit.
1810 2069 1944 2111 Pote-
1980 2061 1981 2065 ¹

309 2142 365 2184 rit
389 2150 620 2197 praeterea
643 2150 873 2197 promotor
896 2157 1032 2198 agere
1055 2156 1158 2185 cum
1181 2142 1257 2185 illo
1280 2145 1337 2187 de
1355 2145 1490 2187 rebus
1507 2143 1748 2188 Societatis
1772 2153 1942 2200 aperte,
2006 2155 2014 2162 ”

314 2219 653 2263 communicare
675 2233 810 2272 noua,
847 2220 1019 2263 indicas
1057 2220 1209 2263 literas
1247 2229 1291 2264 et
1320 2221 1444 2273 alias,
1477 2235 1593 2276 quae
1622 2221 1858 2264 videantur
1888 2221 1946 2264 ad
1996 2262 1997 2265 ,

315 2295 676 2339 aedificationem
701 2298 866 2348 facere,
894 2297 1110 2352 legendas
1132 2297 1255 2341 dare.
1292 2297 1514 2342 Breuiter:
1546 2311 1859 2353 quaecumque
1889 2298 1945 2340 ad
1982 2281 2016 2318 '3

316 2371 644 2427 promotionem
668 2371 786 2414 illius
816 2372 1092 2428 spiritualem
1122 2389 1177 2417 ex
1207 2375 1342 2417 rebus
1371 2374 1609 2418 Societatis
1639 2375 1786 2418 facere
1815 2381 1946 2430 pote·

315 2455 439 2499 runt,
467 2448 611 2491 eidem
635 2447 719 2491 erit
741 2462 876 2503 opere
899 2448 1099 2503 precium
1123 2451 1475 2495 communicare.
1992 2504 1993 2509 ¹

402 2525 656 2567 Decimum.
723 2526 853 2580 Quae
875 2525 1109 2580 attigimus
1137 2527 1303 2579 omnia,
1335 2542 1425 2570 non
1455 2529 1600 2570 solum
1629 2529 1685 2570 ad
1714 2529 1947 2572 confessa-

315 2602 430 2645 rium
454 2602 739 2658 pertinentia,
765 2604 844 2646 sed
868 2618 983 2658 quae
1005 2605 1061 2645 ad
1085 2613 1406 2659 promotorem,
1431 2620 1486 2648 eo
1509 2605 1690 2660 quidem
1720 2612 1944 2661 spectant,

319 2687 365 2721 vt
388 2679 565 2722 illorum
585 2678 721 2721 animi
739 2679 993 2723 excitentur
1010 2681 1066 2722 ad
1085 2681 1314 2736 pietatem,
1337 2682 1412 2737 qui
1432 2683 1488 2724 ad
1506 2682 1779 2726 Societatem
1798 2681 1947 2726 idonei
1990 2676 2020 2718 Ἀ

316 2756 546 2810 videntur,
570 2764 615 2799 et
637 2763 686 2799 vt
707 2771 762 2800 ex
785 2757 1016 2813 principiis
1033 2757 1382 2810 Vniuersalibus,
1403 2773 1519 2814 quae
1535 2759 1716 2814 quidem
1740 2765 1948 2815 spectant
1974 2767 2019 2821 ζ.-

319 2834 375 2875 ad
398 2833 612 2889 pietatem
631 2833 921 2877 christianam
939 2842 984 2877 et
1002 2834 1341 2890 perfectionem,
1363 2844 1633 2879 moueantur
1649 2836 1732 2892 ipsi
1751 2851 1776 2878 a
1793 2835 1949 2878 diuina
1995 2843 2017 2886 s

323 2910 484 2965 gratia.
513 2911 682 2953 Verum
707 2911 888 2966 quando
916 2910 1024 2966 ipsis
1057 2925 1129 2954 res
1159 2920 1416 2964 narrantur,
1449 2914 1521 2956 vel
1549 2913 1820 2956 exhibentur
1848 2912 1958 2955 lite-

318 3000 409 3038 rae,
436 2995 543 3039 etc.‚
571 3002 686 3043 quae
707 2987 887 3044 proprie
909 2989 965 3030 ad
988 2987 1079 3032 498
1101 2988 1374 3032 Societatem
1405 2989 1613 3040 attinent,
1647 2989 1822 3033 etiamsi
1844 3003 1948 3045 pro-
1975 2975 2020 3050 ’,ἦ
