2028 3426
679 234 858 269 NonA
885 240 1074 268 comeum
1598 239 1642 274 25

67 339 357 376 documentum
378 342 439 374 est
465 337 652 386 synopsis
680 335 962 372 difficultatum
989 345 1061 370 seu
1088 332 1304 369 dubiorum
1332 333 1383 369 de
1411 333 1564 377 studiis,
1585 344 1607 368 a
1634 333 1692 368 di-

67 411 193 447 versis
214 409 431 457 provinciis
451 407 763 456 propositorum.
784 406 880 442 Des.
905 420 964 442 α...
986 404 1103 441 Prov.
1124 403 1277 441 Galliae
1298 403 1394 440 ibid.
1422 404 1461 439 in
1490 402 1544 449 3.⁰
1570 403 1691 439 uellet

69 481 243 528 aliquem
264 484 471 517 auctorem
487 490 509 515 a
529 478 736 526 prandio.»

148 552 398 588 Mentionem
419 550 538 598 hujus
561 548 713 585 codicis
734 548 902 584 fecimus
918 547 957 583 in
973 545 1152 583 Illonum.
1174 544 1368 593 Paedag„
1386 556 1477 594 pag.
1500 555 1558 590 14,
1574 557 1611 580 n.
1629 544 1696 581 III.

743 657 925 697 Codex
955 656 1025 695 (31

149 762 317 801 llffz'scell.
347 761 395 799 de
426 762 541 806 Inst„
576 761 869 797 L—Volumen
900 760 938 796 in
969 758 1027 804 f.0‚
1057 758 1327 811 compositum
1356 763 1539 794 recenter
1568 769 1621 793 ex
1653 767 1702 802 24

3 823 14 839 '
70 836 203 884 parvis
219 834 443 879 codicibus,
463 837 523 870 tot
542 832 719 869 numeris
736 831 947 876 distinctis,
965 835 1004 867 et
1024 831 1099 866 hac
1120 831 1159 866 in
1181 829 1289 866 dorsi
1310 828 1545 865 membrana
1565 829 1700 865 inscri-

14 896 17 898 .
69 907 206 955 ptione
228 906 440 954 signatum:
463 903 710 940 «Miscellan.
737 904 741 948 Ι
767 903 829 939 De
851 902 977 939 Instit.
1008 901 1047 939 S.
1083 901 1111 937 I.
1170 901 1225 936 I.»
1257 900 1380 936 Foliis
1402 900 1477 936 282
1499 899 1702 941 coalescit,

71 988 174 1024 quae
208 976 351 1024 partim
385 976 554 1024 signata,
588 974 732 1022 partim
759 985 840 1010 non
877 974 1032 1022 signata
1067 977 1172 1017 sunt,
1198 976 1319 1019 prout
1344 971 1522 1017 codices,
1556 970 1704 1017 quibus

72 1052 242 1092 constat,
269 1046 414 1095 signati
432 1045 497 1081 vel
523 1057 606 1081 non
627 1045 771 1094 signati
792 1044 958 1080 fuerant.
986 1043 1031 1079 In
1052 1043 1118 1079 fol.
1153 1053 1183 1088 1,
1203 1047 1387 1079 recenter
1407 1042 1560 1087 addito,
1581 1041 1705 1078 habe-

71 1123 135 1155 tur
163 1117 289 1154 index
317 1129 468 1162 rerum,
500 1126 550 1163 24
575 1116 696 1152 titulis
733 1120 943 1159 constans,
980 1126 1152 1161 quorum
1180 1118 1336 1150 tantum
1367 1113 1445 1150 8¹³⁵
1475 1118 1514 1149 et
1541 1118 1620 1158 931⁵
1656 1113 1706 1149 ad

74 1190 114 1226 P.
138 1188 322 1225 Natalem
343 1192 538 1236 spectant.

155 1260 274 1296 Num.
302 1269 331 1296 Ι.
389 1258 473 1296 Sub
493 1259 571 1294 hoc
592 1257 708 1294 titulo
733 1256 1028 1302 «Informacion
1051 1256 1266 1292 summaria
1287 1255 1338 1291 de
1359 1255 1395 1291 la
1416 1254 1641 1302 Compafn'a
1658 1255 1709 1291 dc

76 1332 229 1380 JEsvs.»
253 1330 449 1378 reperitur
469 1329 603 1366 brevis
624 1327 844 1376 explicatio
866 1327 1034 1364 instituti
1063 1327 1274 1363 Societatis
1291 1326 1400 1373 Jesu,
1427 1326 1598 1374 hispano
1627 1337 1709 1362 ser-

78 1413 199 1439 mone
221 1401 462 1448 conscripta,
485 1411 560 1436 sex
580 1399 683 1436 foliis
704 1403 908 1444 constans,
932 1409 1024 1434 cum
1044 1398 1184 1434 notitia
1204 1397 1503 1445 provinciarum
1529 1402 1568 1433 et
1588 1397 1708 1434 colle-

81 1474 251 1522 giorum,
278 1472 512 1518 fructusque
542 1482 596 1507 ex
622 1470 834 1507 Societatis
861 1481 985 1516 opera
1007 1468 1176 1505 collecti.
1198 1468 1264 1504 Ex
1290 1468 1349 1514 iis,
1379 1480 1484 1515 quae
1504 1474 1710 1515 tamquam

81 1545 266 1592 proxime
287 1548 400 1592 gesta
421 1547 641 1587 narrantur,
663 1542 741 1578 hoc
762 1541 1054 1577 documentum
1074 1551 1216 1577 versus
1232 1552 1383 1576 annum
1404 1540 1501 1586 1562
1519 1541 1710 1587 scriptum

81 1615 204 1653 fuisse
233 1614 403 1652 videtur.
433 1614 515 1651 Inc.
549 1613 633 1650 «La
662 1612 829 1661 religion
858 1612 909 1648 de
937 1612 974 1648 la
1002 1610 1226 1659 Compafu'a
1253 1611 1304 1647 de
1329 1611 1446 1658 JEsvs
1474 1610 1540 1647 fue'
1566 1622 1712 1658 appro-

81 1686 252 1724 bada...»
274 1686 370 1722 Des.
394 1684 744 1722 «...conuersation
771 1683 823 1719 de
844 1688 954 1720 otros
975 1695 1028 1719 no
1055 1683 1112 1719 les
1140 1683 1310 1720 danen.»
1335 1683 1479 1719 Manus
1506 1682 1625 1718 nobis
1653 1688 1714 1718 est

83 1758 231 1807 ignota.

160 1828 279 1865 Num.
302 1837 336 1864 2.
396 1826 636 1863 «Instructio
658 1825 1037 1874 peregrinantium.»
1068 1825 1198 1862 Unico
1226 1829 1382 1861 tantum
1409 1824 1505 1860 folio
1532 1825 1713 1860 contine-

82 1905 154 1936 tur.
178 1899 399 1936 Auctorem
414 1899 534 1946 hujus
550 1897 822 1934 instructionis
838 1897 961 1932 fuisse
979 1896 1137 1932 Patrem
1154 1896 1375 1932 Victoriam
1391 1900 1550 1932 constat
1566 1907 1620 1931 ex
1640 1896 1714 1932 hac
1746 1934 1750 1937 ,

83 1970 236 2007 Natalis
257 1970 507 2018 autographa
527 1968 787 2015 inscriptione
807 1967 918 2004 initio
939 1967 1087 2003 addita:
1108 1966 1250 2003 «Hanc
1268 1967 1574 2003 instructionem
1590 1967 1631 2004 P.
1648 1966 1714 2002 Vi-

85 2042 208 2078 ctoria
229 2041 412 2077 Viennae
438 2038 662 2091 [scripsit].»
686 2039 832 2075 Manus
853 2038 972 2075 nobis
992 2039 1142 2087 ignota.
1165 2029 1247 2075 Inc.
1272 2054 1290 2072 «
1302 2048 1332 2075 1.
1359 2038 1561 2075 Modestia
1582 2043 1714 2075 uestra

84 2117 179 2149 nota
201 2112 313 2149 sit...»
336 2111 433 2148 Des.
458 2111 656 2157 «...aliqua
676 2121 850 2157 persona
871 2109 952 2145 fide
974 2109 1133 2158 digna.»

166 2183 286 2219 Num.
311 2194 344 2230 3.
402 2182 474 2218 Est
493 2181 791 2230 autographum
813 2180 990 2226 Polanci,
1012 2180 1087 2217 sub
1110 2181 1188 2216 hoc
1214 2180 1341 2217 titulo:
1367 2180 1554 2217 «Summa
1582 2180 1633 2216 de
1660 2180 1716 2216 las

88 2265 205 2291 cosas
227 2264 306 2300 que
327 2265 402 2289 son
422 2253 605 2301 proprias
625 2251 690 2288 del
712 2251 846 2288 officio
868 2251 919 2287 de
940 2252 1156 2288 secretario
1177 2262 1256 2298 que
1277 2251 1325 2288 N.
1348 2251 1389 2288 P.
1407 2252 1459 2288 ha
1474 2251 1582 2287 dado
1599 2251 1621 2287 a
1642 2251 1716 2287 Po-

86 2325 240 2362 lanco.»
275 2324 438 2372 Duplici
473 2328 630 2360 tantum
664 2323 759 2359 folio
790 2323 992 2359 coalescit.
1024 2322 1118 2370 Quo
1150 2327 1335 2370 tempore
1366 2322 1560 2370 scriptum
1588 2322 1716 2363 fuerit.

88 2396 271 2433 dicemus
299 2395 369 2431 ubi
396 2394 491 2431 illud
521 2394 690 2430 edemus
719 2405 794 2430 suo
823 2394 927 2430 loco.
957 2394 1039 2430 Ine.
1073 2392 1294 2446 «Pf’rLeer
1321 2393 1379 2429 las
1408 2393 1589 2430 letras...»
1622 2393 1715 2430 Des.

92 2465 276 2503 «...todos
297 2464 480 2501 molestia
501 2463 782 2501 hablandole.»

169 2536 287 2573 Num.
310 2547 346 2582 4.
406 2535 591 2584 Quatuor
611 2535 714 2571 foliis
735 2539 905 2571 constat.
928 2534 1000 2583 Est
1025 2539 1155 2570 totum
1181 2535 1260 2571 hoc
1287 2534 1577 2571 documentum
1603 2540 1716 2571 auto—

92 2608 289 2656 graphum
309 2607 351 2644 P.
373 2607 547 2644 Polanci.
570 2606 729 2643 Titulus
750 2610 822 2642 est:
848 2604 1194 2642 «Constitutiones
1215 2617 1294 2652 que
1316 2617 1359 2642 se
1385 2606 1566 2654 guardan
1588 2617 1638 2642 en
1658 2606 1718 2642 los

92 2678 286 2727 collegios
307 2678 358 2714 de
378 2677 416 2714 la
438 2676 700 2725 Compafn'a.»
731 2677 814 2714 Inc.
840 2676 998 2724 «Quien
1026 2677 1077 2712 ha
1100 2676 1151 2712 de
1173 2681 1253 2713 star
1271 2688 1321 2713 en
1343 2676 1598 2725 collegios...»
1622 2676 1717 2712 Des.

95 2761 182 2797 ‹<...y
209 2760 262 2785 no
290 2749 313 2785 a
340 2748 459 2796 culpa
485 2748 702 2797 ninguna.»
732 2747 777 2784 In
804 2746 984 2784 Monam.
1005 2746 1200 2795 Paedag„
1227 2759 1318 2796 pag.
1342 2748 1404 2796 78,
1431 2747 1527 2784 illud
1553 2747 1717 2795 evulga—

91 2820 234 2856 vimus.

172 2890 291 2927 Num.
317 2897 350 2936 5.
406 2888 556 2926 Tribus
576 2889 679 2926 foliis
701 2889 870 2936 scriptis,
891 2893 1034 2936 quarto
1056 2889 1199 2936 partim
1219 2889 1367 2936 scripto
1385 2894 1424 2925 et
1443 2889 1583 2935 quinto
1604 2899 1717 2935 puro,

93 2960 289 3007 reperitur
318 2959 393 2996 sub
421 2960 499 2996 hoc
526 2971 694 2996 numero
721 2959 934 3007 responsio
962 2959 1114 2996 domini
1140 2959 1283 2996 Didaci
1305 2959 1353 2995 ad
1377 2964 1549 3006 quatuor
1575 2959 1717 3006 capita,

95 3030 227 3067 eidem
247 3042 269 3067 a
288 3030 326 3068 S.
348 3030 504 3080 Ignatio
521 3031 740 3078 proposita,
757 3030 904 3077 quibus
920 3030 994 3078 ipsi
1010 3030 1306 3079 injungebatur,
1322 3035 1366 3067 ut
1385 3030 1423 3066 in
1441 3041 1554 3066 sacro
1572 3029 1718 3067 facien-
