2028 3426
339 206 407 242 542
811 196 964 232 PA‘rms
992 195 1237 230 Humoxnn
1264 193 1414 230 NADAL

292 299 690 356 dispensationem,
717 298 760 340 in
786 296 981 340 manuali
1005 303 1192 339 annotet
1215 309 1313 347 suo3
1339 294 1472 338 simul
1494 295 1589 339 dies
1611 294 1724 351 ipse,
1756 294 1925 338 mensis
1982 292 1987 299 ’
2013 333 2015 361 3

292 385 338 421 et
361 391 507 420 annus
528 375 835 428 annotabitur;
871 373 1034 417 deinde
1063 372 1334 416 inscribatur
1362 373 1446 416 477
1483 386 1664 428 quoque
1687 380 1826 427 quoto
1853 366 1931 415 die'

298 454 465 497 mensis
486 467 538 496 ac
561 452 667 496 anni
690 458 962 506 consumpta
984 453 1121 505 atque
1142 448 1402 505 dispensata
1421 448 1589 493 fuerint
1607 464 1660 493 ea
1677 449 1789 505 ipsa,
1812 463 1928 504 quae

298 530 569 587 consignata
587 530 710 586 prius
729 535 982 584 acceperat.

959 653 1021 683 DE
1057 652 1280 682 EMPTORE

290 728 302 745 ἱ

388 762 532 804 Etiam
557 761 592 803 si
615 761 755 803 soleat
778 760 902 802 solus
923 759 1060 802 domu
1089 758 1245 822 egredi
1275 766 1450 814 emptor
1479 759 1641 814 (neque
1669 757 1787 801 enim
1812 758 1930 801 vllus
1992 763 2000 795 ἑ

298 839 413 893 solet
434 853 533 883 esse
556 845 745 893 emptor,
774 836 857 880 nisi
880 836 957 891 qui
980 836 1098 879 idem
1122 835 1178 878 sit
1207 835 1550 892 probatissimus
1579 835 1749 890 frater),
1782 843 1932 878 tamen

301 925 439 960 noctu
463 931 551 958 non
577 916 711 958 debet
734 914 856 958 exire
878 915 1050 969 absque
1073 913 1213 958 socio.

974 1045 1036 1075 DE
1060 1044 1264 1074 IEIUNIIS

391 1148 491 1190 Non
531 1147 619 1188 sint
657 1144 811 1188 faciles
851 1144 1106 1200 superiores
1135 1144 1179 1186 in
1217 1143 1557 1199 dispensatione
1590 1142 1859 1188 ieiuniorum
1891 1150 1937 1187 et

303 1225 481 1269 delectu
505 1223 726 1276 ciborum,
752 1236 835 1265 nec
858 1221 1086 1278 patiantur
1107 1228 1156 1263 vt
1179 1221 1341 1264 medici
1371 1221 1417 1263 in
1445 1235 1499 1264 ea
1522 1236 1570 1265 re
1592 1221 1701 1264 fiant
1725 1220 1932 1264 laxiores.

392 1300 682 1344 Abstinentia
718 1299 806 1343 diei
845 1299 1028 1345 veneris
1059 1300 1115 1341 ab
1155 1298 1367 1341 omnibus
1410 1299 1703 1349 obseruetur,
1744 1297 1934 1340 infirmis
1998 1284 2001 1289 s

306 1377 520 1434 exceptis.

393 1455 630 1511 Fatigatis,
656 1453 963 1497 ieiunantibus
989 1461 1158 1504 tamen,
1192 1467 1432 1496 commune
1462 1452 1708 1496 remedium
1739 1460 1807 1495 est
1829 1453 1936 1496 dare

307 1533 539 1575 scutellam
564 1531 692 1587 panis
714 1529 996 1583 comminuti,
1022 1531 1094 1574 vel
1115 1544 1228 1572 vuas
1250 1544 1405 1586 passas
1435 1530 1491 1572 ad
1523 1529 1824 1580 collationem,
1857 1529 1936 1572 sed

305 1609 366 1651 ita
390 1618 539 1653 tamen
562 1613 648 1654 478
677 1606 758 1667 [ut]
789 1608 949 1650 modus
986 1607 1238 1650 collationis
1277 1621 1365 1649 non
1394 1607 1654 1658 excedatur,
1681 1606 1856 1650 etiamsi
1885 1621 1938 1650 ea

306 1686 506 1729 exactior
529 1700 618 1728 non
643 1685 714 1729 sit.

397 1763 489 1819 Qui
512 1763 737 1807 excedunt
768 1763 868 1806 18.¹¹²
886 1775 1072 1813 annum,
1093 1760 1267 1804 etiamsi
1291 1760 1456 1816 alioqui
1478 1760 1683 1805 excusari
1706 1768 1892 1817 possent
1915 1775 1938 1802 a

309 1840 491 1892 ieiunio,
524 1841 644 1894 quod
673 1839 845 1882 scilicet
876 1846 982 1881 21.ιιι
1019 1852 1111 1880 non
1148 1837 1449 1893 impleuerint,
1490 1839 1659 1880 bonum
1699 1845 1848 1880 tamen
1873 1844 1940 1881 est

307 1925 355 1960 vt
378 1918 580 1961 ieiunent
608 1916 774 1961 ieiunia
797 1915 947 1958 omnia
977 1914 1298 1968 ecclesiastica3
1325 1915 1521 1959 minores
1544 1923 1694 1958 autem
1732 1915 1781 1958 18
1811 1914 1941 1957 annis

308 1996 352 2037 in
376 2008 403 2047 4
428 1994 708 2050 temporibus
732 1992 948 2049 hybernis
977 1999 1021 2037 et
1043 1991 1162 2035 veris
1191 1992 1390 2036 ieiunare
1418 2000 1609 2048 possunt
1640 1991 1782 2047 primo
1805 1999 1849 2036 et
1871 1993 1942 2034 vl-

311 2071 420 2114 timo
441 2071 530 2123 die,
557 2070 654 2113 aliis
680 2085 787 2114 uero
810 2070 967 2112 vltimo
988 2069 1075 2112 die:
1102 2069 1146 2111 in
1171 2069 1517 2125 quadragesima
1546 2069 1729 2113 alternis
1758 2069 1936 2114 diebus.
1994 2059 1996 2062 V

311 2148 716 2191 Animaduertatur
741 2155 892 2190 tamen
914 2154 962 2189 vt
986 2145 1159 2189 facilior
1177 2146 1254 2188 fiat
1276 2145 1552 2202 dispensatio
1575 2145 1619 2188 in
1644 2145 1712 2197 iis,
1735 2146 1811 2201 qui
1842 2147 1942 2189 18.'¹¹
1999 2188 2001 2190 ,

311 2239 402 2268 non
425 2224 690 2280 attigerunt,
717 2239 864 2278 neque
888 2224 1079 2266 multum
1103 2223 1280 2266 dificilis
1303 2223 1347 2265 in
1370 2222 1440 2275 iis,
1462 2222 1538 2278 qui
1561 2239 1586 2267 a
1611 2224 1660 2266 18
1678 2224 1733 2266 ad
1753 2235 1803 2266 21
1825 2238 1942 2266 non-
1996 2280 1999 2281 ⁷

311 2303 419 2344 dum
448 2308 771 2357 peruenerunt.
800 2300 1100 2351 Professores,
1128 2299 1292 2354 quibus
1319 2299 1479 2343 diebus
1501 2300 1677 2355 legunt,
1709 2299 1944 2355 supposito

313 2379 433 2434 quod
463 2377 705 2420 ieiunando
742 2378 894 2432 legere
930 2390 1021 2419 non
1049 2383 1257 2432 possunt,
1289 2390 1379 2418 non
1407 2383 1513 2418 sunt
1541 2376 1729 2432 obligati
1758 2376 1939 2421 ieiunio.
1996 2359 2002 2366 ’Δ

315 2455 388 2498 Isti
414 2463 563 2498 tamen
587 2453 786 2497 ieiunare
816 2453 1057 2508 aliquando
1084 2453 1267 2504 debent,
1302 2461 1350 2494 vt
1378 2467 1466 2495 vno
1495 2453 1568 2497 die
1591 2453 1636 2496 in
1660 2454 1943 2496 hebdomada

313 2532 359 2574 in
382 2530 742 2586 quadragesima,
769 2537 812 2572 et
841 2529 958 2572 intra
980 2543 1148 2571 annum
1187 2529 1321 2573 etiam
1361 2529 1617 2586 aliquando.
1651 2531 1788 2585 Quod
1815 2530 1852 2573 si
1874 2529 1942 2572 vi-

314 2608 429 2651 derit
451 2607 654 2664 superior
678 2607 788 2649 istos
818 2606 1060 2650 deuotione
1097 2605 1201 2648 duci
1225 2607 1280 2648 ad
1319 2606 1600 2661 frequentius
1628 2606 1939 2658 ieiunandum,
1983 2651 1985 2654 Α

314 2699 418 2728 cum
442 2693 592 2728 tamen
616 2698 708 2727 non
736 2683 927 2739 possint,
960 2697 1049 2725 non
1078 2681 1307 2738 permittet
1336 2697 1413 2726 eos
1442 2682 1656 2726 ieiunare.
1692 2683 1768 2727 Sic
1790 2683 1941 2734 etiam,

314 2767 398 2808 479
427 2761 566 2816 siquis
590 2768 771 2816 propter
807 2758 1191 2815 imperfectionem
1230 2758 1429 2802 ieiunare
1460 2760 1614 2812 nollet,
1639 2774 1740 2802 eum
1772 2759 1944 2803 iubebit
1996 2755 1998 2757 ’

316 2838 531 2882 ieiunare.

406 2915 541 2970 Quod
565 2915 725 2957 attinet
747 2914 803 2956 ad
826 2912 1205 2969 dispensationem
1235 2912 1502 2955 ieiuniorum
1534 2923 1578 2957 et
1607 2927 1712 2957 esus
1741 2913 1944 2956 carnium
1997 2907 2003 2960 ζ

316 2991 594 3046 aliarumque
619 3005 769 3035 rerum
807 2988 1138 3046 prohibitarum
1178 3003 1328 3042 vsum,
1367 2990 1633 3032 consulatur
1657 2989 1874 3043 medicus,
1901 2996 1946 3033 et
1989 3007 2000 3037 ,·
