2028 3426
382 227 451 271 564
854 227 1009 261 PATms
1036 226 1282 262 Hmnonvm
1309 225 1459 260 NADAL

331 328 428 383 ipsa
466 328 749 372 hebdomada
787 335 942 371 sancta
980 328 1050 371 vel
1095 328 1263 383 pascha
1300 340 1473 370 sacram
1517 341 1542 370 e
1584 325 1749 368 nostris
1791 321 2021 386 sumere}¹

339 404 559 460 synaxim.

418 482 594 538 Regula
627 481 872 537 generalis,
909 495 1025 536 quae
1062 480 1189 525 iubet
1226 479 1452 524 neminem
1491 479 1668 536 ingredi
1707 479 1971 522 cubiculum
2008 462 2021 476 ‚

324 558 509 602 alterius
532 559 700 613 absque
724 557 905 601 licentia
929 557 1121 600 ministri
1143 558 1321 610 saltem,
1347 556 1615 613 intelligitur
1638 557 1769 612 plane
1793 563 1841 599 vt
1866 557 1973 599 nul·
2014 559 2017 613 ᾗ

321 635 392 677 lus
413 635 541 678 aliter
564 634 846 690 ingrediatur
868 649 1001 690 quam
1020 635 1076 678 de
1099 627 1290 677 ministri
1308 633 1491 677 licentia
1509 635 1581 681 vel
1597 633 1858 689 superioris,
1880 647 1964 677 nec

322 720 391 755 sat
414 727 513 756 esse
537 713 795 755 facultatem
819 712 933 764 eius,
960 711 1037 767 qui
1059 711 1105 754 in
1128 711 1339 754 cubiculo
1361 718 1445 764 est3
1472 718 1516 755 et
1535 718 1685 755 tamen
1703 711 1850 753 solent
1868 711 1967 754 dari

296 788 529 833 >licentiae
558 790 810 845 generales,
843 797 892 831 vt
923 789 961 832 si
990 789 1097 833 velit
1127 788 1228 845 quis
1256 788 1502 832 conuenire
1531 787 1858 832 confessarium
1892 789 2000 844 veli

320 866 623 909 consiliarium
647 866 849 918 rectoris,
876 867 949 910 vel
972 881 1105 909 suurn
1129 873 1487 923 praeceptorem,
1519 865 1773 908 studiorum
1808 879 1964 917 causa,

321 944 392 985 vel
414 943 451 986 si
474 944 625 986 lumen
649 943 830 986 aliunde
854 944 1104 988 accendere
1127 958 1219 986 non
1246 942 1405 999 possit,
1430 957 1546 998 quae
1577 950 1727 985 tamen
1760 942 1976 986 licentiae⁴

322 1020 549 1075 praesenti
574 1034 685 1062 cura
710 1021 1045 1075 gubernentur,

979 1156 1041 1185 DE
1075 1155 1308 1185 IANITORE

418 1253 587 1296 Ianitor
620 1261 841 1298 exeuntes
871 1270 1050 1310 semper
1076 1255 1343 1311 interroget,
1380 1269 1470 1310 quo
1503 1263 1624 1307 eant,
1661 1262 1708 1297 vt
1741 1255 1877 1298 habet
1909 1270 1963 1299 ex

326 1331 500 1387 regula3
533 1338 578 1374 et
607 1331 776 1374 scribat
812 1332 857 1374 in
896 1333 1126 1386 chartula,
1167 1332 1243 1387 qui
1276 1339 1407 1385 sunt,
1443 1339 1487 1375 et
1522 1332 1594 1377 531
1628 1345 1731 1374 cum
1765 1346 1875 1387 quo,
1917 1339 1964 1374 et

328 1422 415 1462 qua
439 1409 552 1450 hora
581 1408 889 1464 egrediantur-3
922 1409 1089 1452 scribat
1117 1408 1269 1462 etiam,
1307 1423 1396 1464 qua
1428 1410 1540 1452 hora
1573 1408 1663 1452 sint
1697 1408 1883 1461 reuersi,
1918 1416 1963 1452 et

326 1486 409 1527 has
432 1486 665 1527 chartulas
688 1485 814 1528 dabit
837 1486 1075 1542 superiori:
1109 1485 1489 1529 antemeridianas
1517 1485 1667 1530 statim
1700 1502 1725 1530 a
1755 1485 1959 1542 prandio,

323 1562 656 1618 pomeridianas
679 1563 874 1619 vesperi.

699 1696 762 1724 DE
797 1695 1104 1725 EXCITATORE
1137 1695 1198 1725 ET
1231 1695 1582 1725 OBSERUATORE

410 1792 641 1835 Excitator
663 1800 790 1836 tanto
809 1793 944 1836 citius
966 1802 1039 1838 eat
1058 1793 1280 1846 cubitum,
1307 1801 1478 1849 quanto
1495 1794 1630 1837 citius
1647 1795 1784 1839 debet
1803 1808 1969 1850 surge--

318 1883 388 1920 re3
430 1876 476 1912 et
515 1870 785 1913 obseruator
823 1885 876 1913 ac
914 1870 1137 1913 luminum
1175 1870 1399 1914 extinctor
1435 1878 1562 1914 tanto
1599 1871 1793 1928 amplius
1829 1885 1960 1914 mane

321 1944 526 1999 quiescat
550 1945 594 1988 in
618 1947 754 2000 lecto,
781 1954 952 2002 quanto
976 1947 1149 1990 tardius
1172 1947 1270 1990 aliis
1293 1947 1327 1989 it
1349 1947 1570 1991 cubitum.

831 2080 893 2109 DE
928 2079 1215 2109 STUDIIS·ET
1249 2079 1450 2109 SCHOLIS

407 2175 690 2220 Aduertatur
712 2192 769 2221 ne
793 2179 848 2221 ad
872 2179 1004 2234 plena
1027 2177 1190 2220 artium
1213 2186 1259 2220 et
1282 2177 1592 2234 philosophiae
1615 2178 1766 2221 studia
1795 2178 1949 2221 admit-

321 2261 476 2296 tantur
498 2254 544 2306 ii,
571 2255 647 2309 qui
671 2256 726 2297 ad
750 2255 900 2298 studia
923 2255 1135 2311 grauiora
1157 2254 1307 2298 idonei
1330 2269 1422 2298 non
1446 2254 1673 2307 videntur,
1701 2262 1746 2299 et
1775 2257 1859 2298 hac
1890 2270 1963 2298 ra-

320 2330 442 2373 tione
466 2344 570 2373 cum
595 2331 757 2374 minori
780 2331 1030 2374 dificultate
1063 2331 1229 2387 poterit
1261 2331 1357 2375 fieri
1390 2331 1682 2376 seminarium
1715 2332 1954 2375 coadiuto-

318 2422 419 2450 rum
444 2416 462 2432 ³
485 2407 800 2464 spiritualium.

408 2485 497 2529 532
520 2486 622 2545 Non
646 2493 715 2529 est
745 2485 1050 2529 necessarium
1074 2493 1122 2527 vt
1154 2485 1430 2529 substitutus
1462 2485 1610 2540 classi,
1646 2486 1721 2529 vbi
1755 2488 1959 2542 dabitur„

317 2560 374 2603 s'it
397 2575 542 2618 aeque
565 2554 737 2618 peritus
759 2570 802 2605 et
827 2577 971 2617 aeque
999 2563 1116 2606 bene
1149 2562 1273 2618 legat
1307 2570 1444 2618 atque
1475 2562 1683 2618 proprius
1717 2564 1949 2620 magister3

317 2639 405 2681 imo
435 2646 633 2695 praestat
671 2639 795 2681 illum
835 2638 984 2694 aliqua
1023 2654 1077 2682 ex
1115 2645 1242 2694 parte
1281 2653 1380 2682 esse
1418 2639 1691 2692 inferiorem,
1733 2647 1781 2682 vt
1817 2655 1961 2684 verus.

316 2714 534 2771 magister
556 2729 646 2758 non
671 2715 844 2758 amittat
868 2713 1207 2767 authoritatem,
1234 2715 1304 2757 vel
1322 2714 1686 2758 beneuolentiam
1707 2717 1827 2772 apud
1845 2730 1951 2759 suos

315 2791 577 2848 discipulos.

407 2868 658 2913 Ordinetur
681 2876 729 2911 vt
752 2868 830 2922 illi,
857 2868 934 2924 qui
957 2867 1235 2912 videbuntur
1257 2868 1311 2910 ad
1343 2869 1588 2925 legendum
1618 2868 1784 2921 idonei,
1818 2883 1951 2913 exer-

387 3045 403 3062 a
445 3035 741 3071 coadiutorzum
763 3047 835 3070 ms.
