2028 3426
337 254 403 300 158
804 253 959 289 PATms
986 252 1228 287 HrssRONYm
1255 249 1406 284 NADAL

289 356 518 401 uidentur.
551 354 769 398 Districte
797 353 915 397 enim
946 351 1218 408 praecipitur
1253 351 1348 404 1453ι
1376 356 1422 393 et
1456 350 1551 404 Ι5.”ι
1579 349 1738 405 regula
1765 362 1822 392 ex
1849 348 1942 404 iis,

291 448 408 490 quae
432 433 582 477 statim
607 432 652 474 in
676 431 803 473 initio
824 430 963 474 libelli
987 429 1242 479 traduntur,
1267 426 1441 469 nullum
1469 440 1570 470 esse
1600 425 1940 480 inducendum,

293 518 378 556 nec
401 511 458 553 ad
481 518 703 562 nostrum,
730 522 813 553 nec
837 508 893 550 ad
916 506 1038 549 aliud
1060 505 1323 561 religiosum
1347 503 1622 555 institutum,
1659 497 1929 546 donecuerss

291 595 418 632 satur
440 587 486 629 in
508 585 750 631 exercitiis.
785 586 859 627 Ad
892 586 1003 627 haec
1034 581 1264 634 statuitur,
1302 580 1370 635 3.⁰
1399 579 1599 636 capitulo
1627 577 1871 632 examinis,
1893 577 1932 623 si

294 664 396 721 quis
419 678 468 707 se
492 665 686 707 fateatur
708 676 807 705 esse
826 662 882 703 ab
900 660 1051 715 aliquo
1067 666 1271 702 nostrum
1291 658 1364 701 uel
1382 650 1648 714 persuasum
1667 656 1741 700 uel
1761 662 1942 708 motum„

295 743 351 785 ad
375 741 666 793 Societatem,
692 747 740 781 vt
763 739 887 780 illum
912 751 1002 779 non
1027 735 1312 792 recipiamus,
1347 735 1493 778 donec
1525 733 1587 776 ita
1619 747 1668 776 se
1700 734 1933 788 compara:

297 819 414 863 uerit
437 834 515 875 per
537 817 784 860 orationem
808 822 853 859 et
871 814 956 857 alia
974 813 1157 869 spiritus
1178 812 1419 869 praesidia,
1440 810 1570 866 quasi
1588 825 1613 853 a
1631 810 1756 853 nullo
1774 808 1937 854 fuisset·

298 905 554 940 nostrorum
578 894 792 937 incitatus
821 895 845 935 ¹.
870 893 1095 935 Volumus
1117 892 1342 947 (optamus
1363 890 1545 945 quidem
1569 888 1707 943 certe)
1736 886 1948 930 nouitios

300 982 481 1017 nostros
504 971 788 1014 uocationem
819 969 1047 1012 adducere
1079 967 1301 1020 diuinam,
1335 981 1454 1022 quae
1486 966 1524 1009 si
1557 979 1646 1008 non
1680 959 1951 1020 contingat,

298 1051 395 1093 eius
415 1058 580 1099 tamen,
595 1062 730 1102 quam
750 1047 1002 1097 adducunt,
1018 1044 1288 1101 principium
1308 1044 1382 1087 uel
1398 1057 1582 1086 causam
1601 1042 1657 1085 ad
1676 1055 1759 1084 nos
1780 1037 1940 1085 referri
1986 1063 1988 1066 v

235 1157 238 1159 Δ
301 1141 448 1183 posse,
481 1125 604 1167 nullo
634 1131 767 1179 pacto
798 1123 885 1167 269
919 1123 1147 1165 uolumus.
1181 1122 1355 1176 Itaque,
1388 1120 1510 1176 quod
1533 1118 1700 1175 alioqui
1729 1117 1852 1172 licet,
1893 1121 1943 1162 e?
2002 1102 2003 1126 ³

303 1204 514 1247 audimus
538 1203 593 1244 ab
617 1200 715 1243 aliis
737 1199 850 1251 fieri,
876 1199 921 1242 id
943 1199 1075 1243 nobis
1103 1206 1172 1242 est
1199 1197 1507 1241 interdictum.
1543 1196 1681 1252 Quod
1713 1195 1854 1252 igitur
1883 1187 1954 1238 d-'

309 1280 438 1323 nobis
476 1280 664 1322 relatum
696 1285 780 1330 est,
814 1276 1025 1332 pellicere
1053 1290 1137 1319 nos
1165 1276 1223 1318 ad
1249 1272 1526 1320 Societatem
1564 1272 1780 1325 nouitios,
1814 1271 1860 1314 id
1897 1285 1954 1315 e·

305 1356 585 1413 grauissimis
617 1354 769 1397 verbis
801 1353 1138 1410 prohibuimus,
1184 1359 1245 1408 et,
1292 1354 1410 1408 Xpo.
1453 1351 1658 1402 iuuante,
1701 1348 1944 1405 diligenter
1988 1363 1991 1367 ’

303 1436 616 1477 obseruamus.
639 1434 739 1489 Jam
766 1445 892 1483 uero,
920 1445 1056 1486 quam
1081 1430 1334 1486 improbare
1358 1428 1587 1480 uidentur,
1619 1426 1839 1470 rationem
1860 1414 1947 1470 eli*
1979 1452 1990 1488 ,¹

305 1510 444 1570 gendi
472 1525 552 1566 per
581 1507 991 1552 considerationem
1015 1507 1356 1567 commodorum
1387 1513 1433 1548 et
1465 1504 1871 1555 incommodorum,
1905 1498 1951 1545 si
1983 1508 1990 1554 ξ

308 1588 428 1629 illam
467 1586 746 1641 intelligant,
789 1599 906 1640 quae
942 1584 988 1627 in
1024 1583 1251 1628 exercitiis
1294 1582 1460 1627 nostris
1498 1580 1713 1632 traditur,
1755 1593 1854 1624 eam
1892 1579 1949 1635 (s

312 1663 529 1719 nesciant)
554 1663 745 1705 dicimus
768 1677 868 1706 esse
885 1676 912 1705 a
928 1662 1037 1706 sede
1054 1660 1303 1717 apostolica
1319 1660 1649 1710 confirmatam,
1669 1656 1744 1700 cui
1763 1656 1926 1700 uidean
1986 1687 1993 1707 ,η

307 1756 442 1797 quam
466 1741 696 1796 integrum
719 1739 777 1782 sit
799 1738 1126 1783 contradicere
1153 1737 1296 1782 Nobis
1319 1737 1439 1781 enim
1463 1735 1548 1780 erit
1575 1749 1752 1818 semper
1780 1731 1948 1790 gratis«¹
1989 1759 1993 1765 .

309 1972 440 2014 aliam
466 1971 685 2014 rationem
709 1977 1094 2023 commententur,
1121 1984 1256 2025 quarn
1279 1983 1335 2012 ex
1358 1966 1584 2012 exercitiis
1607 1980 1698 2009 non
1721 1962 1948 2021 acceperi-
1992 1999 1997 2002 .

312 2063 428 2092 mus
455 2063 552 2092 eam
577 2063 660 2091 nos
683 2063 773 2091 non
797 2047 1111 2105 agnoscimus.

404 2130 648 2167 obiectio.
701 2127 771 2170 De
793 2124 1138 2181 importunitate
1160 2138 1270 2180 erga
1293 2121 1474 2174 diuites,
1501 2121 1704 2164 dicentes
1726 2119 1849 2175 quod
1871 2117 1956 2183 311“·

317 2211 383 2246 ter
406 2202 571 2245 saluari
596 2218 686 2245 non
709 2210 916 2258 possunt.

406 2286 715 2329 Responsio.
774 2279 958 2322 Vtinam
997 2285 1256 2335 opportune
1292 2284 1430 2331 atque
1466 2275 1724 2330 importune
1760 2272 1906 2315 salute
1932 2324 1943 2332 .

314 2356 565 2399 animarum
591 2371 950 2412 procuraremus:
976 2356 1147 2399 vtinam
1171 2354 1217 2398 in
1241 2352 1447 2396 oratione
1463 2364 1668 2395 essemus
1685 2346 1948 2405 importuni.
1995 2352 1999 2358 ’

317 2435 432 2476 hanc
455 2433 840 2488 importunitatem
870 2433 1195 2485 desideramus3
1227 2433 1346 2474 hanc
1374 2428 1644 2485 expetimus:
1676 2426 1795 2469 illam
1825 2423 1930 2481 cupi
1996 2415 1997 2418 Ἴ

318 2511 420 2552 dam
451 2518 586 2565 atque
625 2525 823 2562 auream,
855 2512 911 2554 de
942 2525 1032 2566 qua
1062 2496 1357 2560 traducimur,
1383 2521 1475 2550 non
1498 2503 1807 2562 agnoscimus,
1831 2503 1947 2558 Xpog

392 2647 401 2666 ¹
455 2646 519 2682 «Si
539 2653 700 2690 negaret
719 2659 761 2682 se
780 2659 800 2681 a
818 2659 1012 2694 quoquam
1031 2646 1080 2682 de
1099 2646 1296 2682 Societate
1313 2649 1459 2679 motum
1477 2642 1613 2687 fuisse,
1630 2630 2002 2688 progrediendum?

320 2706 395 2741 erit
414 2706 591 2743 ulterius:
613 2706 645 2740 si
664 2705 877 2741 affirmaret
895 2718 936 2741 se
954 2706 1077 2742 fuisse
1103 2710 1250 2740 motum
1275 2702 1470 2751 (quamvis
1493 2700 1615 2746 licite,
1641 2705 1681 2735 et
1704 2710 1793 2735 cum
1818 2692 1959 2733 merit·
1997 2722 1999 2724 -

322 2765 470 2800 moveri
489 2765 709 2812 potuisset),
732 2765 780 2800 ad
800 2765 983 2811 majorem
1004 2771 1134 2800 tamen
1152 2763 1276 2811 ipsius
1303 2762 1513 2798 utilitatem
1537 2759 1779 2807 spiritualem
1803 2756 1886 2792 fore
1988 2768 2003 2810 3*

321 2823 450 2870 detur,
471 2824 503 2860 si
523 2830 678 2870 tempus
697 2825 734 2859 ei
753 2824 908 2871 aliquod
928 2824 1229 2871 praescribatur,
1248 2828 1305 2869 ut,
1331 2833 1378 2858 ea
1400 2820 1450 2856 de
1473 2831 1515 2856 re
1535 2817 1757 2865 cogitando,
1783 2812 1957 2853 Creato‘
1986 2809 2005 2864 3

323 2889 363 2918 et
387 2883 556 2929 Domino
579 2895 649 2918 suo
674 2895 715 2918 se
747 2890 872 2918 totum
903 2883 1165 2929 commendet,
1194 2881 1355 2929 perinde
1385 2891 1431 2915 ac
1460 2879 1494 2915 si
1524 2879 1654 2914 nullus
1683 2877 1732 2912 de
1762 2874 1953 2926 Societatf

324 2943 450 2989 ipsum
471 2944 671 2990 movisset3
695 2950 734 2977 ut
760 2943 894 2988 majori
919 2954 1006 2978 curn
1033 2944 1173 2978 robore
1198 2941 1358 2988 spiritus
1383 2937 1595 2986 procedere
1620 2936 1668 2972 ad
1694 2935 1817 2982 majus
1846 2933 1942 2969 obse‘
1996 2952 2005 2975 ,·

323 3002 453 3048 quium
475 3008 513 3037 et
530 3002 692 3048 gloriam
711 3001 867 3037 divinae
886 3001 1102 3047 Majestatis
1121 3001 1282 3048 possita)
1305 2998 1618 3035 Constitutiones
1635 2994 1844 3031 societatis
1857 2991 1942 3039 ses
1959 3028 1961 3033 ,
1991 2990 2006 3038 ’4

323 3061 478 3096 latinae
496 3065 532 3097 et
550 3062 796 3108 hispanicae,
817 3072 931 3107 pagg.
957 3069 1013 3105 14,
1036 3061 1091 3095 16.
1992 3044 1993 3048 Ἰ
