2028 3426
613 238 888 276 MONUMENTA
914 236 1152 271 ITALIAE—1
1160 244 1179 280 5
1596 236 1660 281 135

20 333 24 392 ’ἶ
59 342 203 395 7ῒε.ῒίε;
239 355 344 383 nam
372 338 547 382 etiamsi
573 353 739 381 nouem
769 337 980 380 habuerit
1008 336 1340 387 socios'Pater,
1372 336 1448 390 qui
1478 350 1581 378 cum
1610 337 1707 392 ipso

21 451 48 475 .·
77 416 373 475 ,supplicarint
408 415 504 459 sedi
540 414 829 470 apostolicae,
864 421 913 456 ut
935 414 1280 456 confirmaretur
1312 412 1530 463 Societas,
1557 427 1608 454 ac
1630 414 1708 456 fie-

77 502 151 540 ‘ret
172 493 353 549 religio,'
372 499 523 535 tamen
544 491 590 533 hi
614 505 780 533 nouem
800 496 884 546 per
908 491 1056 545 ipsum
1078 505 1103 532 a
1126 490 1280 533 seculo
1303 496 1410 531 sunt
1438 503 1517 544 per
1539 489 1708 531 exerci-

86 573 146 615 tia
171 569 419 627 spiritualia
457 567 624 619 uocati,
665 582 743 623 per
782 567 906 609 illum
945 569 1196 609 hauserunt
1233 565 1439 621 spiritum
1476 564 1708 620 religionis

69 647 375 704 =appetendae3
407 645 543 698 illius,
577 644 763 694 scilicet,
796 643 926 686 cuius
955 643 1211 698 exemplum
1241 649 1286 684 et
1316 641 1547 697 specimen
1578 655 1707 696 prae—

81 725 239 768 buerat
260 723 306 765 in
329 737 377 765 se
401 724 536 764 Pater
558 720 762 776 Ignatius
785 727 1026 775 antequam
1050 719 1170 775 ipsos
1189 726 1388 761 uocaret.
1411 717 1558 760 Patris
1575 719 1707 773 Igna-

87 801 134 844 tii
156 798 365 856 primario
388 800 546 850 ductu,
572 805 618 839 et
640 811 804 840 nouem
828 796 890 838 illi
913 795 1154 852 gubernati
1177 802 1299 846 sunt,
1326 801 1567 848 antequam
1592 807 1704 835 con—

84 877 258 919 firmata
290 882 408 918 esset
441 873 665 925 Societas,
700 880 745 916 et
782 880 884 928 post
922 872 1019 916 eius
1055 871 1459 921 confirmationem,
1501 870 1706 926 legitima

62 952 342 1002 obedientia.
368 952 520 994 Vnum
550 949 690 1006 igitur
718 964 894 1005 semper
917 948 1189 1004 agnouimus
1219 949 1399 990 Patrem
1427 953 1472 989 et
1494 947 1706 989 fundato-

67 1015 176 1072 'rem
199 1027 456 1078 Societatis,
487 1042 566 1082 per
595 1040 727 1082 quem
755 1026 892 1068 huius
922 1024 1154 1080 religionis
1182 1016 1373 1080 gratiam
1404 1022 1597 1078 primum
1630 1024 1707 1065 X.s

87 1107 208 1149 Iesus
229 1104 275 1146 in
303 1105 456 1147 orbem
485 1103 684 1145 xianum.
716 1102 904 1144 inuexit.
937 1101 1110 1144 Habuit
1138 1101 1271 1143 diuus
1293 1102 1328 1142 F
1332 1099 1577 1150 ranciscus,
1605 1106 1698 1141 tum

84 1181 215 1224 diuus
236 1180 517 1249 D‘ominicus‚
543 1179 704 1231 socios,
731 1194 844 1234 quos
867 1178 1058 1234 primum
1082 1177 1280 1229 uocauit,
1306 1176 1383 1231 qui
1413 1175 1547 1218 etiam
1571 1176 1702 1218 simul

76 1272 184 1300 ›cum
207 1258 304 1300 suis
332 1257 553 1299 Patribus
582 1270 661 1311 pro
690 1255 985 1311 religionibus
1008 1254 1101 1297 suis
1133 1262 1150 1279 ἃ
1183 1252 1502 1296 confirmandis
1535 1252 1715 1308 suppli-'

83 1342 242 1378 carunt
264 1333 528 1376 innocentio
552 1332 651 1375 ΙΙΙ.ο
674 1340 718 1376 et
741 1331 945 1375 Honorio
968 1330 1084 1383 III.⁰;
1110 1345 1340 1384 nunquam
1366 1337 1515 1373 tamen
1539 1330 1703 1372 funda-

66 1417 200 1475 ,tores
236 1409 342 1452 dicti
380 1416 500 1461 sunt,
533 1410 612 1452 sed
639 1408 910 1452 sanctissimi
938 1407 999 1449 illi
1030 1409 1190 1450 Patres
1227 1405 1495 1448 Franciscus
1525 1413 1570 1448 et
1607 1407 1702 1448 Do-

82 1487 287 1530 minicus.

168 1562 269 1607 Sint
291 1562 431 1617 igitur
453 1561 583 1617 primi
608 1564 781 1613 Patres,
807 1575 897 1603 non
927 1561 1206 1615 fundatores,
1237 1574 1350 1614 quos
1380 1561 1468 1602 Prq
1490 1561 1569 1601 ΒΟ.
1604 1559 1706 1600 fun—

82 1641 259 1682 datores
293 1645 441 1691 uocat;
477 1639 557 1681 sed
591 1637 842 1680 fundatoris
874 1637 987 1679 socii
1020 1636 1165 1692 primi.
1202 1636 1330 1689 Quod
1359 1637 1400 1678 si
1422 1636 1548 1677 aliud
1577 1635 1708 1687 nihil,

82 1720 194 1759 certe
221 1716 334 1758 illud
361 1716 473 1757 satis
500 1718 612 1757 esset
639 1715 699 1756 ad
727 1714 847 1756 lzmzc
868 1714 1011 1756 locum
1034 1712 1415 1768 confirmandmn,
1440 1702 1554 1767 qnod
1577 1713 1708 1753 Pctu-

81 1793 151 1835 lus
187 1793 269 1835 III
298 1794 348 1834 in
386 1792 729 1847 confirmatione
761 1792 1080 1833 exercitiorum
1115 1790 1440 1831 institutionem
1475 1789 1706 1830 Societatis

16 1876 58 1913 ζ
81 1869 236 1912 tribuit
258 1870 397 1911 Patri
419 1869 617 1925 Ignatio,
640 1882 731 1909 non
754 1868 858 1909 item
880 1868 1012 1909 sociis
1036 1867 1126 1908 illis
1136 1867 1308 1921 primis
1329 1868 1358 1909 ’·.
1379 1865 1540 1922 Stfzcit
1557 1868 1706 1906 autem

16 1994 17 1997 Ἴ
54 2005 55 2008 ¹
82 1934 352 2002 gubernatio
377 1932 616 1989 Societatis
639 1958 778 2000 penes
799 1945 973 1996 decem,
1000 1950 1104 1987 ante
1127 1942 1393 1999 electionem
1416 1941 1546 1997 primi
1574 1955 1704 1997 prae-

16 2023 17 2026 ’
81 2021 213 2078 positi
236 2021 477 2078 generalis,
502 2021 548 2063 id
570 2021 751 2076 quidem
774 2035 874 2064 esse
897 2034 986 2062 non
1015 2019 1165 2075 potuit
1193 2020 1248 2062 de
1275 2018 1374 2061 iure
1402 2018 1447 2060 in
1479 2017 1703 2062 Societate

13 2092 17 2155 ζ
56 2096 166 2144 :nisi
187 2114 266 2154 per
282 2099 450 2140 bullam
468 2097 825 2140 confirmationis
848 2096 1052 2152 primam.
1080 2097 1144 2138 Ea
1161 2096 1399 2138 confirmat
1416 2094 1705 2144 Societatem,

14 2225 17 2240 Ι
82 2174 188 2218 facit
209 2189 372 2230 corpus
394 2173 640 2230 religionis,
673 2173 785 2216 nihil
812 2173 969 2215 tribuit
1000 2172 1087 2214 illis
1108 2173 1282 2223 decem,
1316 2171 1401 2214 nisi
1430 2186 1518 2227 qua
1547 2185 1710 2226 corpus

12 2243 17 2264 ⁴·
57 2247 210 2294 'serant
231 2251 471 2295 Societatis
493 2265 549 2293 eo
580 2259 800 2306 tempore3
835 2249 1002 2305 alioqui
1034 2249 1200 2304 periret
1231 2262 1335 2290 cum
1367 2247 1453 2290 illis
1485 2247 1705 2298 Societas;

85 2341 224 2382 quare
245 2327 283 2371 si
315 2327 424 2382 quid
457 2327 756 2369 conficeretur
789 2341 844 2370 ex
876 2326 1018 2381 prima
1041 2324 1231 2377 ratione,
1267 2325 1379 2366 illud
1411 2333 1531 2367 esset
1563 2324 1707 2366 solum

12 2395 17 2440 3
51 2430 68 2465 3
83 2405 203 2459 quod
225 2405 407 2448 redacta
429 2410 549 2446 esset
571 2402 843 2459 gubernatio
867 2401 1107 2446 Societatis
1125 2403 1209 2443 hoc
1229 2408 1430 2456 tempore
1448 2401 1503 2443 ad
1521 2400 1707 2443 uniuer-

25 2465 40 2496 l·
83 2494 181 2523 sum
204 2495 367 2536 corpus
399 2480 656 2532 Societatis;
693 2494 784 2521 uzon
806 2480 956 2535 igitur
977 2479 1120 2531 solum
1143 2477 1161 2502 b
1183 2478 1242 2520 ad
1256 2479 1436 2533 primos
1451 2478 1702 2533 professos,

170 2558 306 2613 Quod
328 2557 365 2599 si
387 2557 615 2612 fingamus
647 2570 725 2611 per
757 2555 926 2606 bullam
958 2554 1148 2610 primam
1181 2554 1327 2598 redire
1359 2552 1708 2609 gubernationis

153 2697 171 2714 a
219 2687 300 2721 suis
318 2686 431 2721 deest
450 2685 489 2720 in
507 2696 641 2731 apogr.
693 2685 758 2711 —b
807 2684 936 2718 solum
954 2683 1066 2718 deest
1090 2683 1129 2718 in
1148 2694 1282 2729 apogr.

152 2798 162 2818 ¹
213 2799 271 2833 En
289 2799 410 2833 verba
428 2797 538 2832 Pauli
556 2808 679 2843 papae
697 2796 766 2842 III,
788 2795 836 2831 ad
859 2807 958 2842 quae
983 2796 1081 2830 haec
1105 2795 1342 2830 referuntur:
1370 2793 1568 2828 «debitum
1594 2791 1709 2825 etiam

81 2862 301 2903 respectum
325 2857 373 2891 ad
397 2856 546 2891 fructus
570 2857 726 2898 uberes,
750 2866 848 2902 quos
866 2854 1056 2900 Ignatius,
1082 2860 1121 2889 et
1145 2855 1194 2889 ab
1220 2854 1305 2900 ipso
1332 2853 1510 2888 instituta
1535 2850 1710 2885 Societas

9 2901 11 2912 γ
50 2909 51 2913 “
81 2915 265 2961 praefata,
284 2916 323 2950 in
341 2915 516 2950 Ecclesia
535 2916 609 2949 Dei
628 2914 773 2960 ubique
790 2914 968 2959 gentium
987 2913 1200 2959 producere
1220 2924 1297 2947 non
1316 2917 1485 2955 cessant,
1506 2916 1545 2944 et
1564 2908 1610 2942 ad
1628 2918 1704 2941 ma-

81 2973 224 3010 ximum
243 2974 525 3018 adiumentum,
545 2973 648 3020 quod
665 2973 713 3008 ad
731 2972 770 3007 id
789 2971 987 3019 praedicta
1006 2972 1202 3006 Exercitia
1221 2972 1449 3014 attulerunt,
1471 2980 1547 3003 non
1573 2967 1710 3001 imme-

54 3042 57 3051 *
81 3031 154 3068 rito
170 3033 432 3068 habentes...»
453 3032 585 3068 Instit.
610 3033 694 3067 Soc.
711 3031 825 3077 Jesu,
845 3031 915 3074 III,
933 3040 1017 3075 444.
