2028 3426
553 241 887 276 ANNOTATIONES
913 241 1239 286 COMMUNEs—64
1591 243 1660 289 629

75 341 449 392 jFranchfordiae,
476 349 571 384 tum
593 341 727 384 etiam
751 342 1030 398 Antuerpiae
1052 342 1209 393 nostri,
1234 349 1279 384 et
1297 342 1487 385 Louanii
1508 351 1552 385 et
1577 345 1705 387 Pari-

85 417 161 461 siis
184 426 229 461 et
252 417 296 460 in
320 417 558 473 Hispania.

173 496 263 538 Los
285 495 461 550 espejos
484 495 539 537 de
563 495 801 550 Maguntia
823 512 852 551 y
875 497 931 538 de
953 496 1171 551 Inglestat
1193 510 1242 538 se
1265 494 1437 550 quiten.

174 571 266 627 Qui
288 578 395 613 sunt
417 571 614 627 supremi
636 571 681 613 in
719 572 1089 629 congregatione,
1131 587 1187 616 ne
1208 578 1348 627 agant
1370 586 1474 614 cum
1500 573 1701 625 tentatis,

85 655 133 690 ut
161 647 260 690 illos
297 648 471 700 iuuent,
516 648 602 691 nisi
638 657 740 704 post
777 648 1003 692 adhibitos
1031 663 1185 693 omnes
1221 649 1505 691 consultores
1528 649 1638 692 alios
1661 658 1705 692 et

81 724 319 779 praesidia,
345 739 461 779 quae
485 724 686 768 adhiberi
710 735 915 781 possunt,
942 727 1012 770 vel
1034 727 1192 770 saltem
1216 740 1273 768 ne
1295 725 1340 767 id
1359 725 1527 768 faciant
1546 725 1703 768 incon—

83 802 201 843 sulto
224 801 454 857 superiore
477 809 508 844 ³.
634 798 638 801 ’

169 878 285 921 Cum
308 877 498 933 primum
541 877 691 921 ueniat
719 878 940 932 uisitator,
983 878 1134 923 uideat
1171 878 1208 921 si
1230 878 1331 933 quis
1359 878 1417 920 sit
1439 877 1486 920 in
1508 877 1703 934 collegio

82 961 297 1006 tentatus,
323 961 368 997 et
399 954 518 997 illius
541 962 609 997 est
642 969 751 997 cura
781 955 1016 1010 peculiaris
1037 956 1259 1007 habenda,
1286 970 1342 998 ne
1367 955 1538 998 ueritus
1560 956 1704 998 refor-

69 1030 338 1083 mationem,
365 1031 639 1086 propellatur
662 1046 687 1073 a
709 1032 900 1074 demone
923 1032 978 1074 ad
1000 1032 1300 1076 desertionem
1327 1031 1590 1074 uocationis.

167 1109 248 1150 Est
270 1109 453 1164 plenum
476 1107 663 1163 periculi
696 1107 713 1132 b
738 1115 788 1150 ut
809 1108 949 1150 nostri
971 1109 1177 1151 doctores
1210 1108 1441 1164 disputent
1464 1107 1512 1149 in
1536 1108 1703 1153 scholis

80 1184 271 1241 publicis
295 1192 339 1228 et
361 1184 451 1227 sint
474 1199 577 1240 pars
602 1185 962 1236 uniuersitatum;
994 1186 1106 1227 solet
1134 1184 1252 1228 enim
1276 1199 1332 1227 ex
1354 1184 1424 1238 his
1446 1185 1534 1228 ledi
1563 1186 1702 1229 vehe-

80 1269 254 1305 menter
275 1261 510 1317 disciplina
533 1269 563 1303 0.

168 1338 237 1383 Sit
255 1338 489 1394 disciplina
511 1338 749 1394 peculiaris
767 1338 782 1363 <¹
802 1353 882 1395 pro
899 1339 1111 1395 professis
1127 1346 1171 1382 et
1188 1339 1517 1394 antiquioribus
1535 1346 1581 1382 et
1598 1353 1702 1395 spe-

81 1414 204 1459 cialis
226 1415 383 1457 oratio.

166 1492 513 1535 Commissarius
539 1493 610 1535 uel
648 1492 870 1545 uisitator,
903 1500 1140 1548 postquam
1164 1492 1354 1536 audierit
1391 1492 1701 1535 confessiones

78 1569 330 1624 generales,
356 1569 538 1623 quando
560 1568 643 1611 erit
664 1569 884 1620 abiturus,
905 1569 1058 1612 audiat
1075 1569 1275 1612 omnium
1294 1568 1697 1620 reconciliationes,

15 1631 18 1633 .
82 1654 129 1687 ut
152 1645 481 1688 animaduertat
504 1646 881 1700 quemadmodum
906 1645 1066 1689 melius
1089 1646 1285 1689 habeant
1313 1647 1340 1688 ¹.

167 1723 245 1775 Vt,
273 1722 452 1776 quando
485 1721 725 1764 mittuntur
761 1722 816 1764 ad
839 1721 965 1766 initia
996 1721 1306 1777 collegiorum,
1346 1737 1437 1764 non
1466 1721 1701 1764 mittantur
1765 1744 1769 1747 ·

71 1797 169 1841 nisi
192 1798 268 1853 qui
291 1798 380 1840 sint
404 1797 726 1854 probatissimi.
1249 1849 1252 1853 Ι

166 1875 444 1930 Exponenda
467 1882 536 1917 est
559 1876 626 1917 2.a
653 1889 755 1930 pars
780 1875 1152 1918 constitutionum
1171 1876 1227 1918 de
1243 1875 1522 1927 dimissione,
1543 1876 1699 1919 saltem

79 1965 240 1994 causae
262 1951 516 1995 dimittendi
539 1958 584 1994 et
608 1966 716 1994 usus
742 1952 1064 2004 ostendendus,
1085 1959 1130 1996 et
1147 1952 1443 1995 confirmandi
1461 1951 1618 2003 nostri,
1644 1966 1700 1994 ne

79 2027 275 2071 animum
293 2028 605 2083 despondeant
627 2036 810 2083 propter
833 2027 1130 2082 dimissiones3
1156 2043 1208 2071 ea
1230 2036 1298 2091 est
1322 2028 1441 2072 enim
1465 2028 1699 2071 hominum

72 2104 263 2156 malitia,
289 2104 528 2148 Societatis
553 2118 660 2146 uero
678 2104 913 2160 perfectio.

283 2236 533 2266 DICENDUM
567 2236 615 2265 IN
649 2236 921 2275 COLLEGIIS,
955 2237 1172 2266 PRAETER
1204 2237 1423 2266 CAETERA
1456 2231 1489 2267 e.

162 2336 234 2378 De
256 2334 599 2390 praeparatione
616 2335 672 2377 ad
690 2334 870 2378 missam
888 2335 960 2378 uel
978 2336 1291 2390 celebrandam
1310 2335 1382 2378 uel
1406 2334 1691 2378 audiendam.

161 2412 234 2453 De
257 2411 482 2454 oblatione
505 2411 653 2453 cordis
675 2411 721 2453 in
744 2411 894 2455 missa.

165 2489 236 2531 De
258 2487 617 2531 mortificatione.

165 2564 235 2607 De
257 2563 534 2619 obligatione
562 2564 954 2606 constitutionum.

164 2641 233 2682 De
254 2639 461 2683 libertate
484 2641 682 2696 spiritus.

147 2766 164 2783 a
189 2757 296 2791 Haec
313 2764 334 2800 7
355 2758 474 2791 verba
493 2757 644 2792 Natalis
663 2769 777 2793 manu
796 2758 946 2803 adjecta
965 2764 1068 2794 sunt.
1131 2760 1197 2784 —b
1224 2756 1479 2791 Emendatum
1495 2767 1516 2790 a
1534 2756 1623 2790 Nat.
1644 2766 1692 2789 ex

80 2815 150 2849 Est
173 2814 350 2862 difficile.
404 2826 466 2843 ——0
492 2817 639 2852 Ultima
661 2826 682 2861 7
708 2818 826 2852 verba
856 2823 945 2852 sunt
976 2817 1105 2852 addita
1136 2828 1157 2851 a
1188 2816 1281 2850 Nat.
1338 2817 1401 2841 ——d
1429 2815 1512 2848 Hoc
1538 2814 1644 2849 verb.
1673 2825 1694 2848 a

78 2874 168 2910 Nat.
189 2875 360 2911 additum
386 2882 463 2911 est.
521 2887 582 2903 —e
609 2877 720 2912 Prius
738 2877 791 2911 ita
809 2877 871 2912 hic
889 2877 1025 2912 titulus
1043 2877 1192 2923 positus
1211 2875 1348 2910 fuerat:
1370 2874 1463 2909 Fuit
1481 2874 1692 2908 dicendum

79 2932 292 2980 Compluti:
311 2934 402 2969 dein
421 2935 572 2970 Natalis
592 2947 706 2971 manu
726 2935 972 2970 emendatum
993 2941 1035 2970 ut
1049 2946 1174 2981 supra.

153 3037 161 3056 ¹
213 3034 312 3070 Vide
331 3035 433 3070 dicta
451 3035 642 3081 superius,
663 3047 749 3082 pag.
770 3044 854 3080 402,
874 3041 1003 3073 annot.
1029 3043 1059 3069 Ι.
