2028 3426
685 255 1112 291 INSTRUCTIONEs—61
1587 255 1654 299 367

163 356 333 399 Eodem
356 355 506 399 indice
528 363 799 411 exponetur:

163 433 397 487 Quantum
419 432 692 487 profecerint
714 432 760 474 in
783 433 944 476 studiis
966 440 1012 477 et
1034 432 1081 475 in
1104 432 1269 488 quibus
1292 432 1456 487 magis.
1488 432 1561 474 Ad
1585 446 1700 487 quae

68 508 222 552 studia
238 508 478 551 videantur
495 508 641 564 magis
663 508 830 553 idonei.
851 511 979 564 Quas
995 509 1212 553 lectiones
1234 508 1408 569 possint
1430 509 1631 564 profiteri
1654 508 1699 550 in

74 584 252 627 scholis.
290 586 415 640 Quot
444 585 613 641 linguis
643 585 887 640 loquantur
916 594 962 628 et
990 601 1102 640 quas
1133 587 1265 630 bene.
1304 586 1696 640 Quemadmodum

68 661 216 704 sciant
238 662 450 705 scribere.
488 663 722 717 Quantum
756 663 935 705 valeant
967 661 1168 718 ingenio.
1204 663 1438 717 Quantum
1471 661 1696 704 memoria.

70 738 221 792 Quam
260 738 434 780 robusti
463 738 553 780 sint
580 752 783 793 corpore.
822 740 972 793 Quam
1001 738 1242 795 diligentes
1271 737 1361 780 sint
1388 737 1433 779 in
1463 737 1624 780 studiis
1654 745 1697 780 et

66 813 246 867 officiis,
279 815 349 858 vel
378 814 660 866 obedientiis,
692 814 740 856 in
763 814 928 869 quibus
956 821 1209 866 versantur,
1236 821 1284 858 et
1309 814 1568 857 huiusmodi
1592 814 1693 870 alia,

67 890 197 945 siqua
219 898 474 933 occurrent.

157 967 358 1009 Tertium
381 967 576 1011 indicem
599 967 752 1023 exiget
774 975 940 1020 rector,
967 983 1056 1023 quo
1081 969 1106 1011 7
1130 967 1278 1010 indice
1297 974 1562 1023 exponetur,
1585 967 1693 1022 quid

66 1043 232 1086 sentiat
256 1050 404 1087 rector
426 1044 481 1086 de
510 1058 800 1098 vnoquoque,
833 1052 1053 1099 quantum
1076 1047 1273 1100 potuerit
1295 1058 1350 1086 ex
1379 1059 1528 1087 rerum
1559 1059 1695 1099 expe·-

66 1119 228 1164 rientia
250 1118 579 1177 [cognoscere],
605 1121 660 1163 de
682 1121 817 1163 rebus
847 1120 1035 1172 scilicet,
1062 1135 1177 1175 quae
1206 1121 1262 1163 ad
1285 1120 1491 1176 spiritum
1520 1127 1565 1164 et
1593 1120 1693 1163 reli-

63 1196 240 1253 giosam
263 1196 655 1239 conuersationem
678 1197 954 1256 pertine[n]t,
981 1205 1029 1239 vt
1053 1212 1186 1252 quam
1210 1199 1421 1250 deuotus,
1448 1211 1581 1252 quem
1602 1198 1694 1239 fru—

65 1280 188 1316 ctum
213 1273 257 1315 in
280 1273 483 1316 oratione
505 1273 654 1325 faciat,
681 1288 814 1328 quam
838 1274 895 1316 sit
918 1274 1149 1326 obediens,
1176 1289 1310 1330 quam
1333 1274 1531 1326 humilis,
1558 1289 1691 1330 quam

64 1349 270 1405 simplex,
307 1364 440 1405 quam
470 1350 796 1403 aedificatiuus,
828 1365 963 1406 quam
992 1358 1164 1393 amator
1194 1351 1568 1403 mortificationis,
1604 1366 1693 1407 qua

60 1426 409 1470 conuersatione
430 1427 546 1470 inter
570 1427 746 1479 fratres,
773 1442 827 1470 an
853 1427 1044 1470 difficilis
1068 1428 1140 1481 sit,
1166 1443 1223 1470 an
1246 1427 1446 1483 agitatus
1477 1428 1684 1470 tentatio-

61 1503 210 1556 nibus,
232 1518 289 1546 an
305 1504 462 1546 firmus
480 1504 524 1545 in
547 1504 799 1557 vocatione;
820 1504 1036 1553 breuiter,
1063 1504 1278 1559 quicquid
1300 1504 1464 1560 poterit
1489 1506 1546 1547 ad
1569 1504 1691 1547 illius

60 1580 272 1623 noticiam
296 1582 461 1632 facere,
487 1579 584 1623 siue
607 1581 728 1636 quod
756 1581 917 1623 attinet
949 1582 1005 1623 ad
1029 1581 1236 1633 Virtutes,
1268 1581 1366 1625 siue
1394 1582 1450 1624 ad
1474 1581 1598 1634 vitia,
1631 1583 1686 1624 de

59 1655 113 1698 iis
143 1656 309 1699 scribet
338 1656 384 1698 in
412 1656 576 1709 indice,
609 1656 744 1700 etiam
773 1656 810 1699 si
839 1665 1012 1701 secreta
1035 1657 1125 1699 sint
1155 1658 1303 1714 (modo
1332 1672 1389 1699 ne
1418 1657 1619 1700 sciantur
1643 1658 1688 1700 in

57 1733 345 1776 confessione
374 1734 564 1789 tantum)
588 1734 746 1776 eodem
770 1748 878 1776 vero
907 1741 1082 1777 secreto
1112 1734 1303 1789 accipiet
1325 1734 1400 1776 illa
1423 1734 1687 1777 commissa-

58 1809 168 1855 rius.
193 1811 294 1852 Hos
316 1809 487 1853 indices
510 1810 740 1854 exhibebit
770 1810 1105 1853 commissarius
1127 1810 1409 1866 prouinciali,
1435 1818 1484 1852 vt
1513 1811 1550 1853 si
1580 1811 1687 1866 quid

57 1886 128 1928 vel
161 1893 393 1941 praeterea
424 1887 495 1929 vel
528 1886 655 1930 aliter
689 1894 886 1939 censeat,
922 1886 967 1929 id
999 1887 1308 1930 commissario
1341 1887 1572 1943 significet
1603 1902 1687 1930 suo

54 1962 241 2018 scripto.

144 2039 332 2082 Curabit
354 2038 478 2091 item,
505 2047 553 2081 vt
576 2048 722 2084 rector
750 2041 960 2084 exhibeat
988 2040 1072 2083 sibi
1100 2041 1364 2096 diplomata,
1397 2041 1681 2084 constitutio-

53 2130 150 2167 nes,
175 2117 358 2172 regulas
379 2130 561 2168 omnes,
577 2117 913 2169 instructiones,
940 2117 977 2159 si
994 2132 1106 2173 quas
1123 2119 1262 2160 habet
1284 2117 1311 2160 8
1334 2131 1520 2159 suorum
1544 2132 1680 2174 supe-

52 2191 238 2235 riorum.
265 2192 489 2246 Breuiter,
515 2193 730 2248 quicquid
753 2195 904 2246 habet,
932 2209 1021 2249 quo
1044 2201 1212 2246 Vtatur,
1238 2195 1311 2238 vel
1341 2193 1404 2235 vti
1433 2195 1597 2238 debeat
1626 2196 1682 2237 ad

51 2269 400 2324 gubernandum
437 2269 681 2326 collegium
719 2285 868 2313 suum.
906 2272 1034 2315 Haec
1068 2285 1175 2314 vero
1213 2278 1450 2326 propterea
1487 2270 1678 2326 accipiet

48 2346 398 2398 commissarius,
423 2354 472 2389 vt
495 2347 645 2402 videat
667 2347 787 2400 inde,
813 2355 858 2390 et
880 2348 1104 2404 intelligat
1134 2349 1515 2402 quemadmodum
1547 2348 1684 2390 fuerit

49 2423 352 2477 gubernatum
376 2420 635 2480 collegium,
660 2424 793 2466 simul
815 2424 1054 2480 prouideat
1078 2432 1125 2466 vt
1147 2425 1209 2466 illi
1227 2425 1306 2467 fiat
1329 2424 1474 2480 copia,
1502 2424 1539 2467 si
1570 2424 1682 2478 quid

46 2513 203 2542 earum
226 2514 392 2552 rerum,
419 2515 534 2556 quae
557 2502 821 2543 conducunt
842 2501 899 2544 ad
921 2500 1302 2556 gubernationem
1324 2501 1558 2552 ecclesiae,
1585 2515 1676 2561 non

3 2569 5 2571 ¹
47 2577 225 2619 habeat.
252 2578 396 2620 Vsum
412 2577 547 2620 etiam
570 2577 770 2619 omnium
793 2577 917 2619 illum
940 2578 1100 2621 doceat
1125 2578 1379 2622 commode.

134 2653 419 2696 Praescribat
451 2653 734 2709 prouinciali,
775 2653 955 2706 rectori,
996 2654 1216 2706 ministro,
1257 2653 1593 2696 consultoribus
1636 2661 1681 2696 et

42 2728 141 2771 aliis
163 2730 406 2781 nonnullis,
433 2731 470 2772 si
493 2731 569 2785 qui
591 2738 713 2782 sunt,
739 2730 816 2785 qui
838 2730 1005 2773 iudicio
1028 2731 1177 2773 valere
1200 2731 1454 2781 videantur,
1488 2737 1537 2771 vt
1565 2729 1680 2772 scri-

0 2792 1 2795 *
43 2805 153 2847 bant
174 2819 289 2860 quae
311 2805 419 2861 ipsis
442 2806 717 2850 videbuntur
744 2806 989 2869 desiderari
1018 2808 1075 2850 ad
1104 2806 1469 2849 reformationem
1499 2806 1681 2862 collegii

43 2873 89 2923 in
116 2882 251 2924 rebus
279 2881 504 2934 omnibus,
538 2890 628 2926 tarn
657 2898 772 2938 quae
800 2882 994 2927 attinent
1022 2884 1078 2926 ad
1106 2883 1350 2938 collegium
1381 2882 1676 2934 intrinsecus,

39 2971 175 3012 quam
198 2958 243 3000 in
265 2958 319 3001 iis
340 2958 615 3011 ministeriis,
648 2975 764 3015 quae
794 2961 1090 3002 conferuntur
1117 2960 1162 3001 in
1192 2958 1463 3014 proximum,
1500 2958 1598 3001 siue
1633 2959 1678 3000 in

42 3035 223 3090 templo,
248 3034 346 3079 siue
368 3035 414 3078 in
436 3035 622 3088 scholis,
648 3036 746 3079 siue
767 3035 813 3078 in
836 3036 933 3079 aliis
956 3036 1196 3079 Societatis
1220 3035 1492 3079 ministeriis.
1517 3036 1585 3078 Ex
1604 3035 1679 3077 his
