2028 3426
368 245 438 280 612
843 247 996 282 PATms
1023 247 1266 283 Hlssnoxmn
1293 247 1446 283 NADAL

409 347 703 404 Significetur
728 348 1012 391 renouaturis
1035 356 1154 401 vota,
1180 363 1233 392 ea
1262 356 1500 405 propterea
1529 348 1757 401 renouari,
1791 356 1839 392 vt
1869 363 1970 393 me—

320 425 461 468 moria
483 425 772 482 obligationis
796 433 1056 477 renouetur,
1081 433 1126 469 et
1148 425 1334 469 deuotio
1357 426 1415 468 ad
1438 433 1646 469 votorum
1677 426 1964 470 obseruatio—
1994 423 2020 474 ῥ’

321 517 422 546 nem
451 503 690 556 excitetur,
723 503 855 545 simul
885 510 932 545 vt
956 502 1108 559 purior
1130 504 1208 546 fiat
1229 511 1275 546 et
1297 503 1539 560 perfectior
1561 505 1660 547 Deo
1683 503 1869 556 oblatiO,
1896 513 1963 555 et,
2017 532 2019 537 -

323 579 359 623 si
383 580 491 636 quid
511 581 658 623 fuerat
678 578 880 622 fortassis
897 579 1267 636 imperfectionis,
1288 581 1557 636 depellatur,
1579 588 1623 625 et
1642 582 1771 624 firma
1789 596 1973 637 semper

323 658 379 701 sit
405 657 639 714 obligatio,
672 657 741 699 vel
771 656 904 700 etiam
933 657 1192 713 perfectior,
1224 659 1296 701 vel
1326 672 1461 710 noua,
1494 658 1531 701 si
1561 658 1685 701 fictio
1713 659 1862 713 aliqua
1894 658 1972 700 in—

324 734 620 787 tercessisset,
647 735 768 789 quod
793 749 1026 789 nunquam
1050 735 1149 787 erit,
1176 734 1359 778 Christo
1382 735 1592 791 propitio.
2000 726 2002 728 V

867 868 928 897 DE
966 868 1308 898 CONCIONATOR
1317 868 1424 898 IBUS

414 970 483 1012 Ne
507 969 583 1012 det
608 968 867 1011 facultatem
893 974 1041 1010 rector
1063 967 1364 1010 concionandi
1388 967 1460 1010 vel
1481 963 1695 1010 audiendi
1718 968 1956 1012 confessio-

325 1061 422 1099 nes,
449 1045 532 1088 nisi
558 1046 768 1087 consulto
791 1043 916 1100 prius
938 1044 1271 1100 prouincialiiet
1288 1045 1344 1088 de
1361 1043 1460 1087 eius
1482 1044 1679 1088 licentia.
1707 1046 1839 1088 Esset
1862 1060 1975 1090 vero

325 1123 545 1176 securius,
571 1123 608 1164 si
631 1121 730 1164 illos
751 1126 833 1168 653
854 1122 1130 1166 examinaret
1154 1121 1447 1178 prouincialis
1471 1121 1582 1178 ipse3
1607 1123 1688 1165 sed
1712 1129 1862 1166 tamen
1887 1137 1968 1179 po—

327 1200 429 1244 terit
447 1214 500 1242 ex
525 1199 845 1242 informatione
867 1207 912 1243 et
934 1198 1158 1244 sententia
1182 1198 1372 1243 rectoris
1393 1206 1439 1242 et
1465 1200 1779 1242 consultorum
1803 1200 1975 1244 absens

287 1294 289 1297 ·
326 1276 655 1333 praescribere.

416 1353 776 1397 Concionatores
805 1368 861 1396 ne
890 1361 1028 1409 agant
1063 1352 1249 1396 nimium
1283 1353 1566 1398 confidenter
1595 1353 1639 1396 in
1670 1353 1975 1397 concionibus<

327 1432 437 1483 suis,
465 1433 544 1475 sed
573 1438 773 1487 paratam
797 1438 841 1474 et
870 1430 1102 1486 scriptam,
1137 1431 1285 1485 quoad
1315 1429 1413 1473 eius
1436 1431 1531 1473 fieri
1557 1431 1737 1487 poterit,
1763 1432 1960 1476 habeant

327 1508 610 1561 concionem,
630 1523 764 1563 quam
784 1507 918 1552 etiam
939 1507 1378 1552 communicauerint
1396 1522 1498 1550 cum
1518 1508 1749 1564 superiore
1767 1509 1838 1552 vel
1856 1522 1959 1551 cum

328 1601 397 1638 eo,
424 1601 558 1641 quem
583 1585 656 1628 ille
679 1584 1006 1641 designauerit‚
1034 1584 1116 1627 nisi
1140 1593 1209 1627 sat
1231 1584 1288 1627 sit
1312 1585 1517 1628 eruditus
1545 1592 1590 1630 et
1613 1587 1832 1642 probatus
1855 1600 1968 1628 con-

328 1663 546 1707 cionator.

417 1741 652 1784 Habeatur
675 1739 918 1795 aliquando
940 1739 1097 1781 concio
1126 1739 1264 1782 latina
1302 1740 1358 1782 ab
1397 1739 1680 1783 scholasticis
1701 1740 1757 1782 ad
1779 1740 1966 1796 linguae

332 1817 703 1862 exercitationem
727 1816 773 1858 in
797 1815 1051 1860 refectorio.

418 1894 624 1950 Singulis
647 1894 857 1937 noctibus
875 1909 897 1935 a
917 1893 1082 1935 nostris
1100 1893 1143 1936 in
1164 1894 1401 1937 refectorio
1419 1894 1685 1938 concionem
1705 1895 1963 1939 habendam

331 1988 447 2024 esse,
473 1972 516 2015 in
549 1971 602 2014 iis
631 1970 836 2027 collegiis
870 1977 1043 2012 tantum
1083 1970 1364 2027 intelligitur,
1399 1971 1445 2014 in
1484 1971 1649 2028 quibus
1676 1972 1829 2027 plures
1860 1979 1968 2014 sunt

330 2065 463 2105 quam
491 2060 546 2104 50
569 2047 841 2091 scholastici.
869 2049 916 2090 ln
957 2047 1138 2102 reliquis
1176 2049 1398 2092 habeatur
1435 2057 1483 2091 vt
1508 2048 1741 2091 minimum
1773 2048 1973 2105 singulis

329 2126 569 2170 dominicis
597 2125 773 2177 diebus,
807 2133 885 2167 aut
908 2124 1101 2181 singulis
1132 2125 1258 2169 festis
1290 2133 1335 2169 et
1363 2125 1618 2179 dominicis,
1654 2134 1732 2168 aut
1762 2125 1970 2178 alternis,

329 2214 406 2248 aut
432 2206 498 2259 3.⁰
528 2217 708 2259 quoque
737 2202 825 2254 die,
866 2210 1002 2258 prout
1027 2201 1252 2246 videbitur
1282 2202 1519 2259 superiori,
1561 2211 1606 2247 et
1630 2217 1847 2246 numerus
1873 2204 1960 2245 fra-

333 2290 450 2324 trum
477 2282 589 2325 feret
612 2280 683 2324 vel
707 2278 970 2335 postulabit.

419 2357 511 2413 Qui
535 2356 862 2400 concionantur
891 2369 968 2410 per
997 2370 1158 2411 pagos,
1192 2363 1384 2412 possunt
1414 2356 1619 2412 accipere
1651 2357 1969 2408 refectionem,

330 2436 375 2478 in
399 2437 589 2478 honesta
610 2433 759 2488 aliqua
781 2437 866 2479 654
889 2433 1042 2475 domo.
1065 2433 1202 2488 Quod
1225 2432 1262 2475 si
1284 2432 1426 2489 possit
1449 2433 1578 2476 cibus
1602 2433 1717 2476 sumi
1742 2434 1785 2475 in
1810 2433 1966 2488 hospi-

332 2512 407 2556 tali
432 2513 503 2556 vel
525 2512 660 2553 domo
683 2509 843 2561 curati,
870 2525 926 2553 ne
964 2517 1170 2552 sumatur
1192 2509 1314 2561 alibi,
1356 2509 1441 2552 nisi
1480 2510 1605 2566 prius
1643 2510 1824 2554 licentia
1847 2525 1871 2553 a
1895 2525 1965 2553 re-

330 2597 454 2632 ctore
476 2587 630 2631 habita
653 2586 803 2630 fuerit.
831 2585 878 2630 Si
902 2600 1009 2630 vero
1032 2586 1184 2628 nullus
1212 2586 1337 2628 illum
1367 2585 1597 2640 inuitaret,
1628 2595 1782 2643 posset
1811 2595 1971 2643 petere

331 2668 664 2721 eleemosynam
704 2663 837 2708 etiam
876 2662 1071 2705 ostiatim
1095 2670 1112 2687 ²
1134 2663 1189 2705 ad
1213 2662 1363 2705 cibum
1396 2676 1597 2719 parcum,
1632 2665 1711 2708 sed
1735 2672 1885 2707 tamen
1909 2664 1970 2706 ad

333 2742 655 2788 necessarium.
779 2727 786 2734 .

418 2820 464 2864 Si
489 2819 662 2876 possint
685 2817 858 2874 pedites
882 2815 1102 2872 proficisci
1134 2815 1230 2859 sine
1268 2815 1540 2860 detrimento
1579 2819 1868 2870 valetudinis,
1903 2819 1969 2862 ita

332 2896 676 2953 proficiscantur
699 2894 1062 2944 concionatores,
1084 2892 1327 2948 praecipue
1350 2892 1386 2935 si
1410 2908 1498 2936 non
1524 2895 1663 2950 longe
1681 2896 1889 2939 habenda
1907 2896 1967 2938 sit

403 3077 418 3091 ²1
444 3063 647 3100 hostiatim
669 3072 739 3097 ms.
