2028 3426
470 299 742 335 MONUMENTA
769 307 1021 336 PRov1N01AE
1046 300 1329 336 RHENANAE—
1335 300 1380 345 56
1617 300 1685 347 339

886 478 965 520 56

407 578 580 633 QUAE
612 579 666 620 R.
704 579 757 622 P.
792 579 1060 623 NATALIS
1094 579 1441 623 ORDINAUIT

569 692 619 721 IN
651 692 889 722 COLLEGIO
926 693 1229 724 TREUERENSI
1268 682 1278 701 ¹

199 787 290 829 Det
311 800 490 841 operam
513 792 660 827 rector
683 784 962 840 diligentem,
988 794 1038 828 ut
1060 788 1220 829 fratres
1247 787 1576 831 modestissime
1598 796 1737 843 agant

107 863 230 905 inter
252 876 367 904 sese:
394 862 516 916 quod
539 868 690 905 tamen
713 861 837 920 [non]
860 862 944 905 alia
967 862 1186 905 industria
1208 863 1399 915 curabit,
1426 879 1559 919 quam
1583 864 1620 907 si
1637 879 1737 920 pro—

109 946 252 995 *ponat
273 938 347 980 illa
369 937 531 994 capita,
559 938 614 980 de
638 938 804 992 quibus
828 940 1057 992 agendum
1079 940 1124 981 in
1148 939 1383 995 colloquiis
1406 941 1593 983 fratrum
1614 942 1645 983 ².

203 1016 417 1068 Curetur,
461 1022 509 1057 ut
546 1015 730 1070 regulae
769 1015 968 1057 studiose
1006 1017 1305 1059 obseruentur
1341 1019 1397 1059 ab
1429 1017 1654 1069 omnibus,
1695 1028 1738 1060 et

114 1098 412 1135 exerceantur
435 1091 752 1147 poenitentiae,
779 1106 894 1146 quae
918 1092 1072 1135 solitae
1090 1100 1195 1136 sunt
1213 1093 1258 1136 in
1276 1093 1505 1138 Societate
1521 1094 1737 1147 exerceri,

110 1175 161 1212 et
183 1168 308 1210 nulla
330 1167 387 1210 sit
409 1167 630 1223 exceptio,
656 1167 741 1210 nisi
764 1168 909 1211 subsit
931 1183 1068 1212 causa
1092 1169 1310 1225 legittima
1328 1177 1372 1213 et
1389 1170 1486 1213 aliis
1509 1177 1677 1226 aperta.

204 1246 376 1288 Omnes
399 1244 674 1287 conueniant
697 1245 753 1287 ad
771 1246 1109 1290 recreationem:
1131 1246 1305 1290 etiamsi
1324 1248 1627 1291 necessarium
1650 1262 1740 1290 non

110 1321 190 1373 sit,
217 1328 267 1363 ut
289 1327 438 1364 rector
460 1320 517 1363 sit
538 1334 640 1362 cum
663 1321 786 1376 ipsis,
814 1329 962 1364 tamen
986 1330 1134 1377 potest
1156 1323 1348 1366 subinde
1371 1323 1634 1368 conuenire.

204 1397 306 1441 Sint
330 1398 647 1441 obseruatores
670 1397 883 1440 orationis
905 1407 950 1442 et
972 1399 1206 1443 examinis.

207 1473 644 1529 Superintendentes
661 1489 768 1518 vero
786 1475 1002 1518 orationis
1024 1475 1113 1518 sint
1135 1477 1436 1519 confessarius
1454 1486 1497 1521 et
1520 1477 1738 1533 superior.

206 1553 262 1593 Et
284 1550 578 1593 instituantur
600 1565 773 1605 omnes,
799 1559 1017 1606 quantum
1041 1551 1136 1594 fieri
1165 1560 1328 1608 potest,
1355 1554 1525 1610 regulis
1556 1569 1740 1597 suorum

109 1626 380 1670 ›offitiorum.

205 1703 447 1759 Accipiant
469 1704 728 1748 facultatem
751 1706 1012 1749 confessarii
1029 1721 1126 1749 eam
1150 1721 1346 1758 ornnem,
1367 1722 1480 1762 quos
1499 1708 1742 1750 destinabit

119 1783 254 1824 Pater
276 1788 440 1833 rector,
466 1795 600 1836 quam
623 1781 880 1837 accepimus
904 1797 928 1825 a
951 1784 1057 1825 sede
1080 1783 1338 1838 apostolica,
1365 1786 1513 1839 quoad
1531 1792 1742 1828 externos
1769 1803 1774 1806 ·

117 1857 295 1911 attinet3
322 1858 402 1901 sed
423 1849 476 1901 ea
499 1866 649 1901 tamen
672 1859 789 1914 lege,
816 1867 866 1902 ut
890 1874 986 1903 eam
1010 1859 1152 1915 possit
1176 1861 1256 1905 uel,
1277 1862 1499 1917 abrogare
1532 1863 1604 1905 vel
1627 1869 1742 1905 tem-

114 1947 275 1989 perare
298 1941 466 1979 rector.

208 2011 497 2054 Confessario
522 2012 709 2054 fratrum
733 2011 857 2054 dabit
879 2020 1026 2055 rector
1049 2013 1279 2069 scriptum,
1317 2014 1393 2056 ubi
1424 2015 1743 2058 contineantur

112 2101 253 2130 -casus
276 2087 511 2130 reseruati.

205 2165 346 2207 Curet
368 2171 530 2216 rector,
558 2172 607 2207 ut
629 2172 673 2207 et
695 2164 793 2220 ipse
815 2173 860 2207 et
882 2165 955 2208 alii
978 2167 1087 2210 dent
1109 2181 1288 2223 operam
1306 2166 1490 2223 linguae
1513 2168 1742 2224 germani-

111 2254 186 2292 -ce,
213 2247 433 2295 quantum
457 2241 553 2283 fieri
576 2248 743 2296 potest.

206 2316 389 2359 Inuitati
411 2317 468 2360 ad
490 2317 718 2369 conuiuia,
744 2317 825 2360 ibit
848 2326 995 2361 rector
1019 2333 1123 2362 cum
1147 2320 1296 2375 aliquo
1314 2334 1369 2362 ex
1387 2321 1568 2374 nostris,
1595 2335 1742 2376 quan—

117 2393 174 2435 do
196 2392 413 2435 iudicabit
436 2408 526 2435 non
549 2408 684 2449 posse
706 2394 827 2437 istud
849 2395 1064 2451 denegari
1082 2396 1189 2439 viris
1206 2397 1476 2452 quibusdam
1500 2397 1738 2453 primariis:

117 2468 253 2524 idque
291 2475 441 2511 tamen
479 2484 578 2512 raro
612 2469 867 2514 faciendum
906 2472 1006 2524 erit,
1049 2479 1339 2527 cureturque,
1383 2481 1431 2515 ut
1469 2481 1743 2516 excusentur

118 2544 319 2601 inprimis
341 2561 367 2588 a
389 2546 615 2589 conuiuiis
633 2547 991 2593 concionatores.
1012 2549 1106 2592 Suo
1125 2557 1275 2593 autem
1295 2557 1495 2605 tempore
1518 2557 1742 2594 statuetur

112 2621 226 2676 quid
245 2624 331 2664 hac
354 2621 399 2664 in
422 2637 469 2665 re
493 2623 747 2666 faciendum
771 2624 871 2677 erit3
898 2640 1001 2668 nam
1024 2625 1080 2669 de
1103 2627 1188 2668 hac
1222 2641 1269 2670 re
1297 2627 1353 2669 ad
1384 2628 1566 2670 Patrem
1600 2641 1741 2682 gene-

115 2698 254 2741 ralem
278 2699 415 2742 refert
439 2701 575 2743 Pater
596 2700 818 2759 N[atalis].

191 2859 202 2878 ¹
252 2858 310 2891 Ex
324 2859 543 2904 apographo
557 2869 713 2904 coaevo,
732 2859 771 2894 in
784 2860 917 2895 codice
932 2861 1197 2899 Natal.instr.
1218 2861 1370 2903 Germ„
1381 2861 1615 2907 duplicifol.,
1630 2861 1741 2907 302v,

115 2912 220 2949 3o3r.
240 2915 348 2950 Haec
366 2916 569 2952 instructio
587 2928 633 2952 eo
652 2922 825 2964 tempore
844 2919 986 2965 scripta
1003 2919 1089 2965 fuit,
1118 2931 1192 2966 quo
1214 2920 1362 2954 Natalis
1386 2920 1594 2965 collegium
1620 2922 1744 2956 trevi-

118 2983 232 3008 rense
250 2975 515 3021 perlustravit,
533 2975 698 3022 scilicet,
718 2988 739 3011 a
757 2976 820 3011 die
838 2977 860 3011 6
879 2978 1026 3024 Aprilis
1043 2977 1091 3013 ad
1115 2988 1136 3022 9
1161 2978 1250 3023 Maji
1275 2979 1365 3013 anni
1394 2979 1495 3022 1567.
1522 2978 1583 3014 Cf.
1611 2980 1741 3026 Epist.

121 3031 169 3070 P,
188 3031 338 3076 Nadal,
357 3033 428 3077 ΙΙΙ,
444 3034 525 3078 467.

189 3092 204 3111 2
255 3090 354 3126 Vide
371 3103 498 3138 supra,
519 3104 607 3138 pag.
627 3092 708 3139 337,
729 3099 858 3130 annot.
882 3103 912 3130 1.
