<?xml version="1.0" encoding="UTF-8"?>
<!DOCTYPE html PUBLIC "-//W3C//DTD XHTML 1.0 Transitional//EN"
    "http://www.w3.org/TR/xhtml1/DTD/xhtml1-transitional.dtd">
<html xmlns="http://www.w3.org/1999/xhtml" xml:lang="en" lang="en">
 <head>
  <title>
</title>
<meta http-equiv="Content-Type" content="text/html;charset=utf-8" />
  <meta name='ocr-system' content='tesseract 3.04.00' />
  <meta name='ocr-capabilities' content='ocr_page ocr_carea ocr_par ocr_line ocrx_word'/>
</head>
<body>
  <div class='ocr_page' id='page_1' title='image "./epistolaephieron11nada_0354.png"; bbox 0 0 2028 3426; ppageno 0'>
   <div class='ocr_carea' id='block_1_1' title="bbox 1960 26 2002 127">
    <p class='ocr_par' dir='ltr' id='par_1_1' title="bbox 1960 26 2002 127">
     <span class='ocr_line' id='line_1_1' title="bbox 1960 26 1992 41; baseline 0 -10"><span class='ocrx_word' id='word_1_1' title='bbox 1960 26 1992 41; x_wconf 50' lang='grc'>..</span> 
     </span>
     <span class='ocr_line' id='line_1_2' title="bbox 1988 54 2002 66; baseline 0 -5"><span class='ocrx_word' id='word_1_2' title='bbox 1988 54 2002 66; x_wconf 49' lang='grc' dir='ltr'>,ι</span> 
     </span>
     <span class='ocr_line' id='line_1_3' title="bbox 1993 119 2000 127; baseline 0 0"><span class='ocrx_word' id='word_1_3' title='bbox 1993 119 2000 127; x_wconf 69' lang='grc' dir='ltr'><strong>ο</strong></span> 
     </span>
    </p>
   </div>
   <div class='ocr_carea' id='block_1_2' title="bbox 367 247 1444 289">
    <p class='ocr_par' dir='ltr' id='par_1_2' title="bbox 367 247 1444 289">
     <span class='ocr_line' id='line_1_4' title="bbox 367 247 1444 289; baseline -0.006 0"><span class='ocrx_word' id='word_1_4' title='bbox 367 252 438 289; x_wconf 86' lang='lat'>328</span> <span class='ocrx_word' id='word_1_5' title='bbox 841 251 995 286; x_wconf 74' lang='lat' dir='ltr'>PATms</span> <span class='ocrx_word' id='word_1_6' title='bbox 1022 250 1266 285; x_wconf 73' lang='lat' dir='ltr'>HmRONYMI</span> <span class='ocrx_word' id='word_1_7' title='bbox 1292 247 1444 283; x_wconf 77' lang='lat' dir='ltr'>NADAL</span> 
     </span>
    </p>
   </div>
   <div class='ocr_carea' id='block_1_3' title="bbox 2008 245 2028 270">
    <p class='ocr_par' dir='ltr' id='par_1_3' title="bbox 2008 245 2028 270">
     <span class='ocr_line' id='line_1_5' title="bbox 2008 245 2028 270; baseline 0 0"><span class='ocrx_word' id='word_1_8' title='bbox 2008 245 2028 270; x_wconf 48' lang='grc' dir='ltr'>ἢ</span> 
     </span>
    </p>
   </div>
   <div class='ocr_carea' id='block_1_4' title="bbox 2012 291 2028 330">
    <p class='ocr_par' dir='ltr' id='par_1_4' title="bbox 2012 291 2028 330">
     <span class='ocr_line' id='line_1_6' title="bbox 2012 291 2028 330; baseline 0 0"><span class='ocrx_word' id='word_1_9' title='bbox 2012 291 2028 330; x_wconf 62' lang='lat'>&gt;3</span> 
     </span>
    </p>
   </div>
   <div class='ocr_carea' id='block_1_5' title="bbox 321 339 2028 477">
    <p class='ocr_par' dir='ltr' id='par_1_5' title="bbox 321 339 2028 477">
     <span class='ocr_line' id='line_1_7' title="bbox 409 339 2028 412; baseline -0.005 -14"><span class='ocrx_word' id='word_1_10' title='bbox 409 355 585 412; x_wconf 86' lang='lat' dir='ltr'>Regula</span> <span class='ocrx_word' id='word_1_11' title='bbox 606 353 788 405; x_wconf 89' lang='lat' dir='ltr'>silentii,</span> <span class='ocrx_word' id='word_1_12' title='bbox 810 352 1028 408; x_wconf 77' lang='lat' dir='ltr'>singulari</span> <span class='ocrx_word' id='word_1_13' title='bbox 1050 364 1159 393; x_wconf 91' lang='lat' dir='ltr'>cura</span> <span class='ocrx_word' id='word_1_14' title='bbox 1187 348 1404 401; x_wconf 88' lang='lat' dir='ltr'>adhibita,</span> <span class='ocrx_word' id='word_1_15' title='bbox 1436 354 1662 400; x_wconf 90' lang='lat' dir='ltr'>seruetur,</span> <span class='ocrx_word' id='word_1_16' title='bbox 1688 354 1733 390; x_wconf 83' lang='lat' dir='ltr'>et</span> <span class='ocrx_word' id='word_1_17' title='bbox 1764 362 1854 391; x_wconf 92' lang='lat' dir='ltr'>non</span> <span class='ocrx_word' id='word_1_18' title='bbox 1877 361 1954 390; x_wconf 79' lang='lat' dir='ltr'>so·</span> <span class='ocrx_word' id='word_1_19' title='bbox 2009 339 2028 397; x_wconf 68' lang='grc' dir='ltr'>Ξ</span> 
     </span>
     <span class='ocr_line' id='line_1_8' title="bbox 321 407 2028 477; baseline -0.005 -3"><span class='ocrx_word' id='word_1_20' title='bbox 321 433 414 475; x_wconf 88' lang='lat' dir='ltr'>lum</span> <span class='ocrx_word' id='word_1_21' title='bbox 438 430 597 474; x_wconf 89' lang='lat' dir='ltr'>nouitii</span> <span class='ocrx_word' id='word_1_22' title='bbox 619 445 726 474; x_wconf 92' lang='lat' dir='ltr'>suos</span> <span class='ocrx_word' id='word_1_23' title='bbox 749 429 919 472; x_wconf 92' lang='lat' dir='ltr'>indices</span> <span class='ocrx_word' id='word_1_24' title='bbox 942 430 949 449; x_wconf 88' lang='lat'><strong>¹</strong></span> <span class='ocrx_word' id='word_1_25' title='bbox 971 429 1171 470; x_wconf 87' lang='lat' dir='ltr'>habeant</span> <span class='ocrx_word' id='word_1_26' title='bbox 1193 433 1238 470; x_wconf 91' lang='lat' dir='ltr'>et</span> <span class='ocrx_word' id='word_1_27' title='bbox 1256 427 1519 477; x_wconf 83' lang='lat' dir='ltr'>obseruent,</span> <span class='ocrx_word' id='word_1_28' title='bbox 1540 426 1622 468; x_wconf 91' lang='lat' dir='ltr'>sed</span> <span class='ocrx_word' id='word_1_29' title='bbox 1638 433 1684 468; x_wconf 91' lang='lat' dir='ltr'>et</span> <span class='ocrx_word' id='word_1_30' title='bbox 1707 423 1781 467; x_wconf 90' lang='lat' dir='ltr'>alii</span> <span class='ocrx_word' id='word_1_31' title='bbox 1799 437 1958 467; x_wconf 86' lang='lat' dir='ltr'>omnes</span> <span class='ocrx_word' id='word_1_32' title='bbox 2014 407 2028 447; x_wconf 49' lang='lat' dir='ltr'><strong><em>f</em></strong></span> 
     </span>
    </p>
   </div>
   <div class='ocr_carea' id='block_1_6' title="bbox 321 501 1959 859">
    <p class='ocr_par' dir='ltr' id='par_1_6' title="bbox 321 501 1956 642">
     <span class='ocr_line' id='line_1_9' title="bbox 321 501 1956 564; baseline -0.006 -12"><span class='ocrx_word' id='word_1_33' title='bbox 321 509 417 552; x_wconf 91' lang='lat' dir='ltr'>suis</span> <span class='ocrx_word' id='word_1_34' title='bbox 439 508 715 564; x_wconf 81' lang='lat' dir='ltr'>temporibus</span> <span class='ocrx_word' id='word_1_35' title='bbox 737 515 782 550; x_wconf 89' lang='lat' dir='ltr'>et</span> <span class='ocrx_word' id='word_1_36' title='bbox 805 506 916 549; x_wconf 89' lang='lat' dir='ltr'>locis</span> <span class='ocrx_word' id='word_1_37' title='bbox 939 505 1115 548; x_wconf 81' lang='lat' dir='ltr'>sileant:</span> <span class='ocrx_word' id='word_1_38' title='bbox 1142 503 1204 546; x_wconf 88' lang='lat' dir='ltr'>ita</span> <span class='ocrx_word' id='word_1_39' title='bbox 1222 504 1300 546; x_wconf 91' lang='lat' dir='ltr'>fiet</span> <span class='ocrx_word' id='word_1_40' title='bbox 1317 503 1451 546; x_wconf 88' lang='lat' dir='ltr'>simul</span> <span class='ocrx_word' id='word_1_41' title='bbox 1473 509 1522 545; x_wconf 90' lang='lat' dir='ltr'>vt</span> <span class='ocrx_word' id='word_1_42' title='bbox 1540 509 1585 547; x_wconf 92' lang='lat' dir='ltr'>et</span> <span class='ocrx_word' id='word_1_43' title='bbox 1602 503 1872 546; x_wconf 91' lang='lat' dir='ltr'>obseruetur</span> <span class='ocrx_word' id='word_1_44' title='bbox 1889 501 1956 544; x_wconf 92' lang='lat' dir='ltr'>di-</span> 
     </span>
     <span class='ocr_line' id='line_1_10' title="bbox 322 580 1708 642; baseline -0.005 -13"><span class='ocrx_word' id='word_1_45' title='bbox 322 586 511 642; x_wconf 87' lang='lat' dir='ltr'>sciplina</span> <span class='ocrx_word' id='word_1_46' title='bbox 534 583 789 635; x_wconf 85' lang='lat' dir='ltr'>Societatis,</span> <span class='ocrx_word' id='word_1_47' title='bbox 815 590 859 626; x_wconf 91' lang='lat' dir='ltr'>et</span> <span class='ocrx_word' id='word_1_48' title='bbox 884 589 1064 637; x_wconf 89' lang='lat' dir='ltr'>tempus</span> <span class='ocrx_word' id='word_1_49' title='bbox 1087 595 1144 624; x_wconf 91' lang='lat' dir='ltr'>ne</span> <span class='ocrx_word' id='word_1_50' title='bbox 1166 587 1322 636; x_wconf 90' lang='lat' dir='ltr'>pereat</span> <span class='ocrx_word' id='word_1_51' title='bbox 1339 581 1512 635; x_wconf 79' lang='lat' dir='ltr'>absque</span> <span class='ocrx_word' id='word_1_52' title='bbox 1536 580 1708 622; x_wconf 85' lang='lat' dir='ltr'>fructu.</span> 
     </span>
    </p>

    <p class='ocr_par' dir='ltr' id='par_1_7' title="bbox 323 656 1959 859">
     <span class='ocr_line' id='line_1_11' title="bbox 411 656 1956 715; baseline -0.006 -8"><span class='ocrx_word' id='word_1_53' title='bbox 411 664 534 707; x_wconf 83' lang='lat' dir='ltr'><strong>Ante</strong></span> <span class='ocrx_word' id='word_1_54' title='bbox 556 660 787 704; x_wconf 84' lang='lat' dir='ltr'>biennium</span> <span class='ocrx_word' id='word_1_55' title='bbox 825 674 959 715; x_wconf 88' lang='lat' dir='ltr'>quam</span> <span class='ocrx_word' id='word_1_56' title='bbox 989 657 1114 702; x_wconf 92' lang='lat' dir='ltr'>venit</span> <span class='ocrx_word' id='word_1_57' title='bbox 1142 657 1243 713; x_wconf 89' lang='lat' dir='ltr'>quis</span> <span class='ocrx_word' id='word_1_58' title='bbox 1271 657 1327 700; x_wconf 90' lang='lat' dir='ltr'>ad</span> <span class='ocrx_word' id='word_1_59' title='bbox 1356 656 1648 708; x_wconf 82' lang='lat' dir='ltr'>Societatem,</span> <span class='ocrx_word' id='word_1_60' title='bbox 1681 662 1818 711; x_wconf 90' lang='lat' dir='ltr'>atque</span> <span class='ocrx_word' id='word_1_61' title='bbox 1842 656 1956 698; x_wconf 86' lang='lat' dir='ltr'>adeo</span> 
     </span>
     <span class='ocr_line' id='line_1_12' title="bbox 323 733 1959 796; baseline -0.005 -13"><span class='ocrx_word' id='word_1_62' title='bbox 323 748 563 796; x_wconf 81' lang='lat' dir='ltr'>antequam</span> <span class='ocrx_word' id='word_1_63' title='bbox 587 746 686 794; x_wconf 89' lang='lat' dir='ltr'>post</span> <span class='ocrx_word' id='word_1_64' title='bbox 708 736 942 781; x_wconf 88' lang='lat' dir='ltr'>biennium</span> <span class='ocrx_word' id='word_1_65' title='bbox 965 736 1185 779; x_wconf 81' lang='lat' dir='ltr'>habeatur</span> <span class='ocrx_word' id='word_1_66' title='bbox 1207 735 1440 790; x_wconf 88' lang='lat' dir='ltr'>probatus,</span> <span class='ocrx_word' id='word_1_67' title='bbox 1462 733 1614 776; x_wconf 92' lang='lat' dir='ltr'>nullus</span> <span class='ocrx_word' id='word_1_68' title='bbox 1632 739 1959 789; x_wconf 87' lang='lat' dir='ltr'>promoueatur</span> 
     </span>
     <span class='ocr_line' id='line_1_13' title="bbox 323 815 768 859; baseline -0.007 0"><span class='ocrx_word' id='word_1_69' title='bbox 323 817 380 859; x_wconf 93' lang='lat' dir='ltr'>ad</span> <span class='ocrx_word' id='word_1_70' title='bbox 401 830 554 859; x_wconf 88' lang='lat' dir='ltr'>sacros</span> <span class='ocrx_word' id='word_1_71' title='bbox 571 815 768 858; x_wconf 81' lang='lat' dir='ltr'>ordines.</span> 
     </span>
    </p>
   </div>
   <div class='ocr_carea' id='block_1_7' title="bbox 2014 504 2028 712">
    <p class='ocr_par' dir='ltr' id='par_1_8' title="bbox 2014 504 2028 712">
     <span class='ocr_line' id='line_1_14' title="bbox 2014 504 2028 712; textangle 90"><span class='ocrx_word' id='word_1_72' title='bbox 2014 632 2028 712; x_wconf 45' lang='lat'>2711&amp;</span> <span class='ocrx_word' id='word_1_73' title='bbox 2014 568 2028 617; x_wconf 57' lang='lat'>31·</span> <span class='ocrx_word' id='word_1_74' title='bbox 2015 504 2028 519; x_wconf 71' lang='lat' dir='ltr'>uf</span> 
     </span>
    </p>
   </div>
   <div class='ocr_carea' id='block_1_8' title="bbox 2016 726 2028 898">
    <p class='ocr_par' dir='ltr' id='par_1_9' title="bbox 2016 726 2028 898">
     <span class='ocr_line' id='line_1_15' title="bbox 2016 726 2028 898; textangle 90"><span class='ocrx_word' id='word_1_75' title='bbox 2020 846 2028 898; x_wconf 66' lang='grc' dir='ltr'>ιῚ..</span> <span class='ocrx_word' id='word_1_76' title='bbox 2016 726 2028 827; x_wconf 50' lang='grc' dir='ltr'>ια’-Ἀ..-</span> 
     </span>
    </p>
   </div>
   <div class='ocr_carea' id='block_1_9' title="bbox 322 886 2028 1030">
    <p class='ocr_par' dir='ltr' id='par_1_10' title="bbox 322 886 2028 1030">
     <span class='ocr_line' id='line_1_16' title="bbox 412 886 2028 947; baseline -0.005 -11"><span class='ocrx_word' id='word_1_77' title='bbox 412 895 481 936; x_wconf 89' lang='lat' dir='ltr'>Ne</span> <span class='ocrx_word' id='word_1_78' title='bbox 520 899 670 934; x_wconf 80' lang='lat' dir='ltr'>Vtatur</span> <span class='ocrx_word' id='word_1_79' title='bbox 707 891 856 947; x_wconf 79' lang='lat' dir='ltr'>sigillo</span> <span class='ocrx_word' id='word_1_80' title='bbox 895 888 1202 946; x_wconf 88' lang='lat' dir='ltr'>prouincialis,</span> <span class='ocrx_word' id='word_1_81' title='bbox 1228 888 1274 931; x_wconf 92' lang='lat' dir='ltr'>in</span> <span class='ocrx_word' id='word_1_82' title='bbox 1298 902 1388 944; x_wconf 92' lang='lat' dir='ltr'>quo</span> <span class='ocrx_word' id='word_1_83' title='bbox 1415 887 1537 930; x_wconf 91' lang='lat' dir='ltr'>aliud</span> <span class='ocrx_word' id='word_1_84' title='bbox 1570 887 1628 930; x_wconf 92' lang='lat' dir='ltr'>sit</span> <span class='ocrx_word' id='word_1_85' title='bbox 1657 901 1810 942; x_wconf 90' lang='lat' dir='ltr'>quam,</span> <span class='ocrx_word' id='word_1_86' title='bbox 1836 886 1957 942; x_wconf 88' lang='lat' dir='ltr'>quod</span> <span class='ocrx_word' id='word_1_87' title='bbox 2019 918 2028 942; x_wconf 88' lang='lat'>:</span> 
     </span>
     <span class='ocr_line' id='line_1_17' title="bbox 322 963 2028 1030; baseline -0.005 -17"><span class='ocrx_word' id='word_1_88' title='bbox 322 971 437 1015; x_wconf 86' lang='lat' dir='ltr'>solet</span> <span class='ocrx_word' id='word_1_89' title='bbox 459 969 663 1014; x_wconf 82' lang='lat' dir='ltr'>Societas</span> <span class='ocrx_word' id='word_1_90' title='bbox 686 982 924 1024; x_wconf 82' lang='lat' dir='ltr'>vsurpare3</span> <span class='ocrx_word' id='word_1_91' title='bbox 950 967 1103 1023; x_wconf 88' lang='lat' dir='ltr'>itaque</span> <span class='ocrx_word' id='word_1_92' title='bbox 1130 966 1241 1009; x_wconf 94' lang='lat' dir='ltr'>illud</span> <span class='ocrx_word' id='word_1_93' title='bbox 1258 966 1474 1022; x_wconf 86' lang='lat' dir='ltr'>sigillum,</span> <span class='ocrx_word' id='word_1_94' title='bbox 1499 965 1575 1008; x_wconf 90' lang='lat' dir='ltr'>vbi</span> <span class='ocrx_word' id='word_1_95' title='bbox 1597 971 1666 1009; x_wconf 92' lang='lat' dir='ltr'>est</span> <span class='ocrx_word' id='word_1_96' title='bbox 1688 964 1840 1021; x_wconf 83' lang='lat' dir='ltr'>imago</span> <span class='ocrx_word' id='word_1_97' title='bbox 1863 963 1958 1006; x_wconf 91' lang='lat' dir='ltr'>diui</span> <span class='ocrx_word' id='word_1_98' title='bbox 2020 973 2028 1030; x_wconf 22' lang='grc' dir='ltr'><strong>ζ</strong></span> 
     </span>
    </p>
   </div>
   <div class='ocr_carea' id='block_1_10' title="bbox 325 1041 1405 1103">
    <p class='ocr_par' dir='ltr' id='par_1_11' title="bbox 325 1041 1405 1103">
     <span class='ocr_line' id='line_1_18' title="bbox 325 1041 1405 1103; baseline -0.006 -13"><span class='ocrx_word' id='word_1_99' title='bbox 325 1047 447 1092; x_wconf 88' lang='lat' dir='ltr'>Petri</span> <span class='ocrx_word' id='word_1_100' title='bbox 472 1045 709 1103; x_wconf 85' lang='lat' dir='ltr'>piscatoris</span> <span class='ocrx_word' id='word_1_101' title='bbox 732 1046 803 1089; x_wconf 84' lang='lat' dir='ltr'>vel</span> <span class='ocrx_word' id='word_1_102' title='bbox 827 1043 1058 1100; x_wconf 88' lang='lat' dir='ltr'>piscantis,</span> <span class='ocrx_word' id='word_1_103' title='bbox 1084 1041 1405 1099; x_wconf 89' lang='lat' dir='ltr'>supprimatur.</span> 
     </span>
    </p>
   </div>
   <div class='ocr_carea' id='block_1_11' title="bbox 410 1116 2028 1255">
    <p class='ocr_par' dir='ltr' id='par_1_12' title="bbox 410 1116 2028 1255">
     <span class='ocr_line' id='line_1_19' title="bbox 410 1116 2028 1177; baseline -0.006 -10"><span class='ocrx_word' id='word_1_104' title='bbox 410 1126 478 1167; x_wconf 92' lang='lat' dir='ltr'>Ne</span> <span class='ocrx_word' id='word_1_105' title='bbox 502 1123 798 1165; x_wconf 85' lang='lat' dir='ltr'>admittantur</span> <span class='ocrx_word' id='word_1_106' title='bbox 822 1120 1130 1174; x_wconf 90' lang='lat' dir='ltr'>conuictores,</span> <span class='ocrx_word' id='word_1_107' title='bbox 1151 1128 1200 1162; x_wconf 86' lang='lat' dir='ltr'>vt</span> <span class='ocrx_word' id='word_1_108' title='bbox 1216 1120 1375 1162; x_wconf 92' lang='lat' dir='ltr'>ludant</span> <span class='ocrx_word' id='word_1_109' title='bbox 1397 1118 1443 1160; x_wconf 90' lang='lat' dir='ltr'>in</span> <span class='ocrx_word' id='word_1_110' title='bbox 1466 1117 1579 1161; x_wconf 88' lang='lat' dir='ltr'>atrio</span> <span class='ocrx_word' id='word_1_111' title='bbox 1597 1116 1777 1173; x_wconf 82' lang='lat' dir='ltr'>collegii</span> <span class='ocrx_word' id='word_1_112' title='bbox 1795 1116 1954 1159; x_wconf 88' lang='lat' dir='ltr'>nostri.</span> <span class='ocrx_word' id='word_1_113' title='bbox 2015 1120 2028 1177; x_wconf 58' lang='grc' dir='ltr'><strong>ζ</strong></span> 
     </span>
     <span class='ocr_line' id='line_1_20' title="bbox 412 1178 2028 1255; baseline -0.007 -10"><span class='ocrx_word' id='word_1_114' title='bbox 412 1199 679 1255; x_wconf 87' lang='lat' dir='ltr'>Superiores</span> <span class='ocrx_word' id='word_1_115' title='bbox 701 1198 1079 1249; x_wconf 89' lang='lat' dir='ltr'>animaduertant,</span> <span class='ocrx_word' id='word_1_116' title='bbox 1111 1211 1170 1240; x_wconf 91' lang='lat' dir='ltr'>ne</span> <span class='ocrx_word' id='word_1_117' title='bbox 1197 1202 1396 1240; x_wconf 87' lang='lat' dir='ltr'>secretos</span> <span class='ocrx_word' id='word_1_118' title='bbox 1425 1195 1631 1239; x_wconf 87' lang='lat' dir='ltr'>defectus</span> <span class='ocrx_word' id='word_1_119' title='bbox 1659 1194 1849 1236; x_wconf 87' lang='lat' dir='ltr'>fratrum</span> <span class='ocrx_word' id='word_1_120' title='bbox 1872 1191 1957 1249; x_wconf 90' lang='lat' dir='ltr'>pu-</span> <span class='ocrx_word' id='word_1_121' title='bbox 2018 1178 2028 1238; x_wconf 49' lang='grc' dir='ltr'>Ῠ,</span> 
     </span>
    </p>
   </div>
   <div class='ocr_carea' id='block_1_12' title="bbox 320 1269 1789 1331">
    <p class='ocr_par' dir='ltr' id='par_1_13' title="bbox 320 1269 1789 1331">
     <span class='ocr_line' id='line_1_21' title="bbox 320 1269 1789 1331; baseline -0.005 -12"><span class='ocrx_word' id='word_1_122' title='bbox 320 1276 435 1320; x_wconf 89' lang='lat' dir='ltr'>blice</span> <span class='ocrx_word' id='word_1_123' title='bbox 460 1276 808 1331; x_wconf 88' lang='lat' dir='ltr'>reprehendant,</span> <span class='ocrx_word' id='word_1_124' title='bbox 835 1273 1097 1330; x_wconf 88' lang='lat' dir='ltr'>praesertim</span> <span class='ocrx_word' id='word_1_125' title='bbox 1121 1272 1158 1315; x_wconf 92' lang='lat' dir='ltr'>si</span> <span class='ocrx_word' id='word_1_126' title='bbox 1182 1271 1310 1315; x_wconf 88' lang='lat' dir='ltr'>aliter</span> <span class='ocrx_word' id='word_1_127' title='bbox 1333 1269 1564 1313; x_wconf 88' lang='lat' dir='ltr'>emendari</span> <span class='ocrx_word' id='word_1_128' title='bbox 1584 1276 1789 1325; x_wconf 90' lang='lat' dir='ltr'>possunt.</span> 
     </span>
    </p>
   </div>
   <div class='ocr_carea' id='block_1_13' title="bbox 319 1336 2028 1482">
    <p class='ocr_par' dir='ltr' id='par_1_14' title="bbox 319 1336 2028 1482">
     <span class='ocr_line' id='line_1_22' title="bbox 406 1336 2017 1408; baseline -0.004 -13"><span class='ocrx_word' id='word_1_129' title='bbox 406 1354 640 1408; x_wconf 77' lang='lat' dir='ltr'>Quantum</span> <span class='ocrx_word' id='word_1_130' title='bbox 665 1353 720 1394; x_wconf 90' lang='lat' dir='ltr'>ad</span> <span class='ocrx_word' id='word_1_131' title='bbox 750 1365 928 1407; x_wconf 89' lang='lat' dir='ltr'>panem,</span> <span class='ocrx_word' id='word_1_132' title='bbox 969 1356 1179 1395; x_wconf 84' lang='lat' dir='ltr'>seruetur</span> <span class='ocrx_word' id='word_1_133' title='bbox 1217 1348 1292 1391; x_wconf 91' lang='lat' dir='ltr'>illa</span> <span class='ocrx_word' id='word_1_134' title='bbox 1329 1346 1632 1399; x_wconf 87' lang='lat' dir='ltr'>mediocritas,</span> <span class='ocrx_word' id='word_1_135' title='bbox 1664 1361 1780 1401; x_wconf 87' lang='lat' dir='ltr'>quae</span> <span class='ocrx_word' id='word_1_136' title='bbox 1813 1347 1867 1389; x_wconf 90' lang='lat' dir='ltr'>R.</span> <span class='ocrx_word' id='word_1_137' title='bbox 1898 1347 1950 1389; x_wconf 89' lang='lat' dir='ltr'>P.</span> <span class='ocrx_word' id='word_1_138' title='bbox 2000 1336 2017 1370; x_wconf 63' lang='lat' dir='ltr'><em>j</em></span> 
     </span>
     <span class='ocr_line' id='line_1_23' title="bbox 319 1422 2028 1482; baseline -0.005 -10"><span class='ocrx_word' id='word_1_139' title='bbox 319 1430 467 1472; x_wconf 91' lang='lat' dir='ltr'>Natali</span> <span class='ocrx_word' id='word_1_140' title='bbox 486 1436 666 1472; x_wconf 90' lang='lat' dir='ltr'>ostensa</span> <span class='ocrx_word' id='word_1_141' title='bbox 688 1436 772 1480; x_wconf 86' lang='lat' dir='ltr'>est,</span> <span class='ocrx_word' id='word_1_142' title='bbox 799 1435 843 1472; x_wconf 88' lang='lat' dir='ltr'>et</span> <span class='ocrx_word' id='word_1_143' title='bbox 872 1427 1116 1472; x_wconf 82' lang='lat' dir='ltr'>misceatur</span> <span class='ocrx_word' id='word_1_144' title='bbox 1138 1440 1220 1482; x_wconf 92' lang='lat' dir='ltr'>pro</span> <span class='ocrx_word' id='word_1_145' title='bbox 1251 1425 1382 1468; x_wconf 87' lang='lat' dir='ltr'>tertia</span> <span class='ocrx_word' id='word_1_146' title='bbox 1412 1431 1537 1481; x_wconf 89' lang='lat' dir='ltr'>parte</span> <span class='ocrx_word' id='word_1_147' title='bbox 1563 1422 1780 1476; x_wconf 91' lang='lat' dir='ltr'>triticum,</span> <span class='ocrx_word' id='word_1_148' title='bbox 1806 1429 1851 1466; x_wconf 92' lang='lat' dir='ltr'>et</span> <span class='ocrx_word' id='word_1_149' title='bbox 1876 1437 1957 1479; x_wconf 91' lang='lat' dir='ltr'>pro</span> <span class='ocrx_word' id='word_1_150' title='bbox 2016 1424 2028 1442; x_wconf 67' lang='lat'>&#39;³</span> 
     </span>
    </p>
   </div>
   <div class='ocr_carea' id='block_1_14' title="bbox 318 1504 1957 1935">
    <p class='ocr_par' dir='ltr' id='par_1_15' title="bbox 321 1504 946 1561">
     <span class='ocr_line' id='line_1_24' title="bbox 321 1504 946 1561; baseline -0.005 -12"><span class='ocrx_word' id='word_1_151' title='bbox 321 1506 532 1549; x_wconf 86' lang='lat' dir='ltr'>omnibus</span> <span class='ocrx_word' id='word_1_152' title='bbox 555 1506 673 1548; x_wconf 86' lang='lat' dir='ltr'>idem</span> <span class='ocrx_word' id='word_1_153' title='bbox 698 1506 779 1548; x_wconf 88' lang='lat' dir='ltr'>fiat</span> <span class='ocrx_word' id='word_1_154' title='bbox 801 1504 946 1561; x_wconf 88' lang='lat' dir='ltr'>panis.</span> 
     </span>
    </p>

    <p class='ocr_par' dir='ltr' id='par_1_16' title="bbox 318 1575 1957 1935">
     <span class='ocr_line' id='line_1_25' title="bbox 411 1575 1950 1634; baseline -0.005 -7"><span class='ocrx_word' id='word_1_155' title='bbox 411 1586 519 1626; x_wconf 89' lang='lat' dir='ltr'>Post</span> <span class='ocrx_word' id='word_1_156' title='bbox 543 1584 655 1625; x_wconf 89' lang='lat' dir='ltr'>duas</span> <span class='ocrx_word' id='word_1_157' title='bbox 678 1581 908 1625; x_wconf 85' lang='lat' dir='ltr'>coctiones</span> <span class='ocrx_word' id='word_1_158' title='bbox 931 1580 1150 1624; x_wconf 88' lang='lat' dir='ltr'>ceruisiae</span> <span class='ocrx_word' id='word_1_159' title='bbox 1167 1588 1200 1633; x_wconf 76' lang='lat'>³,</span> <span class='ocrx_word' id='word_1_160' title='bbox 1227 1594 1343 1633; x_wconf 83' lang='lat' dir='ltr'>quae</span> <span class='ocrx_word' id='word_1_161' title='bbox 1360 1577 1656 1634; x_wconf 89' lang='lat' dir='ltr'>complendae</span> <span class='ocrx_word' id='word_1_162' title='bbox 1672 1584 1779 1620; x_wconf 90' lang='lat' dir='ltr'>sunt</span> <span class='ocrx_word' id='word_1_163' title='bbox 1796 1575 1950 1634; x_wconf 85' lang='lat' dir='ltr'>proxi-</span> 
     </span>
     <span class='ocr_line' id='line_1_26' title="bbox 322 1655 1955 1715; baseline -0.004 -13"><span class='ocrx_word' id='word_1_164' title='bbox 322 1676 394 1703; x_wconf 87' lang='lat' dir='ltr'>ma</span> <span class='ocrx_word' id='word_1_165' title='bbox 430 1660 737 1711; x_wconf 86' lang='lat' dir='ltr'>hebdomada,</span> <span class='ocrx_word' id='word_1_166' title='bbox 770 1675 828 1703; x_wconf 89' lang='lat' dir='ltr'>ne</span> <span class='ocrx_word' id='word_1_167' title='bbox 861 1665 1083 1715; x_wconf 83' lang='lat' dir='ltr'>coquatur</span> <span class='ocrx_word' id='word_1_168' title='bbox 1121 1657 1313 1713; x_wconf 88' lang='lat' dir='ltr'>amplius</span> <span class='ocrx_word' id='word_1_169' title='bbox 1342 1670 1422 1712; x_wconf 91' lang='lat' dir='ltr'>pro</span> <span class='ocrx_word' id='word_1_170' title='bbox 1452 1655 1634 1699; x_wconf 88' lang='lat' dir='ltr'>nostris:</span> <span class='ocrx_word' id='word_1_171' title='bbox 1665 1668 1769 1697; x_wconf 89' lang='lat' dir='ltr'>cum</span> <span class='ocrx_word' id='word_1_172' title='bbox 1804 1661 1955 1698; x_wconf 87' lang='lat' dir='ltr'>autern</span> 
     </span>
     <span class='ocr_line' id='line_1_27' title="bbox 322 1731 1956 1794; baseline -0.004 -14"><span class='ocrx_word' id='word_1_173' title='bbox 322 1752 514 1794; x_wconf 83' lang='lat' dir='ltr'>agemus</span> <span class='ocrx_word' id='word_1_174' title='bbox 537 1738 594 1780; x_wconf 89' lang='lat' dir='ltr'>de</span> <span class='ocrx_word' id='word_1_175' title='bbox 617 1736 884 1779; x_wconf 90' lang='lat' dir='ltr'>fundatione</span> <span class='ocrx_word' id='word_1_176' title='bbox 907 1734 1090 1792; x_wconf 85' lang='lat' dir='ltr'>collegii</span> <span class='ocrx_word' id='word_1_177' title='bbox 1115 1749 1219 1778; x_wconf 90' lang='lat' dir='ltr'>curn</span> <span class='ocrx_word' id='word_1_178' title='bbox 1242 1735 1394 1785; x_wconf 88' lang='lat' dir='ltr'>Rmo.,</span> <span class='ocrx_word' id='word_1_179' title='bbox 1421 1746 1612 1789; x_wconf 82' lang='lat' dir='ltr'>agemus</span> <span class='ocrx_word' id='word_1_180' title='bbox 1641 1731 1776 1774; x_wconf 87' lang='lat' dir='ltr'>simul</span> <span class='ocrx_word' id='word_1_181' title='bbox 1798 1732 1854 1775; x_wconf 89' lang='lat' dir='ltr'>de</span> <span class='ocrx_word' id='word_1_182' title='bbox 1878 1745 1956 1774; x_wconf 87' lang='lat' dir='ltr'>co—</span> 
     </span>
     <span class='ocr_line' id='line_1_28' title="bbox 318 1807 1957 1869; baseline -0.004 -11"><span class='ocrx_word' id='word_1_183' title='bbox 318 1816 467 1858; x_wconf 92' lang='lat' dir='ltr'>ctione</span> <span class='ocrx_word' id='word_1_184' title='bbox 490 1814 708 1858; x_wconf 82' lang='lat' dir='ltr'>ceruisiae</span> <span class='ocrx_word' id='word_1_185' title='bbox 727 1822 772 1856; x_wconf 91' lang='lat' dir='ltr'>et</span> <span class='ocrx_word' id='word_1_186' title='bbox 789 1814 906 1856; x_wconf 91' lang='lat' dir='ltr'>loco:</span> <span class='ocrx_word' id='word_1_187' title='bbox 930 1819 1084 1869; x_wconf 87' lang='lat' dir='ltr'>postea</span> <span class='ocrx_word' id='word_1_188' title='bbox 1101 1812 1220 1855; x_wconf 92' lang='lat' dir='ltr'>dicet</span> <span class='ocrx_word' id='word_1_189' title='bbox 1240 1813 1294 1856; x_wconf 83' lang='lat' dir='ltr'>R.</span> <span class='ocrx_word' id='word_1_190' title='bbox 1317 1812 1369 1854; x_wconf 90' lang='grc' dir='ltr'>Ρ.</span> <span class='ocrx_word' id='word_1_191' title='bbox 1391 1809 1566 1854; x_wconf 88' lang='lat' dir='ltr'>Natalis</span> <span class='ocrx_word' id='word_1_192' title='bbox 1589 1824 1645 1852; x_wconf 89' lang='lat' dir='ltr'>an</span> <span class='ocrx_word' id='word_1_193' title='bbox 1670 1809 1728 1852; x_wconf 92' lang='lat' dir='ltr'>sit</span> <span class='ocrx_word' id='word_1_194' title='bbox 1751 1807 1957 1853; x_wconf 88' lang='lat' dir='ltr'>facienda</span> 
     </span>
     <span class='ocr_line' id='line_1_29' title="bbox 322 1891 520 1935; baseline 0 0"><span class='ocrx_word' id='word_1_195' title='bbox 322 1901 367 1935; x_wconf 90' lang='lat' dir='ltr'>et</span> <span class='ocrx_word' id='word_1_196' title='bbox 390 1892 465 1935; x_wconf 84' lang='lat' dir='ltr'>vbi</span> <span class='ocrx_word' id='word_1_197' title='bbox 489 1891 520 1935; x_wconf 72' lang='lat'>¹³.</span> 
     </span>
    </p>
   </div>
   <div class='ocr_carea' id='block_1_15' title="bbox 411 1962 2028 2023">
    <p class='ocr_par' dir='ltr' id='par_1_17' title="bbox 411 1962 2028 2023">
     <span class='ocr_line' id='line_1_30' title="bbox 411 1962 2028 2023; baseline -0.004 -13"><span class='ocrx_word' id='word_1_198' title='bbox 411 1969 563 2011; x_wconf 87' lang='lat' dir='ltr'>Primo</span> <span class='ocrx_word' id='word_1_199' title='bbox 582 1982 765 2023; x_wconf 85' lang='lat' dir='ltr'>quoque</span> <span class='ocrx_word' id='word_1_200' title='bbox 784 1975 985 2023; x_wconf 89' lang='lat' dir='ltr'>tempore</span> <span class='ocrx_word' id='word_1_201' title='bbox 1001 1967 1134 2010; x_wconf 91' lang='lat' dir='ltr'>detur</span> <span class='ocrx_word' id='word_1_202' title='bbox 1152 1980 1304 2022; x_wconf 87' lang='lat' dir='ltr'>opera,</span> <span class='ocrx_word' id='word_1_203' title='bbox 1321 1973 1369 2007; x_wconf 91' lang='lat' dir='ltr'>vt</span> <span class='ocrx_word' id='word_1_204' title='bbox 1386 1964 1507 2007; x_wconf 91' lang='lat' dir='ltr'>domi</span> <span class='ocrx_word' id='word_1_205' title='bbox 1525 1971 1708 2020; x_wconf 91' lang='lat' dir='ltr'>paretur</span> <span class='ocrx_word' id='word_1_206' title='bbox 1725 1962 1955 2015; x_wconf 91' lang='lat' dir='ltr'>locus,vbi</span> <span class='ocrx_word' id='word_1_207' title='bbox 2018 1980 2028 2011; x_wconf 63' lang='grc' dir='ltr'>τ,</span> 
     </span>
    </p>
   </div>
   <div class='ocr_carea' id='block_1_16' title="bbox 321 2040 2022 2101">
    <p class='ocr_par' dir='ltr' id='par_1_18' title="bbox 321 2040 2022 2101">
     <span class='ocr_line' id='line_1_31' title="bbox 321 2040 2022 2101; baseline -0.004 -13"><span class='ocrx_word' id='word_1_208' title='bbox 321 2047 530 2089; x_wconf 87' lang='lat' dir='ltr'>lauentur</span> <span class='ocrx_word' id='word_1_209' title='bbox 549 2044 684 2101; x_wconf 88' lang='lat' dir='ltr'>panni</span> <span class='ocrx_word' id='word_1_210' title='bbox 701 2044 818 2087; x_wconf 89' lang='lat' dir='ltr'>intra</span> <span class='ocrx_word' id='word_1_211' title='bbox 836 2043 1096 2100; x_wconf 85' lang='lat' dir='ltr'>collegium:</span> <span class='ocrx_word' id='word_1_212' title='bbox 1118 2043 1290 2086; x_wconf 88' lang='lat' dir='ltr'>interea</span> <span class='ocrx_word' id='word_1_213' title='bbox 1308 2040 1567 2084; x_wconf 86' lang='lat' dir='ltr'>inueniatur</span> <span class='ocrx_word' id='word_1_214' title='bbox 1584 2040 1718 2093; x_wconf 88' lang='lat' dir='ltr'>ratio,</span> <span class='ocrx_word' id='word_1_215' title='bbox 1734 2047 1782 2082; x_wconf 90' lang='lat' dir='ltr'>vt</span> <span class='ocrx_word' id='word_1_216' title='bbox 1799 2040 1855 2083; x_wconf 89' lang='lat' dir='ltr'>ad</span> <span class='ocrx_word' id='word_1_217' title='bbox 1873 2053 1956 2082; x_wconf 91' lang='lat' dir='ltr'>nos</span> <span class='ocrx_word' id='word_1_218' title='bbox 2017 2042 2022 2047; x_wconf 83' lang='lat'>&#39;</span> 
     </span>
    </p>
   </div>
   <div class='ocr_carea' id='block_1_17' title="bbox 320 2119 1956 2715">
    <p class='ocr_par' dir='ltr' id='par_1_19' title="bbox 320 2119 1956 2487">
     <span class='ocr_line' id='line_1_32' title="bbox 322 2119 1954 2177; baseline -0.004 -12"><span class='ocrx_word' id='word_1_219' title='bbox 322 2137 411 2165; x_wconf 91' lang='lat' dir='ltr'>non</span> <span class='ocrx_word' id='word_1_220' title='bbox 435 2122 584 2165; x_wconf 77' lang='lat' dir='ltr'>veniat</span> <span class='ocrx_word' id='word_1_221' title='bbox 615 2122 746 2165; x_wconf 85' lang='lat' dir='ltr'>lotrix</span> <span class='ocrx_word' id='word_1_222' title='bbox 776 2136 861 2166; x_wconf 92' lang='lat' dir='ltr'>nec</span> <span class='ocrx_word' id='word_1_223' title='bbox 894 2122 950 2164; x_wconf 90' lang='lat' dir='ltr'>ad</span> <span class='ocrx_word' id='word_1_224' title='bbox 973 2120 1260 2177; x_wconf 86' lang='lat' dir='ltr'>accipiendos</span> <span class='ocrx_word' id='word_1_225' title='bbox 1283 2134 1366 2163; x_wconf 93' lang='lat' dir='ltr'>nec</span> <span class='ocrx_word' id='word_1_226' title='bbox 1389 2119 1446 2162; x_wconf 92' lang='lat' dir='ltr'>ad</span> <span class='ocrx_word' id='word_1_227' title='bbox 1483 2119 1739 2163; x_wconf 88' lang='lat' dir='ltr'>reddendos</span> <span class='ocrx_word' id='word_1_228' title='bbox 1762 2131 1954 2174; x_wconf 89' lang='lat' dir='ltr'>pannos,</span> 
     </span>
     <span class='ocr_line' id='line_1_33' title="bbox 320 2193 1956 2255; baseline -0.004 -13"><span class='ocrx_word' id='word_1_229' title='bbox 320 2200 399 2242; x_wconf 84' lang='lat' dir='ltr'>sed</span> <span class='ocrx_word' id='word_1_230' title='bbox 421 2199 612 2255; x_wconf 87' lang='lat' dir='ltr'>accipiat</span> <span class='ocrx_word' id='word_1_231' title='bbox 635 2207 680 2242; x_wconf 93' lang='lat' dir='ltr'>et</span> <span class='ocrx_word' id='word_1_232' title='bbox 711 2200 868 2243; x_wconf 87' lang='lat' dir='ltr'>reddat</span> <span class='ocrx_word' id='word_1_233' title='bbox 897 2199 967 2242; x_wconf 93' lang='lat' dir='ltr'>vel</span> <span class='ocrx_word' id='word_1_234' title='bbox 995 2213 1076 2255; x_wconf 90' lang='lat' dir='ltr'>per</span> <span class='ocrx_word' id='word_1_235' title='bbox 1106 2197 1316 2240; x_wconf 87' lang='lat' dir='ltr'>maritum</span> <span class='ocrx_word' id='word_1_236' title='bbox 1340 2197 1411 2241; x_wconf 86' lang='lat' dir='ltr'>vel</span> <span class='ocrx_word' id='word_1_237' title='bbox 1447 2196 1680 2248; x_wconf 87' lang='lat' dir='ltr'>famulum3</span> <span class='ocrx_word' id='word_1_238' title='bbox 1714 2202 1759 2239; x_wconf 91' lang='lat' dir='ltr'>et</span> <span class='ocrx_word' id='word_1_239' title='bbox 1788 2193 1863 2237; x_wconf 89' lang='lat' dir='ltr'>vbi</span> <span class='ocrx_word' id='word_1_240' title='bbox 1894 2193 1956 2236; x_wconf 91' lang='lat' dir='ltr'>illi</span> 
     </span>
     <span class='ocr_line' id='line_1_34' title="bbox 321 2272 1955 2338; baseline -0.004 -20"><span class='ocrx_word' id='word_1_241' title='bbox 321 2284 454 2318; x_wconf 90' lang='lat' dir='ltr'>erunt</span> <span class='ocrx_word' id='word_1_242' title='bbox 477 2276 702 2332; x_wconf 89' lang='lat' dir='ltr'>occupati,</span> <span class='ocrx_word' id='word_1_243' title='bbox 730 2276 966 2318; x_wconf 88' lang='lat' dir='ltr'>mittantur</span> <span class='ocrx_word' id='word_1_244' title='bbox 989 2283 1033 2319; x_wconf 91' lang='lat' dir='ltr'>et</span> <span class='ocrx_word' id='word_1_245' title='bbox 1058 2275 1306 2319; x_wconf 86' lang='lat' dir='ltr'>reddantur</span> <span class='ocrx_word' id='word_1_246' title='bbox 1329 2273 1466 2338; x_wconf 85' lang='lat' dir='ltr'>panni</span> <span class='ocrx_word' id='word_1_247' title='bbox 1489 2287 1568 2328; x_wconf 90' lang='lat' dir='ltr'>per</span> <span class='ocrx_word' id='word_1_248' title='bbox 1590 2272 1786 2327; x_wconf 88' lang='lat' dir='ltr'>aliquem</span> <span class='ocrx_word' id='word_1_249' title='bbox 1808 2278 1955 2314; x_wconf 86' lang='lat' dir='ltr'>exter-</span> 
     </span>
     <span class='ocr_line' id='line_1_35' title="bbox 324 2347 1956 2404; baseline -0.003 -9"><span class='ocrx_word' id='word_1_250' title='bbox 324 2368 447 2395; x_wconf 88' lang='lat' dir='ltr'>num.</span> <span class='ocrx_word' id='word_1_251' title='bbox 475 2353 522 2397; x_wconf 87' lang='lat' dir='ltr'>Si</span> <span class='ocrx_word' id='word_1_252' title='bbox 546 2353 666 2395; x_wconf 89' lang='lat' dir='ltr'>domi</span> <span class='ocrx_word' id='word_1_253' title='bbox 689 2354 818 2395; x_wconf 89' lang='lat' dir='ltr'>locus</span> <span class='ocrx_word' id='word_1_254' title='bbox 841 2368 931 2396; x_wconf 90' lang='lat' dir='ltr'>non</span> <span class='ocrx_word' id='word_1_255' title='bbox 953 2352 1162 2395; x_wconf 81' lang='lat' dir='ltr'>videatur</span> <span class='ocrx_word' id='word_1_256' title='bbox 1184 2351 1449 2394; x_wconf 90' lang='lat' dir='ltr'>commodus</span> <span class='ocrx_word' id='word_1_257' title='bbox 1471 2351 1528 2392; x_wconf 89' lang='lat' dir='ltr'>ad</span> <span class='ocrx_word' id='word_1_258' title='bbox 1546 2350 1810 2400; x_wconf 89' lang='lat' dir='ltr'>lauandum‚</span> <span class='ocrx_word' id='word_1_259' title='bbox 1830 2347 1956 2404; x_wconf 85' lang='lat' dir='ltr'>judi-</span> 
     </span>
     <span class='ocr_line' id='line_1_36' title="bbox 326 2428 1744 2487; baseline -0.003 -15"><span class='ocrx_word' id='word_1_260' title='bbox 326 2430 395 2473; x_wconf 92' lang='lat' dir='ltr'>cio</span> <span class='ocrx_word' id='word_1_261' title='bbox 419 2429 717 2487; x_wconf 86' lang='lat' dir='ltr'>prouintialis,</span> <span class='ocrx_word' id='word_1_262' title='bbox 744 2429 908 2485; x_wconf 84' lang='lat' dir='ltr'>poterit</span> <span class='ocrx_word' id='word_1_263' title='bbox 930 2429 1025 2473; x_wconf 87' lang='lat' dir='ltr'>fieri</span> <span class='ocrx_word' id='word_1_264' title='bbox 1050 2428 1095 2471; x_wconf 87' lang='lat' dir='ltr'>in</span> <span class='ocrx_word' id='word_1_265' title='bbox 1114 2428 1199 2471; x_wconf 89' lang='lat' dir='ltr'>alia</span> <span class='ocrx_word' id='word_1_266' title='bbox 1221 2428 1372 2479; x_wconf 88' lang='lat' dir='ltr'>domo,</span> <span class='ocrx_word' id='word_1_267' title='bbox 1399 2435 1548 2470; x_wconf 90' lang='lat' dir='ltr'>tamen</span> <span class='ocrx_word' id='word_1_268' title='bbox 1572 2433 1744 2469; x_wconf 88' lang='lat' dir='ltr'>nostra.</span> 
     </span>
    </p>

    <p class='ocr_par' dir='ltr' id='par_1_20' title="bbox 328 2503 1956 2640">
     <span class='ocr_line' id='line_1_37' title="bbox 415 2503 1956 2562; baseline -0.003 -12"><span class='ocrx_word' id='word_1_269' title='bbox 415 2507 617 2550; x_wconf 88' lang='lat' dir='ltr'>Litaniae</span> <span class='ocrx_word' id='word_1_270' title='bbox 640 2507 749 2549; x_wconf 81' lang='lat' dir='ltr'>fient</span> <span class='ocrx_word' id='word_1_271' title='bbox 779 2515 879 2562; x_wconf 83' lang='lat' dir='ltr'>post</span> <span class='ocrx_word' id='word_1_272' title='bbox 910 2506 1233 2550; x_wconf 83' lang='lat' dir='ltr'>recreationem</span> <span class='ocrx_word' id='word_1_273' title='bbox 1267 2505 1499 2561; x_wconf 90' lang='lat' dir='ltr'>paululum</span> <span class='ocrx_word' id='word_1_274' title='bbox 1530 2511 1634 2546; x_wconf 90' lang='lat' dir='ltr'>ante</span> <span class='ocrx_word' id='word_1_275' title='bbox 1657 2503 1811 2556; x_wconf 91' lang='lat' dir='ltr'>finem,</span> <span class='ocrx_word' id='word_1_276' title='bbox 1839 2516 1956 2557; x_wconf 90' lang='lat' dir='ltr'>quae</span> 
     </span>
     <span class='ocr_line' id='line_1_38' title="bbox 328 2585 729 2640; baseline -0.005 -14"><span class='ocrx_word' id='word_1_277' title='bbox 328 2585 376 2626; x_wconf 88' lang='lat' dir='ltr'>fit</span> <span class='ocrx_word' id='word_1_278' title='bbox 399 2591 501 2640; x_wconf 92' lang='lat' dir='ltr'>post</span> <span class='ocrx_word' id='word_1_279' title='bbox 524 2598 729 2627; x_wconf 87' lang='lat' dir='ltr'>coenam.</span> 
     </span>
    </p>

    <p class='ocr_par' dir='ltr' id='par_1_21' title="bbox 413 2656 1956 2715">
     <span class='ocr_line' id='line_1_39' title="bbox 413 2656 1956 2715; baseline -0.005 -10"><span class='ocrx_word' id='word_1_280' title='bbox 413 2662 631 2705; x_wconf 83' lang='lat' dir='ltr'>Seruetur</span> <span class='ocrx_word' id='word_1_281' title='bbox 661 2661 817 2715; x_wconf 78' lang='lat' dir='ltr'>regula</span> <span class='ocrx_word' id='word_1_282' title='bbox 856 2660 900 2702; x_wconf 95' lang='lat' dir='ltr'>in</span> <span class='ocrx_word' id='word_1_283' title='bbox 936 2660 1163 2704; x_wconf 87' lang='lat' dir='ltr'>Societate</span> <span class='ocrx_word' id='word_1_284' title='bbox 1195 2658 1471 2711; x_wconf 87' lang='lat' dir='ltr'>communis,</span> <span class='ocrx_word' id='word_1_285' title='bbox 1497 2665 1546 2699; x_wconf 92' lang='lat' dir='ltr'>vt</span> <span class='ocrx_word' id='word_1_286' title='bbox 1578 2656 1755 2700; x_wconf 90' lang='lat' dir='ltr'>indusia</span> <span class='ocrx_word' id='word_1_287' title='bbox 1778 2661 1956 2699; x_wconf 89' lang='lat' dir='ltr'>mutent</span> 
     </span>
    </p>
   </div>
   <div class='ocr_carea' id='block_1_18' title="bbox 388 2804 1991 2853">
    <p class='ocr_par' dir='ltr' id='par_1_22' title="bbox 388 2804 1991 2853">
     <span class='ocr_line' id='line_1_40' title="bbox 388 2804 1991 2853; baseline -0.003 -9"><span class='ocrx_word' id='word_1_288' title='bbox 388 2821 405 2836; x_wconf 61' lang='grc' dir='ltr'>ει</span> <span class='ocrx_word' id='word_1_289' title='bbox 423 2809 614 2844; x_wconf 81' lang='lat' dir='ltr'>seruisiae</span> <span class='ocrx_word' id='word_1_290' title='bbox 630 2820 700 2845; x_wconf 85' lang='lat' dir='ltr'>ms.</span> <span class='ocrx_word' id='word_1_291' title='bbox 719 2808 780 2843; x_wconf 89' lang='lat' dir='ltr'>hic</span> <span class='ocrx_word' id='word_1_292' title='bbox 796 2813 835 2842; x_wconf 89' lang='lat' dir='ltr'>et</span> <span class='ocrx_word' id='word_1_293' title='bbox 849 2808 961 2843; x_wconf 85' lang='lat' dir='ltr'>infra.</span> <span class='ocrx_word' id='word_1_294' title='bbox 1013 2828 1045 2833; x_wconf 96' lang='lat'><strong>—</strong></span> <span class='ocrx_word' id='word_1_295' title='bbox 1062 2809 1079 2835; x_wconf 85' lang='lat' dir='ltr'>b</span> <span class='ocrx_word' id='word_1_296' title='bbox 1099 2808 1143 2842; x_wconf 90' lang='lat' dir='ltr'>In</span> <span class='ocrx_word' id='word_1_297' title='bbox 1159 2807 1346 2853; x_wconf 80' lang='lat' dir='ltr'>margine:</span> <span class='ocrx_word' id='word_1_298' title='bbox 1366 2805 1464 2842; x_wconf 81' lang='lat' dir='ltr'>Cum</span> <span class='ocrx_word' id='word_1_299' title='bbox 1483 2806 1665 2841; x_wconf 83' lang='lat' dir='ltr'>rediisset</span> <span class='ocrx_word' id='word_1_300' title='bbox 1678 2804 1956 2840; x_wconf 77' lang='lat' dir='ltr'>Assclzembur-</span> <span class='ocrx_word' id='word_1_301' title='bbox 1990 2846 1991 2851; x_wconf 18' lang='lat'>¹</span> 
     </span>
    </p>
   </div>
   <div class='ocr_carea' id='block_1_19' title="bbox 325 2864 1957 2914">
    <p class='ocr_par' dir='ltr' id='par_1_23' title="bbox 325 2864 1957 2914">
     <span class='ocr_line' id='line_1_41' title="bbox 325 2864 1957 2914; baseline -0.003 -11"><span class='ocrx_word' id='word_1_302' title='bbox 325 2880 380 2914; x_wconf 82' lang='lat' dir='ltr'>go</span> <span class='ocrx_word' id='word_1_303' title='bbox 398 2869 444 2903; x_wconf 81' lang='lat' dir='ltr'>R.</span> <span class='ocrx_word' id='word_1_304' title='bbox 474 2869 522 2905; x_wconf 89' lang='lat' dir='ltr'>P.</span> <span class='ocrx_word' id='word_1_305' title='bbox 543 2868 717 2911; x_wconf 83' lang='lat' dir='ltr'>Natalis,</span> <span class='ocrx_word' id='word_1_306' title='bbox 752 2867 857 2902; x_wconf 84' lang='lat' dir='ltr'>dixit</span> <span class='ocrx_word' id='word_1_307' title='bbox 876 2868 1039 2902; x_wconf 85' lang='lat' dir='ltr'>omnino</span> <span class='ocrx_word' id='word_1_308' title='bbox 1059 2878 1137 2902; x_wconf 86' lang='lat' dir='ltr'>non</span> <span class='ocrx_word' id='word_1_309' title='bbox 1157 2878 1237 2902; x_wconf 87' lang='lat' dir='ltr'>esse</span> <span class='ocrx_word' id='word_1_310' title='bbox 1255 2867 1500 2912; x_wconf 82' lang='lat' dir='ltr'>coquendam</span> <span class='ocrx_word' id='word_1_311' title='bbox 1519 2864 1735 2900; x_wconf 84' lang='lat' dir='ltr'>seruisiam</span> <span class='ocrx_word' id='word_1_312' title='bbox 1750 2876 1776 2898; x_wconf 85' lang='lat' dir='ltr'>a</span> <span class='ocrx_word' id='word_1_313' title='bbox 1794 2864 1957 2899; x_wconf 77' lang='lat' dir='ltr'>nostris.</span> 
     </span>
    </p>
   </div>
   <div class='ocr_carea' id='block_1_20' title="bbox 337 2950 599 2955">
    <p class='ocr_par' dir='ltr' id='par_1_24' title="bbox 337 2950 599 2955">
     <span class='ocr_line' id='line_1_42' title="bbox 337 2950 599 2955; baseline 0 0"><span class='ocrx_word' id='word_1_314' title='bbox 337 2950 599 2955; x_wconf 95' lang='lat' dir='ltr'> </span> 
     </span>
    </p>
   </div>
   <div class='ocr_carea' id='block_1_21' title="bbox 327 2993 1955 3104">
    <p class='ocr_par' dir='ltr' id='par_1_25' title="bbox 327 2993 1955 3104">
     <span class='ocr_line' id='line_1_43' title="bbox 399 2993 1955 3045; baseline -0.003 -11"><span class='ocrx_word' id='word_1_315' title='bbox 399 2999 407 3019; x_wconf 85' lang='lat'><strong>¹</strong></span> <span class='ocrx_word' id='word_1_316' title='bbox 460 2998 629 3044; x_wconf 88' lang='lat' dir='ltr'>Indices,</span> <span class='ocrx_word' id='word_1_317' title='bbox 644 3010 714 3034; x_wconf 89' lang='lat' dir='ltr'>seu</span> <span class='ocrx_word' id='word_1_318' title='bbox 728 2998 954 3045; x_wconf 86' lang='lat' dir='ltr'>syngraphi‚</span> <span class='ocrx_word' id='word_1_319' title='bbox 972 3003 1083 3033; x_wconf 87' lang='lat' dir='ltr'>erant</span> <span class='ocrx_word' id='word_1_320' title='bbox 1097 2997 1322 3042; x_wconf 86' lang='lat' dir='ltr'>schedulae,</span> <span class='ocrx_word' id='word_1_321' title='bbox 1336 2997 1376 3032; x_wconf 93' lang='lat' dir='ltr'>in</span> <span class='ocrx_word' id='word_1_322' title='bbox 1389 2995 1530 3044; x_wconf 89' lang='lat' dir='ltr'>quibus</span> <span class='ocrx_word' id='word_1_323' title='bbox 1546 2996 1803 3031; x_wconf 86' lang='lat' dir='ltr'>monebantur</span> <span class='ocrx_word' id='word_1_324' title='bbox 1816 2993 1955 3030; x_wconf 90' lang='lat' dir='ltr'>novitii</span> 
     </span>
     <span class='ocr_line' id='line_1_44' title="bbox 327 3056 1494 3104; baseline -0.001 -13"><span class='ocrx_word' id='word_1_325' title='bbox 327 3056 533 3103; x_wconf 84' lang='lat' dir='ltr'>sociorum,</span> <span class='ocrx_word' id='word_1_326' title='bbox 553 3057 783 3104; x_wconf 86' lang='lat' dir='ltr'>quibuscum</span> <span class='ocrx_word' id='word_1_327' title='bbox 799 3056 836 3092; x_wconf 91' lang='lat' dir='ltr'>in</span> <span class='ocrx_word' id='word_1_328' title='bbox 857 3057 1099 3092; x_wconf 86' lang='lat' dir='ltr'>recreatione</span> <span class='ocrx_word' id='word_1_329' title='bbox 1118 3056 1286 3103; x_wconf 90' lang='lat' dir='ltr'>colloqui</span> <span class='ocrx_word' id='word_1_330' title='bbox 1302 3060 1494 3103; x_wconf 85' lang='lat' dir='ltr'>poterant.</span> 
     </span>
    </p>
   </div>
   <div class='ocr_carea' id='block_1_22' title="bbox 2008 2789 2028 3147">
    <p class='ocr_par' dir='ltr' id='par_1_26' title="bbox 2008 2789 2028 3147">
     <span class='ocr_line' id='line_1_45' title="bbox 2008 2789 2028 3147; textangle 90"><span class='ocrx_word' id='word_1_331' title='bbox 2013 3138 2025 3147; x_wconf 58' lang='grc' dir='ltr'>ἱ</span> <span class='ocrx_word' id='word_1_332' title='bbox 2011 3039 2028 3114; x_wconf 51' lang='grc' dir='ltr'>’τΑ-</span> <span class='ocrx_word' id='word_1_333' title='bbox 2008 2925 2028 3026; x_wconf 48' lang='grc' dir='ltr'>’ἐξ-ω’</span> <span class='ocrx_word' id='word_1_334' title='bbox 2016 2853 2028 2899; x_wconf 56' lang='grc' dir='ltr'>’,κ</span> <span class='ocrx_word' id='word_1_335' title='bbox 2008 2789 2028 2838; x_wconf 64' lang='grc' dir='ltr'>..η’</span> 
     </span>
    </p>
   </div>
  </div>
 </body>
</html>
