2028 3426
68 86 73 91 .
40 0 69 80 »ερὲς

686 198 960 234 MONUMENTA
987 196 1340 233 GERMANIAE—32
1712 207 1779 243 227

195 300 286 343 illis
308 299 604 352 haereticum,
632 300 751 355 quod
775 306 926 342 tamen
954 306 1022 341 est
1051 297 1246 351 difficile3
1275 313 1392 350 nam,
1419 297 1456 340 si
1485 298 1595 340 nihil
1619 298 1755 351 aliud,
1782 299 1827 341 in

198 377 493 433 grammatica
516 383 559 420 et
583 375 809 418 rhetorica
831 384 863 428 ³,
884 376 1041 418 saltem
1065 375 1268 430 exempla
1292 389 1475 417 suarum
1494 376 1732 418 haeresum
1756 376 1819 418 in-

194 455 394 497 culcant:
421 468 503 496 nec
526 459 764 508 propterea
786 453 1023 495 credamus
1052 452 1294 507 quicquam
1324 452 1455 494 nobis
1483 452 1687 507 deperire
1720 467 1825 496 eru—

192 529 393 582 ditionis,
426 529 647 584 siquidem
684 529 907 572 Dominus
945 529 1135 573 maiores
1174 528 1304 571 nobis
1342 529 1462 572 uires
1499 529 1820 584 suppeditabit:

196 613 292 648 tum
317 606 450 648 etiam
475 613 648 649 certum
673 605 921 648 habeamus
944 605 990 647 in
1013 605 1209 660 antiquis
1231 620 1330 649 esse
1353 605 1637 660 sapientiam,
1664 621 1719 649 ex
1737 606 1822 649 illis

194 682 240 724 in
262 685 382 739 Xpo.
407 683 537 725 nobis
565 697 665 726 esse
686 681 1001 726 hauriendam.
1028 682 1212 738 Alioqui
1241 682 1352 724 illud
1384 690 1560 724 certum
1585 689 1653 726 est
1682 683 1727 724 in
1751 683 1822 725 his

194 759 454 802 hominibus
477 759 626 816 (etiarn
648 759 694 800 in
717 758 858 800 literis
880 758 1223 801 humanioribus
1252 766 1296 802 et
1326 759 1581 810 rhetoricis,
1610 773 1722 814 quas
1749 775 1819 803 so-

192 837 258 879 las
287 837 614 892 amplexantur,
640 842 690 877 ut
719 850 799 890 per
828 849 940 889 quas
973 834 1151 877 facilius
1184 835 1402 891 imperitis
1434 835 1678 891 imponant)
1707 836 1820 878 nihil

190 928 291 957 esse
321 913 612 965 inuentionis,
643 927 803 968 parum
827 912 996 954 iudicii:
1030 913 1126 955 sola
1156 913 1229 955 illa
1251 913 1297 954 in
1326 913 1433 968 ipsis
1456 920 1526 955 est
1554 914 1814 969 garrulitas,

189 997 328 1045 atque
357 1005 597 1046 peruersus
625 999 761 1045 atque
794 988 958 1044 impius
982 1003 1091 1031 usus
1129 989 1174 1031 in
1205 990 1472 1032 miserorum
1510 990 1742 1032 hominum
1773 998 1817 1034 et

188 1067 461 1123 suiipsorum
480 1067 794 1122 perditionem.

277 1143 403 1187 Nihil
426 1158 579 1188 eorum
613 1143 818 1199 potentia
856 1144 1071 1186 secularis
1100 1144 1327 1196 timeatur,
1354 1144 1467 1187 nihil
1504 1144 1677 1197 literae,
1703 1144 1814 1187 nihil

187 1221 304 1273 libri,
329 1220 440 1263 nihil
463 1235 713 1264 consensus
735 1220 1012 1263 miserrimae
1034 1220 1322 1272 Germaniae,
1349 1220 1460 1262 nihil
1487 1222 1608 1275 quod
1638 1230 1813 1264 crescat

185 1298 400 1350 haeresis,
427 1298 506 1341 sed
531 1297 760 1354 aperiendi
783 1304 890 1339 sunt
913 1297 958 1339 i'n
983 1297 1167 1340 Christo
1191 1298 1310 1340 oculi
1348 1298 1512 1340 mentis
1542 1306 1740 1351 nostrae,
1767 1306 1812 1341 et

181 1375 580 1431 contemplandum
603 1375 727 1429 quod
748 1375 899 1430 plures
917 1374 1006 1417 sint
1024 1374 1260 1417 nobiscum
1280 1389 1414 1429 quam
1434 1388 1537 1416 cum
1561 1374 1686 1430 ipsis3
1707 1375 1812 1430 quia

183 1458 290 1494 sunt
312 1451 440 1507 ligati
462 1452 708 1496 daemones
730 1459 776 1494 et
797 1451 907 1493 uicti
932 1466 1036 1493 cum
1066 1451 1190 1507 ipsis,
1217 1451 1292 1507 qui
1316 1451 1427 1493 nihil
1455 1459 1646 1507 possunt
1675 1466 1812 1508 agere

181 1528 267 1571 nisi
285 1543 310 1571 a
332 1530 430 1572 Deo
453 1528 674 1584 permissi,
700 1528 814 1570 nihil
836 1528 967 1571 nobis
990 1542 1154 1572 nocere
1177 1528 1262 1571 nisi
1284 1530 1410 1571 Deus
1437 1528 1562 1580 uelit,
1590 1528 1701 1570 nihil
1729 1543 1811 1571 no-

180 1605 250 1648 bis
268 1607 443 1657 obesse,
466 1606 588 1660 quod
606 1607 661 1647 ad
678 1612 917 1660 peccatum
936 1605 1175 1661 pertineat,
1196 1605 1281 1648 nisi
1300 1620 1382 1648 nos
1406 1605 1617 1650 uelimus,
1643 1607 1810 1648 Eorum

180 1681 522 1725 haeresiarchae
551 1682 820 1737 impostores
857 1682 970 1724 nihil
1007 1683 1178 1724 habent
1206 1682 1389 1724 uirtutis
1427 1697 1451 1724 a
1486 1684 1583 1725 Deo
1614 1681 1807 1734 infusae,

178 1758 289 1800 nihil
311 1755 446 1814 su'pra
474 1773 759 1801 communem
790 1766 1014 1811 naturam3
1041 1766 1214 1801 tantum
1239 1759 1577 1813 persuasionem
1606 1756 1807 1801 barbari-

177 1850 294 1887 cam,
327 1842 632 1890 arrogantem,
664 1834 948 1879 diabolicam.
982 1834 1419 1890 Quidigitur?gplr1s
1447 1841 1582 1877 erunt
1617 1834 1805 1878 timendi

177 1911 296 1954 serui
319 1911 551 1953 daemonis
573 1926 707 1966 quam
731 1913 924 1955 daemon
947 1911 1063 1967 ipse?
1080 1913 1180 1968 Jam
1204 1910 1428 1967 principes
1450 1911 1678 1954 seculares
1696 1911 1804 1966 quid

175 1988 453 2035 timebimus?
491 1987 583 2043 Qui
620 1987 718 2031 sine
754 1990 852 2031 Deo
890 1995 1018 2040 sunt,
1059 1987 1156 2031 sine
1194 1988 1298 2040 fide,
1335 1987 1432 2031 sine
1469 1987 1645 2043 spiritu,
1687 2003 1802 2043 quos

175 2065 375 2108 deseruit
412 2065 554 2117 Deus,
580 2065 797 2108 deserunt
835 2064 1054 2109 ecclesiae
1090 2071 1387 2116 sacramenta,
1419 2072 1464 2107 et
1502 2064 1724 2107 sacrificia
1761 2071 1805 2108 et

175 2141 406 2197 suffragia:
433 2149 478 2185 et
501 2141 538 2184 si
561 2141 669 2196 quid
687 2141 772 2184 illis
790 2143 916 2184 Deus
938 2141 1155 2197 permittit
1177 2141 1220 2183 in
1246 2156 1345 2193 nos,
1372 2142 1426 2183 ad
1446 2148 1644 2184 nostram
1664 2141 1803 2183 casti-—

172 2217 404 2273 gationem
427 2218 473 2260 id
497 2218 618 2271 facit,
646 2225 696 2260 ut
723 2218 854 2271 filios,
882 2233 996 2273 quos
1025 2225 1160 2269 amat,
1194 2218 1404 2274 castiget3
1430 2218 1543 2260 nihil
1575 2217 1717 2274 igitur
1746 2219 1801 2260 ab

172 2294 259 2337 illis
288 2294 394 2338 mali
422 2295 552 2337 nobis
581 2301 731 2351 potest
760 2295 959 2339 euenire.
992 2296 1251 2351 Timeamus
1282 2309 1388 2337 uere
1416 2297 1581 2346 Deum,
1615 2301 1659 2338 et
1690 2294 1800 2336 nihil

172 2370 257 2414 erit
279 2371 471 2427 amplius
495 2372 616 2425 quod
639 2370 894 2415 timeamus.
991 2367 1003 2376 χ

257 2448 428 2490 Contra
452 2463 574 2499 uero,
600 2447 841 2490 nobiscum
869 2455 957 2490 stat
979 2449 1105 2492 Deus
1128 2447 1429 2503 omnipotens,
1454 2447 1663 2490 Christus
1686 2448 1797 2503 Jhe—

168 2538 264 2576 sus,
304 2523 436 2580 virgo
465 2524 551 2567 Dei
582 2524 780 2580 genitrix
818 2525 975 2576 Maria,
1002 2525 1152 2580 angeli
1182 2539 1355 2579 omnes,
1386 2539 1542 2567 omnes
1572 2523 1714 2566 sancti
1752 2530 1797 2566 et

168 2607 355 2643 sanctae
382 2600 590 2644 coelestis
618 2600 804 2656 patriae.
838 2600 1070 2644 Ecclesiae
1094 2615 1266 2656 preceS,
1293 2599 1528 2651 sacrificia,
1560 2598 1791 2654 suffragia,

168 2677 375 2728 virtutes,
409 2691 460 2719 ac
489 2678 626 2729 dona,
653 2691 768 2731 quae
797 2677 843 2719 in
873 2677 1003 2720 nobis
1033 2679 1133 2733 (hoc
1163 2684 1230 2720 est
1260 2677 1305 2718 in
1335 2675 1539 2731 ecclesia)
1565 2682 1671 2717 sunt
1700 2689 1793 2717 amm

167 2752 387 2808 plissima,
419 2753 464 2795 in
499 2753 586 2795 illis
618 2754 756 2795 nulla.
788 2753 1037 2797 Nobiscum
1067 2754 1186 2795 bona
1214 2767 1350 2808 opera
1383 2752 1427 2793 in
1469 2751 1672 2803 Christo,
1708 2765 1785 2792 no-

167 2827 341 2871 biscum
366 2829 532 2881 unitas,
558 2829 794 2872 nobiscum
818 2829 938 2872 orbis
961 2829 1251 2872 christianus.
1278 2829 1380 2870 Illos
1410 2827 1635 2870 sustinent
1658 2826 1792 2881 pauci

235 3003 252 3020 a
300 2994 497 3030 rethorica
516 3006 586 3030 ms.
608 2994 670 3029 hic
688 2999 728 3029 et
745 2994 852 3032 alias.
