2028 3426
529 261 880 294 ADHORTArzoxrs
906 261 979 294 ὁμο
1009 268 1265 294 EXCERPTA-
1278 259 1321 303 (¹7
1623 259 1692 302 667

113 361 256 403 ximos
280 359 483 411 iuuandi,
509 374 649 414 quum
672 359 771 402 illos
793 360 918 415 prius
941 359 1164 415 colloquio
1187 359 1397 416 priuatim
1417 359 1739 402 commouisset

113 439 168 480 ad
192 438 422 492 pietatem.
450 439 536 479 Per
558 436 772 479 exercitia
788 436 871 478 viri
890 436 1085 492 primarii
1103 437 1159 479 ad
1177 435 1448 479 Societatem
1467 436 1591 478 ducti
1610 443 1735 479 sunt.

200 516 356 568 Itaque
379 513 651 557 Societatem
675 514 895 556 hactenus
917 512 1123 556 videmus
1147 527 1225 568 per
1247 526 1324 554 eos
1346 518 1390 554 et
1413 511 1588 557 initium
1607 519 1652 555 et
1669 511 1736 554 in-

111 596 391 633 crementum
414 589 643 644 accepisse
667 596 711 632 et
734 602 832 631 esse
855 591 1169 643 gubernatam,
1194 603 1308 645 quos
1325 590 1380 630 ad
1398 602 1496 631 eam
1517 590 1640 630 Deus
1659 602 1739 643 per

111 666 324 710 exercitia
345 665 543 708 vocauit.
570 665 675 707 Fuit
698 665 1018 708 exercitiorum
1043 673 1298 708 nostrorum
1317 664 1621 720 amplissimus
1646 665 1738 706 fru—

111 751 211 786 ctus
243 743 288 784 in
321 742 521 784 omnium
553 741 762 784 ordinum
796 742 1069 784 hominibus.
1105 744 1250 799 Saepe
1279 755 1469 785 numero
1502 748 1607 783 sunt
1635 741 1738 784 data

110 819 338 870 exercitia,
364 833 459 861 non
481 819 626 860 solum
648 818 957 874 singularibus
980 818 1228 869 monachis,
1255 819 1336 863 sed
1357 818 1549 873 integris
1578 832 1739 877 mona-

111 895 272 938 steriis.
300 894 506 950 Contigit
530 894 682 946 etiam,
708 896 831 949 quod
854 910 942 950 ego
960 896 1106 937 habeo
1124 902 1423 950 compertum,
1444 903 1490 936 vt
1509 894 1732 945 monachi,

113 987 245 1027 quem
271 979 397 1015 erant
420 971 465 1013 in
488 970 758 1013 nouitiatum
783 971 1027 1026 accepturi,
1059 971 1391 1013 dissimulanter
1425 971 1654 1013 mitterent
1683 973 1739 1013 ad

112 1064 211 1101 nos,
231 1049 529 1092 erudiendum
551 1047 598 1089 in
620 1047 823 1090 oratione
847 1063 924 1103 per
947 1048 1173 1093 exercitia.

201 1126 320 1182 [Per]
349 1124 563 1167 exercitia
586 1125 642 1166 ad
665 1131 872 1166 nostrum
896 1124 1075 1178 quidem
1105 1124 1364 1168 institutum
1394 1124 1577 1166 fuerunt
1606 1123 1738 1179 pleri-

113 1217 200 1257 que
224 1201 445 1257 perducti,
479 1201 608 1243 multi
641 1200 773 1242 etiam
807 1202 863 1242 ad
895 1201 995 1242 alia.
1030 1202 1143 1243 Illud
1172 1208 1320 1243 tamen
1351 1202 1473 1243 soleo
1506 1215 1593 1256 ego
1623 1200 1741 1243 inter

113 1286 290 1322 caetera
313 1277 537 1329 admirari,
559 1278 682 1333 quod
702 1277 783 1318 viri
801 1277 1005 1320 doctrina
1025 1285 1319 1332 praestantes,
1341 1285 1386 1320 et
1405 1277 1585 1332 quidem
1609 1279 1731 1319 theo-

113 1355 208 1411 logi
231 1356 520 1407 excellentes,
546 1354 623 1409 qui
656 1361 805 1406 antea,
840 1355 909 1396 vel
945 1354 1158 1398 exercitia
1190 1362 1343 1397 nostra
1376 1362 1736 1406 contemnerent,

111 1433 183 1475 vel
204 1432 337 1474 etiam
362 1438 698 1487 oppugnarent,
725 1439 770 1475 et
793 1431 869 1486 qui
892 1431 1059 1486 alioqui
1083 1431 1197 1473 nihil
1219 1447 1274 1474 ex
1298 1431 1367 1481 iis,
1394 1445 1510 1486 quae
1533 1431 1577 1473 in
1609 1446 1737 1475 exer—

111 1508 228 1551 citiis
260 1509 514 1559 traduntur,
550 1508 829 1563 ignorarent,
866 1508 927 1550 ita
960 1508 1127 1550 fuerint
1160 1523 1242 1550 vsu
1276 1508 1592 1552 exercitiorum
1616 1523 1740 1551 com-

113 1585 237 1636 moti,
273 1585 334 1637 ita
366 1585 542 1636 mutati,
580 1592 626 1626 vt
660 1599 826 1639 magno
860 1585 996 1626 animi
1029 1600 1165 1629 sensu
1201 1586 1518 1640 profiterentur
1551 1599 1599 1627 se
1634 1593 1742 1628 tunc

112 1661 304 1716 primum
329 1676 428 1704 esse
452 1661 708 1716 theologos,
736 1669 844 1703 tunc
869 1661 1060 1716 primum
1086 1661 1340 1717 intelligere
1358 1662 1466 1716 quid
1483 1662 1567 1704 sibi
1585 1663 1742 1704 defue-

115 1738 169 1780 rit
192 1746 210 1762 ³
233 1745 333 1793 post
356 1746 446 1781 tarn
477 1738 617 1780 multa
646 1738 810 1788 studia,
843 1733 886 1780 et
917 1738 1174 1789 lectionem,
1207 1746 1252 1781 et
1279 1739 1433 1791 libros,
1465 1747 1509 1782 et
1539 1739 1735 1794 disputa>
1763 1751 1766 1754 ·

116 1815 275 1857 tiones.
303 1814 518 1857 Minimus
541 1813 760 1868 siquidem
785 1829 945 1856 sensus
969 1814 1169 1866 interior,
1197 1829 1330 1869 quem
1354 1817 1468 1859 solet
1493 1816 1537 1857 in
1566 1817 1739 1858 exerci-

115 1890 187 1933 tiis
210 1893 335 1933 Deus
361 1891 560 1945 benigne
584 1890 782 1945 elargiri,
808 1890 1014 1934 eximiam
1045 1891 1205 1934 animis
1235 1893 1364 1934 affert
1386 1893 1741 1934 consolationem

112 1976 248 2022 atque
271 1967 642 2010 satisfactionem.
670 1967 792 2009 Hinc
815 1968 866 2009 fit
884 1975 931 2009 vt
954 1968 1096 2010 maior
1120 1983 1189 2010 me
1213 1969 1449 2011 admiratio
1479 1970 1744 2024 plerumque

111 2044 315 2095 subierit,
346 2044 454 2099 quid
487 2044 542 2085 sit
577 2046 756 2086 tandem
787 2046 923 2099 quod,
951 2060 1089 2099 quum
1118 2046 1314 2087 sciamus
1347 2046 1561 2089 exercitia
1591 2054 1744 2088 nostra

110 2121 222 2162 nihil
245 2121 529 2162 reconditum
553 2122 738 2173 habere,
780 2121 894 2163 nihil
917 2123 1038 2176 quod
1061 2138 1116 2165 ex
1154 2122 1303 2166 medio
1332 2123 1571 2178 euangelio
1594 2130 1638 2166 et
1661 2124 1743 2164 do-

111 2197 253 2239 ctrina
276 2211 364 2239 non
388 2197 446 2239 sit
484 2205 742 2240 sanctorum
781 2198 1086 2253 desumptum,
1129 2199 1238 2253 quid
1259 2199 1378 2243 enim
1402 2199 1545 2254 prima
1568 2201 1742 2242 hebdoa

111 2274 240 2316 made
264 2273 498 2324 tradimus,
524 2273 609 2315 nisi
633 2287 918 2317 communem
943 2276 1182 2329 quamdam
1207 2277 1467 2319 methodum
1487 2277 1543 2318 ad
1561 2291 1743 2331 compa-

114 2350 297 2391 randam
317 2359 603 2404 peccatorum
623 2349 956 2402 contritionem3
983 2351 1090 2404 quid
1108 2353 1177 2394 25²
1195 2359 1239 2393 et
1259 2351 1328 2405 3?
1347 2359 1391 2395 et
1409 2351 1479 2404 4²²
1498 2367 1629 2406 quam
1650 2367 1743 2395 me-

112 2425 353 2467 ditatIOnes
391 2425 525 2477 vitae,
568 2425 722 2467 mortis
745 2433 790 2469 et
813 2427 1156 2470 resurrectionis
1186 2427 1280 2470 Xss?
1309 2430 1512 2482 Quartae
1535 2428 1743 2470 addimus

111 2501 166 2543 ad
189 2515 386 2544 amorem
410 2501 496 2544 Deiv
517 2502 888 2556 consequendum
907 2517 1040 2545 vnam
1064 2504 1404 2547 meditationem
1426 2530 1476 2534 —-
1497 2530 1553 2535 —
1571 2503 1588 2527 b
1612 2519 1740 2558 prae-

114 2585 234 2620 terea
271 2579 429 2620 modos
468 2578 642 2630 orandi,
670 2604 726 2608 —
759 2604 805 2609 —
829 2579 1146 2622 annotationes
1184 2580 1357 2634 aliquas
1395 2590 1439 2623 et
1461 2580 1741 2622 obseruatio-

114 2667 206 2695 nes.
237 2654 403 2696 Omnia
426 2653 563 2710 igitur
583 2654 830 2711 [exerciti]a
847 2670 985 2710 quum
1004 2655 1242 2698 videantur
1259 2656 1515 2698 communia
1533 2663 1577 2697 et
1596 2656 1743 2698 cuiuis

113 2730 326 2785 theologo
357 2730 527 2785 peruia,
559 2739 604 2774 et
627 2731 773 2773 cuiuis
805 2731 939 2773 etiam
975 2731 1020 2773 in
1048 2732 1120 2775 uia
1158 2732 1342 2787 spiritus
1380 2739 1558 2774 versato
1588 2732 1739 2783 obuia,

114 2805 221 2859 quid
244 2806 349 2848 facit
370 2813 420 2848 vt
444 2814 612 2849 tantam
638 2809 836 2851 habeant
874 2808 1121 2850 efficaciam
1145 2809 1189 2849 in
1230 2809 1404 2850 animos
1443 2809 1671 2850 hominum
1697 2816 1741 2851 et

114 2882 170 2922 ad
191 2881 405 2937 pietatem
429 2890 473 2925 et
497 2884 787 2926 deuotionem
811 2883 1139 2926 informandos?
1164 2884 1328 2926 Videas
1348 2884 1465 2926 enim
1484 2886 1576 2926 fere
1599 2885 1741 2927 homi-

183 2996 200 3012 a
250 2986 457 3030 defuerint
486 3000 556 3023 mS.
610 2991 674 3016 -b
702 2990 947 3035 Consumpta
977 2990 1128 3033 charta,
1159 2990 1305 3034 aliquot
1336 2990 1455 3023 verba
1486 2989 1546 3024 hic
1577 2995 1616 3024 et
1647 2990 1745 3025 infra

112 3043 274 3080 desunt.
