2028 3426
673 286 1100 323 INsrRucrioNsss-—ffl
1582 284 1648 330 391

23 396 26 398 ’
73 405 178 433 men
200 391 274 434 vel
295 389 339 431 in
366 390 527 441 forum,
553 396 630 431 aut
662 388 708 430 in
728 388 945 444 populum
969 402 1061 429 non
1083 401 1131 429 se
1157 387 1346 437 dabunt,
1372 393 1420 428 vt
1443 400 1520 428 eos
1552 387 1698 429 deter-

74 472 218 518 reant,
245 465 366 520 quod
391 473 539 507 tamen
563 464 727 506 alicubi
750 479 776 506 a
798 463 962 506 nostris
980 464 1150 505 factum
1171 461 1355 505 scimus.

162 543 334 585 Curent
355 540 673 597 prouinciales,
702 547 749 583 vt
772 548 973 583 rectores
995 545 1270 589 conseruent
1290 537 1440 580 literas
1462 544 1506 580 et
1530 538 1698 580 instru-

74 618 249 662 ctiones
271 633 444 671 omnes,
470 632 582 673 quas
605 624 878 672 acceperunt
897 632 923 659 a
945 615 1253 659 commissario
1275 622 1319 659 et
1350 613 1628 670 prouintiali,
1655 622 1699 658 et

22 707 28 753 J
73 712 98 740 a
121 695 322 752 generali
344 695 390 737 in
413 694 582 750 primis.
609 695 724 736 Nam
748 694 805 737 de
827 692 896 735 his
919 700 964 736 et
985 691 1236 735 commissis
1268 690 1366 735 aliis
1397 691 1594 747 negotiis
1626 706 1699 733 ra-

74 773 241 816 tionem
264 771 482 815 reddituri
504 777 610 814 sunt
632 770 678 812 in
701 769 972 812 visitatione.
1001 769 1124 814 Idem
1147 768 1231 824 ipsi
1250 768 1431 820 faciant,
1458 782 1561 809 nam
1594 775 1700 810 sunt

73 849 207 892 etiam
229 849 313 905 ipsi
336 848 555 891 rationem
579 846 797 891 reddituri
820 846 1128 889 commissario
1150 845 1258 888 item
1279 845 1326 888 in
1347 844 1622 887 visitatione.

160 928 359 969 Vtantur
376 925 610 968 commode
627 923 674 966 in
696 923 977 967 examinibus
996 932 1040 967 et
1058 922 1312 966 visitatione
1328 921 1630 977 prouinciales
1647 935 1701 963 ea

70 1002 385 1054 instructione,
418 1016 533 1057 quae
565 1002 670 1044 data
701 1008 769 1043 est
792 1015 873 1056 pro
906 999 1227 1051 commissario,
1263 998 1349 1041 nisi
1371 998 1502 1041 aliam
1525 996 1701 1041 dederit

70 1079 297 1136 generalis
324 1077 624 1134 praepositus,
655 1084 699 1120 et
727 1084 878 1119 tamen
907 1092 998 1119 non
1026 1075 1170 1119 oberit
1205 1075 1327 1118 illam
1364 1074 1499 1118 etiam
1529 1075 1700 1116 habere

72 1171 153 1213 pro
175 1144 473 1199 instructione
495 1154 650 1196 libera.

161 1234 252 1275 Iam
276 1231 386 1274 alias
409 1231 579 1274 dictum
601 1238 686 1282 est,
712 1245 785 1282 ne,
812 1229 887 1272 vbi
905 1229 1184 1284 recipiuntur
1206 1229 1378 1282 literae,
1405 1242 1521 1283 quae
1538 1228 1595 1270 ad
1617 1227 1700 1270 ali-

18 1297 19 1300 *
71 1324 206 1365 quem
228 1308 484 1352 inferiorem
524 1306 779 1358 mittuntur,
820 1321 896 1349 eas
934 1305 1137 1361 superior
1174 1305 1359 1361 aperiat,
1399 1305 1436 1347 si
1458 1304 1570 1347 sciat
1600 1319 1700 1348 esse

72 1386 231 1429 missas
253 1387 309 1427 ab
332 1385 436 1438 alio,
462 1384 539 1439 qui
561 1383 794 1438 vtriusque
817 1383 874 1425 sit
897 1382 1115 1438 superior.
1142 1383 1279 1437 Quod
1307 1382 1344 1424 si
1369 1389 1593 1433 vereatur,
1623 1380 1699 1436 qui

71 1462 242 1514 scribit,
269 1476 325 1505 ne
348 1468 622 1517 agnoscatur
639 1460 769 1503 cuius
787 1459 876 1501 sint
892 1459 1063 1512 literae,
1084 1473 1238 1502 earum
1261 1458 1541 1513 inscriptioni
1558 1472 1696 1513 appo-

71 1553 178 1582 nere
200 1546 328 1582 curet
357 1538 418 1583 64
440 1552 604 1580 nomen
628 1536 762 1579 officii
789 1535 876 1590 sui,
902 1536 974 1579 vel
1003 1535 1201 1591 signum,
1228 1536 1348 1590 quod
1371 1534 1488 1577 inter
1509 1549 1589 1577 eos
1613 1548 1695 1576 no-

71 1623 167 1659 tum
190 1616 263 1671 sit,
289 1630 346 1658 ne
369 1622 538 1658 temere
565 1613 841 1670 aperiantur,
877 1613 957 1656 sed
980 1620 1027 1654 vt
1057 1612 1323 1668 obsignatae
1352 1612 1517 1655 dentur
1546 1611 1616 1663 iis,
1643 1612 1699 1653 ad

73 1706 186 1747 quos
209 1691 600 1734 mittuntur.Haec
629 1704 732 1732 cum
760 1689 822 1731 ita
851 1688 957 1740 sint,
989 1688 1168 1730 videtur
1197 1688 1330 1730 simul
1353 1689 1621 1739 curandum,
1648 1695 1697 1730 vt

71 1768 181 1811 nihil
204 1768 427 1811 scribatur
450 1766 582 1810 alicui
604 1765 879 1822 particulari,
906 1766 1025 1820 quod
1051 1779 1139 1807 non
1166 1765 1279 1807 sciat
1301 1764 1504 1820 superior
1533 1765 1694 1808 imme-

70 1845 218 1888 diatus
241 1845 375 1896 illius,
402 1848 465 1896 vt,
491 1851 711 1899 quantum
735 1842 830 1885 fieri
859 1842 1039 1898 poterit,
1073 1841 1238 1895 omnia,
1270 1855 1386 1896 quae
1414 1841 1694 1893 scribuntur,

68 1922 203 1966 etiam
226 1922 282 1964 ad
304 1921 612 1976 particulares,
633 1919 722 1962 sint
744 1918 913 1961 directa
935 1927 980 1960 et
1002 1911 1257 1974 gubernata
1279 1919 1335 1961 ab
1357 1918 1515 1961 iisdem
1534 1917 1694 1976 imme·

71 1998 202 2041 diatis
224 1997 546 2054 superioribus3
579 2004 624 2040 et
646 1997 731 2038 hoc
760 1995 872 2037 tanti
902 1996 1055 2047 refert,
1087 1994 1243 2049 quanti
1272 1996 1439 2037 referre
1469 1995 1581 2036 solet
1605 2008 1696 2036 non

70 2076 221 2118 facere
243 2074 569 2129 exemptiones,
595 2079 673 2115 aut
695 2071 941 2115 diuisiones
963 2071 1008 2114 in
1032 2070 1237 2124 collegiis
1256 2079 1301 2114 et
1318 2085 1409 2113 non
1427 2070 1697 2128 contristare

11 2179 13 2181 ·
70 2151 339 2207 superiores.
366 2149 586 2193 Iudicabit
609 2157 776 2200 tamen,
802 2148 879 2203 qui
900 2148 1072 2199 scribit,
1098 2148 1135 2190 si
1159 2149 1338 2202 quando
1367 2149 1453 2190 hoc
1484 2147 1582 2189 fieri
1605 2161 1696 2189 non

11 2246 19 2259 “
50 2228 252 2284 poterit,
279 2228 351 2270 vel
372 2227 480 2269 vtile
502 2241 592 2268 non
617 2225 717 2269 erit.

160 2303 473 2355 Prouincialis,
498 2304 571 2345 vel
593 2302 743 2357 quiuis
771 2302 885 2345 alius
913 2301 1133 2357 superior,
1165 2301 1203 2343 si
1232 2300 1426 2356 aliquam
1455 2300 1618 2344 viderit
1641 2315 1696 2343 ex

72 2381 243 2437 regulis
266 2379 433 2424 nostris
460 2379 748 2435 negligenter
776 2379 848 2422 vel
871 2378 1093 2420 dificulter
1122 2377 1308 2429 seruari,
1340 2377 1466 2419 dabit
1495 2392 1693 2432 operam,

70 2466 118 2501 vt
141 2472 194 2501 eo
216 2457 479 2512 diligentius
502 2458 784 2507 obseruetur,
806 2455 956 2510 quoad
977 2440 1074 2497 eius
1097 2454 1193 2496 fieri
1211 2453 1389 2509 poterit.
1413 2454 1549 2509 Quod
1571 2453 1608 2495 si
1626 2453 1696 2494 ui-

71 2536 254 2578 deretur
283 2549 398 2585 esse,
429 2534 549 2577 vnde
578 2532 810 2576 obseruari
845 2547 938 2574 non
967 2538 1119 2587 posset
1147 2531 1397 2582 commode,
1431 2538 1611 2573 moneat
1640 2529 1695 2572 65

15 2669 20 2671 A
70 2626 125 2654 ea
147 2612 202 2654 de
224 2625 272 2653 re
295 2612 476 2653 Patrem
499 2616 703 2652 nostrum
726 2609 1001 2664 generalem,
1027 2615 1075 2649 vt
1098 2606 1352 2662 prouideat.

97 2716 101 2720 -
160 2686 475 2731 Necessarium
499 2685 542 2729 in
567 2685 719 2741 primis
743 2692 826 2737 est,
853 2692 901 2726 vt
923 2686 1054 2727 detur
1077 2683 1224 2738 aliqua
1247 2683 1374 2738 quies
1393 2690 1437 2726 et
1460 2682 1692 2733 auxilium,

17 2847 20 2850 ’
72 2847 176 2881 sima
205 2846 393 2886 collectio,
425 2851 453 2882 t.
486 2845 555 2889 IV,
587 2855 674 2890 pars
704 2843 779 2887 21⁹⁶,
811 2854 903 2890 pag.
940 2852 1024 2887 402,
1056 2842 1123 2877 ubi
1154 2847 1245 2876 sunt
1276 2841 1430 2875 litterae
1461 2840 1697 2886 apostolicae

71 2904 131 2940 Pii
148 2905 224 2942 ΡΡ.
245 2906 292 2950 V,
313 2905 373 2939 De
391 2905 518 2939 salute
532 2904 688 2950 gregi8‚
710 2911 724 2937 1
742 2902 978 2937 Novembris
1000 2901 1089 2946 1567
1108 2906 1242 2936 contra
1261 2905 1457 2933 taurorum
1481 2898 1695 2943 exagitato-

70 2975 132 2998 res
151 2963 282 2998 datae.
305 2963 503 2999 Censurae
523 2968 652 2997 tamen
667 2968 706 2996 et
724 2972 872 3007 poenae
889 2960 977 2995 illae
992 2972 1040 2994 ex
1059 2965 1167 3005 parte
1187 2958 1362 2993 sublatae
1382 2956 1539 2991 fuerunt
1557 2968 1578 2990 a
1597 2957 1692 2992 Gre-

67 3022 177 3067 gorio
194 3022 295 3065 XIII,
327 3021 467 3057 litteris
486 3026 610 3067 apost.
643 3019 822 3065 Exponis
854 3020 976 3062 nobis,
995 3018 1057 3053 die
1089 3026 1132 3061 25
1162 3015 1331 3060 Augusti
1365 3023 1453 3059 1575
1483 3015 1691 3061 expeditis.

70 3080 192 3127 Ibid.,
215 3087 243 3116 t.
265 3081 334 3126 IV,
352 3092 440 3127 pars
464 3079 531 3123 3.³,
550 3090 638 3125 pag.
659 3078 742 3113 308.
1332 3067 1336 3070 Δ
