2028 3426
1665 391 1744 425 Pag-

265 461 323 495 De
341 458 581 495 scholasticis
606 457 845 504 approbatis.
859 459 962 492 -De
982 457 1096 492 modo
1124 456 1311 492 reddendi
1338 457 1524 492 rationem
1545 467 1634 491 con·

335 518 522 554 scientiae
528 542 1624 555 ...............................................
1683 514 1750 560 568

264 580 323 614 De
342 578 513 613 oratione
523 601 1625 612 ...............................................
1682 574 1750 619 569

267 636 446 672 Materies
464 635 662 682 petitionis
686 635 725 669 in
744 634 918 670 oratione
930 660 1626 669 ..............................
1683 641 1750 678 575

266 697 506 742 Argumenta
530 694 667 731 solitae
695 693 956 729 meditationis
982 699 1165 739 poterunt
1191 705 1277 728 esse
1308 694 1417 738 haec,
1446 705 1543 739 quae
1576 705 1632 728 se-

331 760 500 803 quuntur
514 779 1029 791 .......................
1048 783 1051 785 .
1071 779 1625 788 .......................
1682 752 1750 797 576

264 817 323 851 De
342 821 428 851 octo
446 813 752 850 beatitudinibus
772 812 924 858 proprie
942 812 989 846 ad
1009 817 1183 847 nostrum
1205 812 1423 847 institutum
1434 839 1625 847 .........
1683 812 1750 855 580

263 876 322 910 De
341 874 513 910 oratione
532 872 724 908 dominica
742 871 990 918 peculiariter
1008 883 1076 917 pro
1095 871 1209 906 nobis
1216 897 1622 906 ..................
1683 870 1747 915 582

264 933 325 969 Ad
342 933 510 969 fructum
528 932 694 979 aliquem
720 930 878 977 spiritus
899 929 1166 976 accipiendum
1186 935 1395 976 sequentes
1415 930 1631 965 meditatio-

334 1003 403 1028 nes
419 997 579 1039 possunt
600 990 774 1026 exerceri
786 1016 1625 1026 ....................................
1682 990 1749 1034 584

263 1052 375 1087 Ratio
398 1050 724 1099 quemadmodum
746 1049 900 1084 recitari
925 1049 1047 1095 possit
1077 1049 1264 1084 rosarium
1290 1049 1392 1084 vitae
1413 1049 1572 1094 Christi,
1599 1050 1630 1084 si

333 1111 417 1158 quis
437 1122 485 1146 ex
503 1110 712 1145 devotione
732 1114 956 1144 moveretur
974 1108 1021 1143 ad
1036 1107 1130 1143 illud
1150 1108 1390 1143 recitandum
1402 1134 1623 1144 ..........
1680 1109 1748 1153 586

264 1172 451 1206 Poterunt
469 1176 508 1205 et
525 1181 624 1216 quae
643 1173 857 1215 sequuntur
875 1168 1060 1215 applicari
1078 1167 1123 1202 ad
1144 1168 1330 1203 rosarium
1351 1168 1452 1203 vitae
1470 1167 1627 1205 Christi.
1681 1177 1749 1213 592

263 1231 322 1265 De
341 1230 459 1265 tonis.
473 1230 577 1264 -De
595 1227 890 1275 probationibus
901 1253 1624 1263 ...............................
1681 1237 1749 1272 594

262 1291 321 1325 De
339 1288 594 1335 hospitalibus
611 1313 1624 1324 ...........................................
1681 1295 1747 1331 595

263 1350 322 1384 De
341 1347 538 1383 exercitiis
563 1346 827 1393 spiritualibus
840 1371 1626 1382 ..................................
1683 1346 1750 1390 596

262 1409 321 1443 De
346 1406 625 1442 tentationibus
642 1430 1623 1441 ..........................................
1682 1404 1748 1449 598

263 1468 322 1502 De
341 1466 602 1512 eleemosynis
620 1490 1625 1501 ...........................................
1681 1463 1749 1498 600

263 1527 322 1561 De
341 1525 473 1560 litibus
492 1525 554 1559 vel
573 1525 690 1559 rebus
710 1523 929 1559 forensibus
948 1549 1622 1559 .............................
1678 1523 1744 1557 601

262 1586 321 1620 De
340 1583 634 1630 negotiis.—-De
653 1582 854 1618 beneficiis
874 1582 1151 1618 ecclesiasticis
1162 1607 1622 1618 ....................
1677 1582 1747 1616 602

263 1646 321 1680 De
340 1644 506 1679 lectione
526 1648 565 1678 et
583 1642 668 1678 aliis
686 1642 787 1678 circa
807 1654 979 1677 mensam
999 1668 1622 1678 ...........................
1679 1640 1749 1675 603

262 1703 368 1740 Ordo
385 1703 572 1738 culinae.—
602 1703 662 1737 De
681 1701 886 1736 refectorio
904 1726 1622 1737 ...............................
1679 1701 1749 1743 604

264 1764 324 1798 De
343 1762 444 1797 votis
451 1785 1618 1798 ..................................................
1674 1752 1745 1801 609

262 1823 321 1857 De
339 1821 676 1857 concionatoribus
689 1846 882 1856 .........
901 1851 904 1854 .
922 1847 1215 1856 .............
1220 1850 1223 1853 .
1231 1845 1617 1855 .................
1674 1819 1744 1852 612

264 1883 323 1916 De
342 1880 657 1917 subordinatione
676 1880 917 1926 superiorum
937 1903 1625 1915 ..............................
1679 1876 1749 1911 613

263 1942 322 1975 De
341 1939 598 1986 appellatione
618 1938 718 1975 inter
736 1950 838 1975 nos..
856 1965 863 1973 .
879 1967 886 1975 .
904 1967 910 1974 .
927 1968 933 1974 .
951 1966 980 1974 ..
999 1965 1007 1974 .
1021 1967 1029 1974 .
1046 1966 1053 1973 .
1069 1965 1078 1973 .
1093 1965 1100 1973 .
1116 1964 1124 1973 .
1141 1965 1149 1973 .
1164 1956 1173 1973 ⁴.
1188 1963 1598 1973 ..................
1677 1936 1746 1979 614

144 2058 206 2092 62.
264 2058 337 2092 Del
357 2056 469 2092 modo
487 2056 535 2091 de
555 2056 740 2103 proceder
758 2057 806 2091 de
825 2057 860 2092 la
878 2056 1092 2103 Compafiia
1117 2081 1621 2091 ......................
1677 2054 1746 2097 614

143 2116 204 2152 63.
262 2116 387 2151 Patris
406 2115 553 2151 Natalis
572 2120 757 2151 tractatus
775 2116 823 2150 de
843 2115 1115 2150 traditionibus
1135 2121 1173 2150 et
1194 2115 1543 2150 consuetudinibus
1563 2114 1627 2148 So-

332 2174 610 2210 cietatis—De
629 2174 901 2210 traditionibus
920 2174 1127 2209 Societatis
1139 2199 1622 2209 .....................
1677 2173 1746 2216 619

264 2235 322 2269 De
340 2233 687 2269 consuetudinibus
706 2234 914 2269 Societatis
934 2234 1220 2269 universalibus
1233 2258 1620 2268 .................
1676 2232 1740 2265 621

143 2294 205 2338 64.
262 2293 544 2328 Annotationes
562 2303 785 2328 communes
804 2294 991 2328 collectae
1012 2304 1060 2327 ex
1080 2304 1150 2328 usu
1171 2292 1437 2327 visitationum
1452 2317 1621 2326 ........
1677 2290 1744 2334 625

261 2352 477 2389 Dicendum
495 2352 533 2387 in
552 2352 727 2398 collegiis
747 2357 899 2398 praeter
918 2359 1072 2388 caetera
1088 2376 1618 2386 .......................
1674 2350 1745 2394 629

143 2413 205 2456 65.
263 2412 417 2447 Patrum
437 2411 538 2446 dicta
556 2411 713 2458 aliquot.
736 2434 752 2437 -
766 2412 881 2447 Pater
899 2417 1029 2446 noster
1048 2410 1208 2445 Lainius
1232 2435 1573 2446 ...............
1612 2436 1620 2443 .
1675 2407 1743 2452 635

262 2471 375 2506 Pater
393 2471 517 2505 Faber
535 2471 768 2515 Maguntiae,
790 2482 877 2506 curn
897 2470 1199 2515 interrogaretur
1220 2468 1267 2503 de
1283 2468 1537 2503 instructione
1559 2479 1626 2514 pro

331 2530 483 2565 itinere.
507 2537 595 2573 1542
615 2530 676 2564 vel
698 2528 786 2574 1543
800 2553 1617 2565 ...................................
1673 2526 1741 2561 636

259 2589 372 2623 Pater
391 2588 552 2623 Lainius
561 2612 1615 2624 .............................................
1671 2585 1741 2630 639

261 2648 375 2682 Pater
394 2647 581 2682 Araozius
587 2672 1066 2683 .....................
1084 2676 1088 2679 .
1105 2671 1613 2680 ......................
1669 2646 1739 2689 640

258 2707 372 2742 Pater
390 2711 520 2741 noster
539 2706 714 2751 Ignatius
727 2731 1613 2742 .....................................
1670 2703 1741 2747 643

260 2766 373 2800 Pater
392 2766 516 2800 Faber
523 2790 1615 2801 .............................................
1670 2765 1738 2808 647

141 2825 204 2859 66.
261 2824 385 2859 Patris
404 2824 552 2859 Natalis
575 2823 612 2858 in
633 2825 804 2859 Examen
829 2825 1099 2859 annotationes
1110 2850 1566 2859 ...................
1607 2850 1615 2857 .
1670 2823 1739 2867 649
1758 2844 1760 2847 s

141 2882 202 2926 67.
260 2883 450 2928 Excerpta
477 2894 525 2916 ex
548 2882 695 2917 Natalis
721 2883 985 2918 adhortatione
1014 2884 1250 2920 sexta-De
1277 2881 1490 2917 ministerio
1509 2882 1619 2916 verbi

330 2941 402 2975 Dei
419 2969 425 2976 .
449 2966 1612 2977 ..................................................
1669 2938 1738 2983 653

142 2999 203 3035 68.

545 292 675 327 INDEX
702 299 937 327 GENERALIS
966 300 1122 334 QUARTI
1149 298 1372 326 VOLUMINIS
1660 289 1724 334 931

259 2998 392 3037 Orden
415 2999 462 3035 de
487 2999 655 3035 oracion.
680 3000 920 3035 Instruccion
944 3012 1018 3046 que
1042 3000 1106 3035 dio
1131 3001 1164 3035 el
1189 3001 1231 3038 P.
1258 3000 1380 3035 Nadal
1400 3001 1434 3035 la
1453 3000 1618 3046 primera

329 3070 402 3093 vez
418 3070 492 3105 que
511 3058 627 3094 visito
645 3061 666 3093 a
683 3059 835 3105 Espafia
844 3085 1606 3096 .................................
1664 3059 1734 3104 670
