2028 3426
301 212 370 247 636
775 210 929 245 PATms
957 209 1201 243 HlERONYffl
1228 207 1261 242 N
1265 215 1376 242 ΑΒΜ,

346 315 538 358 Multum
558 313 796 369 proficeret
818 313 951 353 homo
975 309 1019 352 in
1044 309 1116 352 via
1134 308 1354 364 spirituali
1379 306 1682 363 meojudicio,
1703 306 1741 350 si
1760 306 1892 362 plan-

252 398 369 435 taret
391 389 439 433 in'
460 391 596 434 corde
619 404 702 432 suo
725 391 810 431 hoc
834 386 1121 430 desiderium:
1148 386 1264 430 velle
1294 385 1340 428 in
1369 384 1491 428 omni
1515 385 1632 436 loco,
1661 391 1886 440 tempore,

254 469 451 520 actione,
474 466 767 523 cogitatione,
790 464 1035 516 locutione,
1055 463 1101 505 in
1120 462 1329 505 omnibus
1346 461 1558 517 denique,
1581 461 1774 504 maxime
1793 461 1886 516 pla-

254 559 356 587 cere
380 546 494 596 Deo,
522 552 566 587 et
589 543 644 585 ad
662 544 747 584 hoc
771 539 1016 596 applicaret
1038 538 1238 582 studium
1262 552 1412 581 suum.

344 623 499 664 Bonus
521 619 732 662 subditus
760 633 850 660 non
879 617 1014 660 debet
1043 615 1332 659 considerare
1360 613 1726 670 imperfectiones
1749 627 1889 670 supe-

257 698 402 750 rioris,
428 699 507 741 sed
529 698 672 739 solum
698 695 906 746 uirtutes,
932 700 976 737 et
999 694 1042 736 in
1067 693 1142 735 illo
1165 694 1309 735 solum
1333 691 1620 735 considerare
1642 693 1807 734 Deum.

345 775 536 831 Signum
560 773 664 815 boni
692 771 837 815 Patris
855 770 1114 826 spiritualis,
1135 777 1179 812 et
1198 769 1311 821 eius,
1333 768 1426 824 qui,
1448 770 1572 811 velut
1590 769 1703 812 alter
1721 770 1889 819 Moses,

256 854 353 895 vult
372 867 420 896 se
438 867 491 894 ex
513 852 727 905 Aegypto
745 861 995 901 remouere,
1016 855 1061 891 et
1078 862 1157 903 per
1174 848 1404 890 desertum
1420 847 1588 890 ducere
1606 852 1649 889 te
1665 845 1710 887 in
1727 853 1890 889 terram

256 928 564 986 promissionis
587 934 670 979 est,
697 926 732 969 si
756 932 901 978 curat,
927 933 972 969 et
995 927 1080 967 hoc
1103 939 1129 966 a
1152 931 1196 968 te
1219 924 1409 979 quaerit,
1435 931 1479 966 et
1503 923 1548 966 in
1572 925 1658 966 hoc
1690 931 1732 965 te
1760 922 1865 965 adiu
1883 947 1892 952 -

257 1015 350 1058 uat,
386 1014 433 1048 ut
465 1006 622 1061 perdas
651 1005 863 1047 affectum
893 1003 1183 1058 temporalem
1207 1008 1251 1045 et
1274 1001 1516 1052 carnalem,
1543 1000 1679 1044 etiam
1704 1007 1893 1042 natura-

256 1085 359 1134 lem,
381 1092 425 1126 et
445 1082 547 1126 facit
567 1080 790 1137 propriam
811 1081 1089 1123 voluntatem
1109 1079 1306 1131 vincere,
1327 1085 1372 1121 et
1392 1085 1435 1122 te
1455 1078 1635 1122 tandem
1653 1076 1768 1120 vniri
1788 1090 1891 1120 cum

256 1169 334 1203 tuo
358 1174 539 1216 sponso,
567 1158 643 1213 qui
667 1165 784 1201 terra
806 1156 1117 1214 promissionis
1139 1163 1223 1208 est,
1249 1157 1396 1199 fluens
1418 1155 1550 1199 melle
1572 1162 1617 1198 et
1635 1155 1768 1198 lacte.

1797 1231 1809 1249 Ι

258 1296 296 1323 P.
328 1294 479 1323 FABER
503 1288 519 1303 ³
543 1291 826 1321 MAGUNTIAE
849 1291 947 1321 CUM
972 1289 1414 1320 INTERROGARETUR
1438 1289 1500 1318 DE
1531 1287 1892 1319 INSTRUCTIONE

902 1367 992 1398 PRO
1016 1368 1215 1397 ITINERE
1243 1355 1250 1374 ¹

345 1469 498 1524 Aliqui
522 1470 680 1512 volunt
704 1467 882 1512 liberari
905 1482 931 1510 a
953 1467 1087 1520 malo,
1114 1474 1163 1509 ut
1187 1481 1211 1509 a
1233 1473 1513 1523 paupertate,
1541 1466 1674 1519 fame,
1700 1465 1799 1508 siue
1828 1466 1897 1508 laa

257 1549 389 1598 bore,
422 1547 696 1591 recurrendo
727 1545 871 1601 primo
898 1545 954 1587 ad
983 1551 1229 1595 creaturas,
1261 1558 1424 1600 nempe
1454 1550 1503 1586 ut
1531 1557 1611 1599 per
1639 1541 1736 1586 illas
1765 1542 1896 1586 adiu-

257 1632 437 1667 uentur.
466 1623 555 1666 Alii
579 1629 818 1666 recurrunt
840 1621 1022 1677 quidem
1045 1622 1101 1664 ad
1125 1628 1373 1674 creaturas,
1405 1621 1485 1663 sed
1513 1635 1591 1676 per
1621 1621 1786 1672 Deum,
1822 1634 1895 1662 ro-

255 1703 407 1754 gando
435 1715 538 1745 eum
569 1708 618 1742 ut
647 1715 672 1742 a
700 1699 918 1743 creaturis
951 1698 1243 1749 adiuuentur,
1276 1690 1428 1754 et'per
1457 1697 1554 1741 illas
1587 1696 1837 1741 liberentur
1871 1711 1897 1739 a

253 1778 397 1829 malis,
425 1785 474 1820 ut
497 1785 604 1820 sunt
626 1776 780 1831 aliqui,
807 1775 901 1832 qui,
927 1775 1173 1818 existentes
1190 1775 1235 1817 in
1254 1774 1403 1830 aliqua
1420 1773 1708 1826 necessitate,
1730 1781 1897 1830 rogant

255 1855 498 1897 Dominum
521 1862 568 1896 ut
592 1853 751 1897 liberet
774 1853 888 1905 illos,
910 1860 976 1895 ut:
1001 1852 1237 1904 «Domine,
1259 1852 1314 1894 da
1338 1851 1469 1894 nobis
1487 1866 1666 1908 panem,
1689 1851 1746 1894 da
1764 1850 1900 1894 nobis

255 1933 344 1974 hoc
371 1933 442 1976 uel
464 1931 589 1987 illud,
617 1944 751 1973 moue
774 1930 910 1973 istum
934 1930 1006 1974 vel
1029 1929 1181 1972 illum»
1203 1937 1290 1972 etc.
1314 1928 1405 1972 Alii
1424 1928 1624 1984 quidem,
1652 1927 1897 1985 perfectius

254 2009 555 2059 ambulantes,
592 2022 681 2050 non
715 2007 974 2050 desiderant
1005 2006 1185 2051 liberari
1219 2006 1275 2049 ab
1309 2006 1411 2059 illis,
1443 2006 1523 2050 sed
1553 2005 1786 2048 fortificari
1810 2005 1896 2047 im-

254 2085 447 2128 mediate
470 2101 495 2128 a
516 2085 713 2127 Domino
736 2084 781 2126 in
805 2085 907 2136 illis,
935 2085 1138 2141 rogando
1166 2092 1217 2126 ut
1245 2085 1320 2128 det
1349 2083 1633 2140 patientiam,
1667 2082 1896 2126 fortitudi-

255 2177 375 2213 nem,
413 2164 588 2204 auferat
622 2161 844 2214 timorem,
880 2169 924 2206 et
957 2160 1231 2213 huiusmodi,
1270 2168 1319 2203 ut
1351 2160 1424 2203 illa
1459 2160 1634 2203 fortiter
1671 2159 1896 2203 sustinere

256 2238 446 2294 possint,
472 2238 761 2294 providentes
784 2238 910 2281 malis
933 2238 1237 2290 interioribus,
1265 2245 1309 2281 et
1334 2253 1423 2280 non
1447 2245 1658 2280 curantes
1682 2238 1738 2280 de
1767 2245 1894 2281 exte-

255 2315 464 2368 rioribus,
485 2315 749 2358 abiicientes
773 2315 948 2358 illorum
973 2315 1321 2367 solicitudinem,
1347 2323 1396 2357 vt
1418 2315 1551 2364 docet
1569 2316 1734 2371 Xpus.‚
1759 2313 1896 2357 simul

254 2392 683 2445 animaduertentes,
707 2400 755 2433 vt
779 2391 889 2434 nihil
912 2392 1166 2444 admittant,
1193 2392 1313 2447 quod
1336 2391 1535 2448 speeiem
1560 2391 1755 2447 aliquam
1793 2398 1894 2434 ten—

263 2468 445 2511 tationis
467 2469 552 2513 Dei
575 2483 674 2511 esse
692 2468 914 2511 videatur.

333 2580 349 2596 a
402 2569 659 2604 Emendatum
685 2580 707 2603 a
732 2569 826 2603 Nat.
859 2580 906 2604 ex
929 2569 989 2603 Ex
1010 2570 1057 2604 P.
1080 2569 1224 2604 Fabro.

327 2665 336 2685 ¹
389 2666 568 2710 Quonam
589 2670 764 2711 ternpore
783 2665 879 2700 haec
902 2664 1108 2700 instructio
1127 2670 1167 2699 et
1185 2664 1339 2699 cuinam
1359 2664 1449 2699 data
1468 2663 1599 2710 fuerit,
1629 2663 1722 2699 licet
1746 2663 1785 2698 in
1813 2663 1896 2710 ipsa

255 2734 331 2758 non
350 2723 514 2768 dicatur,
535 2725 684 2759 nullum
703 2723 864 2759 dubium
890 2735 978 2759 esse
998 2729 1127 2770 potest
1145 2723 1238 2770 quin
1257 2733 1358 2758 anno
1379 2732 1468 2768 1542
1488 2724 1551 2758 vel
1575 2722 1679 2768 1543,
1700 2733 1777 2768 quo
1800 2727 1896 2757 tem-

256 2794 346 2827 pore
376 2783 501 2818 Faber
529 2783 752 2829 Maguntiae
779 2782 1001 2818 diversatus
1034 2788 1106 2827 est,
1136 2788 1175 2817 et
1200 2783 1453 2828 probabiliter
1483 2782 1636 2817 duobus
1664 2781 1750 2827 ejus
1775 2781 1892 2816 sociis

256 2841 395 2885 joanni
417 2842 613 2888 Aragonio
637 2847 677 2877 et
697 2843 841 2877 Alvaro
861 2842 1077 2888 Alphonso‚
1098 2842 1160 2876 vel
1180 2840 1279 2876 forte
1299 2841 1510 2888 Stephano,
1533 2841 1581 2876 de
1599 2852 1677 2888 quo
1694 2842 1790 2875 haec
1806 2840 1890 2886 ipse

256 2902 297 2935 Ρ.
317 2902 440 2935 Faber
455 2902 610 2948 scripsit
625 2902 664 2936 in
679 2901 925 2942 Affemorialz}
946 2912 1036 2947 pag.
1056 2909 1138 2945 242:
1160 2901 1227 2935 «In
1246 2900 1309 2935 die
1330 2900 1454 2935 sancti
1475 2900 1674 2936 Valentini
1694 2899 1890 2946 martyris,

255 2971 353 3006 quae
374 2959 446 2994 fuit
469 2969 510 3005 14
538 2960 739 2997 Februarii
758 2959 898 3007 [1543],
918 2960 1140 3006 Stephanus
1165 2971 1185 2994 a
1212 2959 1325 2995 nobis
1351 2960 1515 2995 recessit
1533 2960 1697 2994 Romam
1717 2970 1900 3007 versus.»¹

258 3018 320 3053 Cf.
337 3017 526 3056 cartas...
543 3021 606 3055 del
621 3021 670 3058 Β.
687 3021 828 3061 Fabro,
843 3021 874 3065 1,
893 3028 970 3064 170,
989 3025 1121 3056 annot.
1139 3029 1173 3065 53
1187 3025 1226 3054 et
1242 3018 1423 3054 M'onum.
1439 3019 1591 3066 Ignat„
1605 3019 1749 3065 Epist„
1765 3019 1792 3064 Ι,
1809 3026 1895 3062 205.
