2028 3426
689 241 1119 278 INSTRUCTIONEs——61
1598 236 1668 282 463

178 348 247 390 De
270 344 432 401 quauis
454 343 702 388 tentatione
720 344 838 386 circa
861 342 1142 386 vocationem
1160 354 1304 392 suam;
1326 338 1503 383 tametsi
1522 353 1611 402 non
1629 338 1714 381 sibi

88 423 300 466 conscius
322 421 380 464 sit
402 435 653 464 consensus
675 419 881 462 alicuius.

177 501 246 542 De
285 497 533 543 tentatione
571 504 727 540 contra
765 496 1086 548 obedientiam,
1125 496 1197 538 vel
1234 493 1512 549 superiorem
1552 492 1715 548 quouis

93 577 241 619 modo.

179 654 235 694 Et
257 653 313 695 de
331 651 493 707 quauis
516 651 647 707 graui
670 651 934 695 tentatione.

181 730 238 771 Et
255 730 311 772 de
334 727 615 784 negligentia
635 727 734 771 siue
756 726 1091 783 imperfectione
1113 724 1327 768 orationis
1348 733 1393 767 et
1414 722 1650 767 examinis.

180 808 250 849 De
273 804 555 860 negligentia
577 803 698 846 circa
720 804 916 859 regulas.

179 883 316 938 Quod
345 897 439 924 non
475 880 673 924 enitatur
703 881 926 936 proficere
955 880 1001 922 in
1032 879 1104 922 via
1131 877 1442 935 perfectionis,
1473 877 1594 931 quod
1626 890 1717 918 non

90 959 256 1003 sentiat
278 960 476 1009 fructum
500 958 545 999 in
567 957 905 1013 operationibus
927 956 1035 999 suis.

178 1039 260 1080 272
284 1035 421 1090 Quod
444 1048 533 1076 non
551 1049 600 1077 se
622 1040 832 1089 preparet
853 1034 909 1075 ad
931 1034 1048 1075 dona
1065 1033 1149 1075 Dei
1171 1031 1341 1074 domini
1365 1030 1385 1049 a
1408 1029 1713 1086 suscipienda.

180 1113 407 1167 Quodque
429 1126 531 1154 cum
554 1111 620 1153 eis
642 1125 732 1153 non
755 1117 993 1152 concurrat
1016 1123 1119 1151 cum
1137 1108 1258 1151 omni
1281 1107 1578 1164 plenitudine.

177 1191 248 1232 De
270 1188 523 1231 venialibus
546 1187 592 1229 in
615 1187 795 1229 casibus
818 1186 1074 1230 reseruatis.

179 1265 388 1320 Denique
410 1265 467 1308 de
489 1264 699 1307 omnibus
730 1263 827 1307 aliis
849 1262 1118 1314 defectibus,
1145 1276 1257 1316 quos
1280 1276 1338 1305 ex
1360 1261 1547 1317 regulis,
1573 1260 1720 1303 cuiuis

90 1343 222 1387 etiam
246 1341 492 1384 christiano
514 1339 845 1392 communibus,
866 1346 1012 1395 potest
1030 1338 1258 1394 colligere,
1279 1337 1542 1394 praesertim
1560 1338 1616 1380 de
1638 1338 1719 1380 de-

89 1419 284 1463 fectibus
305 1418 351 1461 in
369 1417 515 1461 officio
533 1432 616 1460 suo
634 1417 892 1473 particulari
909 1414 1174 1468 commissis,
1195 1415 1291 1458 siue
1308 1415 1364 1457 sit
1382 1414 1601 1470 superior,
1622 1414 1721 1457 siue

90 1496 314 1546 sacerdos,
340 1495 437 1537 siue
459 1495 700 1550 professor,
726 1493 822 1536 siue
845 1492 1036 1545 auditor,
1062 1491 1159 1534 siue
1182 1491 1303 1534 aliud
1320 1491 1516 1534 officium
1534 1491 1715 1533 habeat.

178 1573 433 1623 Praeterea,
458 1571 580 1626 quod
601 1570 647 1613 in
668 1569 909 1626 partitione
932 1568 1146 1624 temporis
1168 1583 1258 1610 non
1277 1574 1399 1612 recte
1416 1583 1464 1610 se
1482 1566 1721 1622 occuparit

92 1649 282 1705 singulis
303 1648 429 1691 horis
451 1647 554 1690 diei.
582 1648 811 1690 Obseruet
833 1652 984 1689 autem
1015 1645 1394 1701 quemadmodum
1421 1657 1722 1699 vnaquaeque

93 1740 163 1770 res
200 1725 274 1781 agi
310 1726 488 1776 debeat,
530 1724 693 1767 deinde
725 1722 978 1765 consideret
1011 1721 1390 1776 quemadmodum
1422 1735 1520 1764 eam
1553 1719 1716 1775 egerit.

93 1804 173 1845 Est
203 1809 354 1845 autem
383 1800 849 1850 animaduertendum,
884 1799 1003 1854 quod
1035 1799 1088 1850 is,
1124 1797 1202 1852 qui
1230 1797 1301 1858 vel
1333 1812 1412 1853 per
1439 1812 1505 1849 se,
1538 1797 1611 1840 vel
1640 1811 1722 1851 per

91 1879 242 1930 alium,
269 1878 507 1934 cognoscit
525 1892 574 1921 se
597 1891 696 1920 esse
718 1875 947 1918 crassioris
970 1874 1207 1929 minusque
1229 1874 1452 1916 sensibilis
1482 1872 1720 1916 conscien-

93 1955 180 1999 tiae
201 1954 245 1996 in
269 1953 465 2010 peccatis
487 1952 794 2003 aestimandis,
819 1952 953 1995 debet
971 1965 1152 2006 operam
1170 1951 1277 1993 dare
1293 1957 1342 1992 vt
1360 1951 1416 1993 ad
1434 1949 1721 1992 mediocrita-

92 2038 181 2074 tem
204 2031 460 2082 reducatur,
486 2037 531 2073 et
552 2028 758 2072 confiteri
786 2028 921 2070 etiam
950 2027 1144 2071 minores
1173 2026 1536 2083 imperfectiones
1565 2027 1718 2069 debet.

93 2108 262 2150 Contra
282 2121 405 2158 vero,
431 2106 468 2149 si
491 2106 591 2161 quis
613 2106 675 2148 ita
698 2106 774 2147 fiat
796 2104 1016 2147 delicatus
1033 2118 1085 2146 ac
1104 2110 1246 2157 tener,
1266 2110 1315 2145 vt
1337 2102 1383 2145 in
1405 2102 1725 2159 perplexitates

94 2183 260 2236 veniat,
287 2185 327 2228 ei
350 2183 624 2226 omittendae
651 2189 759 2224 sunt
786 2181 860 2224 ille
888 2180 1102 2224 minutiae
1130 2180 1389 2232 venialium,
1421 2186 1557 2234 atque
1590 2179 1726 2222 etiam

96 2261 242 2316 aliqua
264 2276 317 2304 ex
341 2259 585 2303 maioribus
607 2263 690 2304 273
711 2257 978 2311 venialibus,
1003 2264 1048 2300 et
1070 2257 1217 2300 danda
1239 2271 1391 2312 opera,
1412 2263 1461 2298 vt
1484 2256 1581 2299 aliis
1599 2270 1727 2298 exer-

96 2337 211 2380 citiis
239 2345 374 2392 atque
403 2322 545 2379 modis
577 2334 895 2394 communibus
926 2333 1116 2391 obsistat
1151 2333 1419 2385 venialibus,
1457 2332 1727 2388 veniamque

46 2399 49 2403 ⁴
98 2414 276 2457 illorum
299 2413 522 2469 impetret.

185 2490 493 2533 Remittuntur
516 2496 667 2531 autem
690 2495 877 2543 peccata
904 2487 1098 2531 venialia
1127 2487 1413 2538 contritione,
1439 2485 1729 2529 confessione

97 2567 311 2623 generali,
338 2567 516 2624 feruore
538 2565 785 2616 charitatis,
806 2564 1097 2620 percussione
1114 2563 1326 2619 pectoris,
1348 2562 1563 2605 orationis
1582 2561 1726 2604 domi-

45 2638 57 2682 ',
97 2642 224 2686 nicae
245 2642 525 2698 recitatione,
551 2641 748 2697 episcopi
771 2640 1102 2692 benedictione,
1129 2640 1386 2695 aspersione
1409 2652 1553 2693 aquae
1585 2639 1727 2681 bene-

96 2719 257 2771 dictae,
284 2719 321 2761 si
343 2733 447 2761 cum
470 2718 621 2773 aliqua
641 2716 885 2762 deuotione
913 2718 1025 2759 haec
1054 2717 1181 2768 fiant,
1207 2715 1395 2770 aliisque
1424 2714 1533 2756 item
1565 2713 1724 2755 modis.

39 2852 42 2855 v
100 2796 189 2839 Sed
219 2796 378 2838 modus
408 2793 648 2841 facillimus
677 2800 744 2837 est
773 2800 902 2836 actus
934 2792 1163 2836 charitatis
1202 2806 1305 2834 cum
1343 2790 1493 2846 aliquo
1532 2790 1726 2833 feruore.

104 2871 289 2926 Reliqua
311 2887 367 2915 ex
390 2869 560 2927 regulis
582 2869 899 2920 communibus
918 2868 1140 2924 intelligat
1163 2867 1400 2910 confitens.

156 3048 173 3064 a
227 3036 393 3072 Domini
410 3037 516 3071 dona
536 3047 608 3071 ms.
