2028 3426
549 239 782 277 ORATIOle
808 249 1248 285 OBSERVArioNEs—7o
1590 243 1658 286 685

170 341 351 397 Triplex
381 342 450 385 via
491 357 666 398 semper
703 344 953 386 exercenda
992 343 1219 398 religioso,
1261 350 1396 398 atque
1434 346 1545 388 adeo
1583 346 1704 386 omni

80 418 263 474 xpiano.
273 434 282 472 3
307 421 392 461 hoc
415 419 516 462 dico
545 419 678 464 etiam
711 427 948 474 postquam
980 434 1058 475 per
1086 427 1368 463 sacramenta
1397 428 1441 463 et
1469 421 1704 463 contritio-

78 510 181 538 nem
203 504 425 552 purgatus
446 504 531 541 est.
558 489 863 553 Pugnandum
887 497 1006 539 enim
1030 503 1097 540 est
1120 497 1164 539 in
1183 496 1446 539 fortitudine
1465 498 1638 552 gratiae
1658 499 1702 539 in

78 574 195 628 Xpo.
217 574 436 616 aduersus
458 573 748 617 obuenientia
770 580 954 629 peccata
972 587 1023 615 ac
1047 573 1397 625 tenta29tiones‚
1424 574 1597 617 radices
1626 590 1704 616 ex-

79 649 324 705 tirpandae,
351 650 462 692 nulli
486 650 811 706 imperfectioni
835 665 890 693 ex
913 650 1132 693 electione
1156 649 1548 701 consentiendum,
1586 652 1703 693 acci-

76 725 285 781 piendae,
310 741 399 769 non
423 727 569 769 solum
592 726 830 782 patienter,
863 727 942 769 sed
965 740 1068 768 cum
1093 726 1260 782 gaudio
1289 726 1439 777 etiam,
1466 710 1699 769 infirmita-

79 811 162 855 tes,
185 803 495 847 tribulationes
517 819 688 855 omnes,
714 804 812 847 siue
832 803 1093 854 exteriores,
1120 803 1217 846 siue
1239 803 1477 847 interiores
1500 803 1605 856 sint3
1633 819 1704 846 re*

77 879 288 923 ferendae
311 881 366 922 ad
403 879 719 936 purgationem
750 880 941 924 animae.
984 882 1041 922 Et
1064 881 1149 922 hac
1174 880 1219 922 in
1237 887 1363 934 parte
1391 879 1475 922 erit
1499 879 1579 921 tibi
1601 894 1700 922 ora-

77 957 199 1001 tione
227 958 609 1009 contendendum,
642 965 690 999 vt
720 971 874 1012 pacem
905 957 1040 1000 etiam
1064 956 1108 998 in
1140 957 1428 1000 tribulatione
1451 956 1699 1012 possideas,

76 1048 154 1089 per
173 1048 307 1088 quam
330 1033 611 1089 distinguere
627 1033 771 1089 possis
794 1034 945 1088 quiete
963 1033 1070 1088 quid
1094 1033 1137 1075 in
1163 1033 1455 1077 tribulatione
1477 1041 1546 1076 est
1568 1040 1702 1075 natu—

77 1111 186 1162 rale,
207 1109 314 1164 quid
337 1110 657 1162 voluntarium,
683 1110 791 1165 quid
814 1126 869 1154 ex
898 1110 1185 1152 inclinatione
1208 1110 1549 1165 praeteritorum
1573 1109 1682 1151 vitio

77 1202 192 1239 rum,
218 1187 325 1241 quid
347 1201 402 1229 ex
425 1188 652 1242 praesenti
674 1187 1030 1242 imperfectione,
1056 1188 1164 1242 quid
1182 1189 1367 1238 bonum,
1389 1186 1496 1241 quid
1516 1187 1698 1237 malum,

75 1264 185 1318 quid
205 1263 481 1307 indifferens.
515 1264 578 1305 Ita
618 1264 710 1315 fiet,
736 1271 784 1305 vt
817 1263 861 1306 in
884 1264 984 1306 luce
1023 1264 1226 1307 ambules
1249 1270 1293 1307 et
1330 1263 1558 1305 diabolum
1597 1277 1698 1305 cum

75 1339 168 1382 suis
192 1340 389 1384 tenebris
407 1341 661 1383 conculces.
691 1342 755 1382 Ex
780 1341 865 1383 hac
888 1340 960 1383 via
982 1340 1265 1395 comparabis
1288 1341 1500 1382 affectum
1524 1340 1700 1381 humili·

78 1416 199 1468 tatis,
225 1417 321 1459 sine
344 1430 434 1471 quo
451 1416 563 1458 nihil
581 1431 705 1472 ages.

163 1493 511 1536 Illuminatiuam
550 1493 682 1535 simul
720 1494 951 1537 exercebis
989 1493 1208 1548 quotidie,
1244 1508 1377 1548 quam
1415 1493 1646 1536 inchoabis
1675 1509 1700 1535 a

15 1587 17 1589 ’
74 1570 320 1625 gratiarum
339 1570 515 1613 actione
538 1570 719 1613 vltimae
742 1570 1055 1613 illustrationis
1072 1578 1116 1612 et
1140 1570 1328 1626 gratiae.
1356 1571 1457 1612 Hoc
1487 1584 1574 1625 ego
1596 1584 1698 1612 cum

74 1647 286 1698 dicerem,
320 1649 370 1689 P.
413 1648 615 1703 Ignatius
653 1647 882 1703 respondit
920 1662 1019 1691 esse
1053 1646 1378 1702 incipientium3
1411 1646 1508 1689 aliis
1536 1646 1621 1689 alia
1643 1648 1698 1689 ad

73 1724 195 1767 varia
217 1723 433 1779 principia
455 1739 554 1767 esse
577 1725 806 1768 tentanda.
835 1726 933 1780 Ego
956 1739 1085 1779 spero
1103 1739 1259 1767 omnes
1281 1725 1464 1766 doctum
1488 1723 1542 1765 iri
1564 1739 1589 1766 a
1606 1723 1698 1779 spi-

75 1800 163 1842 ritu
192 1815 368 1844 omnem
402 1801 458 1844 30
487 1800 741 1854 veritatem,
775 1802 907 1843 modo
940 1801 1023 1843 sibi
1054 1801 1363 1855 vnusquisque
1393 1814 1482 1842 non
1511 1799 1624 1843 desit
1654 1808 1698 1841 et

74 1876 256 1920 diuinae
278 1877 468 1933 gratiae.
1089 1929 1093 1932 q

159 1954 344 1996 Vnitiua
366 1954 498 1996 simul
522 1963 568 1996 vt
591 1955 834 2010 plurimum
859 1970 962 1997 cum
987 1954 1284 1997 illuminatiua
1316 1962 1567 2005 exercetur3
1595 1968 1696 1995 nam

74 2031 120 2072 in
143 2031 440 2075 illustratione
468 2040 486 2056 a
508 2031 687 2084 mentis,
712 2032 809 2075 siue
830 2032 1056 2075 obiectum
1083 2031 1162 2073 tibi
1196 2038 1575 2086 repraesentetur,
1601 2030 1697 2072 siue

74 2108 167 2150 sola
189 2107 246 2150 sit
268 2107 507 2151 illustratio
530 2108 573 2149 in
596 2101 1015 2160 lumine,'voluntas
1037 2108 1245 2159 afficitur,
1267 2107 1507 2149 attrahitur
1530 2115 1575 2151 et
1596 2107 1697 2148 vni-

73 2191 146 2226 tur
168 2199 245 2242 per
262 2199 473 2227 amorem:
501 2193 545 2228 et
567 2186 652 2226 hoc
676 2184 809 2228 etiam
832 2184 1022 2240 mystice
1045 2184 1246 2240 intellige
1270 2183 1303 2236 b,
1325 2198 1464 2238 quum
1497 2183 1695 2243 potentia

73 2275 150 2315 per
172 2276 367 2305 amorem
390 2262 719 2316 comprehensa
736 2261 781 2303 in
805 2276 956 2312 amore
978 2276 1026 2304 se
1049 2261 1206 2313 exerit,
1228 2268 1318 2304 etc.
1347 2262 1429 2305 Sta
1450 2260 1495 2302 in
1512 2259 1694 2302 humili-

75 2345 180 2380 tate:
208 2352 290 2380 nec
313 2338 424 2381 velis
447 2339 586 2380 altum
611 2352 784 2393 sapere,
811 2339 889 2381 sed
916 2338 1019 2386 time
1048 2340 1074 2380 ¹.

162 2415 429 2459 Intercessio
448 2417 503 2457 D.
529 2414 657 2457 Pauli
677 2415 899 2457 feruorem
924 2415 1108 2470 spiritus
1126 2422 1170 2458 et
1194 2414 1494 2457 eleuationem
1516 2412 1693 2465 mentis;

8 2540 11 2543 ¹
73 2490 164 2533 divi
186 2506 294 2534 vero
318 2491 439 2534 Petri
462 2492 664 2535 ordinem
687 2492 806 2533 vitae
827 2491 1072 2547 spiritualis
1095 2498 1230 2546 atque
1253 2490 1551 2533 constantiam
1575 2489 1693 2543 apud

74 2569 221 2610 Deum
245 2568 471 2621 conciliat3
497 2568 760 2611 intercessio
799 2582 903 2611 vero
925 2568 1075 2623 angeli
1114 2567 1333 2618 custodis,
1375 2581 1453 2609 seu
1478 2564 1693 2621 praesidis

75 2643 326 2697 Societatis,
352 2644 688 2689 inclinationem
711 2646 766 2687 ad
794 2645 983 2688 salutem
1015 2644 1209 2700 proximi
1238 2643 1581 2699 procurandam,
1608 2655 1691 2683 nec

64 2723 158 2764 ‘hac
180 2722 390 2777 neglecta
410 2723 482 2763 vel
504 2721 832 2777 praetermissa,
874 2736 1091 2775 quaerere
1125 2718 1543 2775 contemplationes,
1577 2731 1692 2771 quae

75 2812 154 2853 per
174 2799 291 2840 hanc
312 2798 429 2841 viam
453 2806 497 2841 et
519 2798 783 2842 exercitium
813 2812 895 2840 suo
927 2806 1126 2853 tempore
1157 2796 1386 2852 copiosius
1419 2796 1620 2845 affluent,
1647 2801 1691 2836 et

143 2943 160 2959 a
184 2933 501 2968 illustrationem
522 2946 590 2969 ms.
646 2936 710 2962 —b
736 2933 963 2980 intelligere
984 2945 1053 2968 ms.

151 3043 157 3060 ¹
209 3039 332 3085 Rom„
352 3039 422 3083 XI,
442 3049 506 3075 20.
