2028 3426
690 232 1129 278 SUPPLEMENTUM—25
1608 232 1677 280 839

94 332 493 377 conuenientem.»
536 334 673 387 Quod
712 334 936 389 sapienter
973 333 1110 377 latina
1150 333 1318 377 versio:
1349 335 1543 377 «Tribue
1581 335 1721 377 victui

95 409 363 452 necessaria.
378 429 392 445 „-
416 408 540 452 Nihil
560 424 666 453 vero
684 411 769 452 hoc
792 411 848 452 ad
866 417 1034 453 statum
1053 410 1343 465 paupertatis,
1366 424 1450 454 nec
1467 410 1586 453 illam
1607 411 1722 453 tollit

95 485 460 528 indifferentiam.

184 561 257 606 188
291 563 397 613 Iam,
423 563 543 616 quod
566 577 621 605 ex
644 564 746 618 lege
769 564 977 616 naturali,
1004 563 1294 607 inclinatione
1316 563 1525 615 naturali,
1554 564 1719 606 habili-

95 646 188 682 tate
205 638 398 681 naturali
422 638 597 694 colligis
620 639 881 691 identidem,
902 640 938 682 si
957 639 1251 695 philosophus
1270 653 1393 683 esses
1412 647 1459 681 tu
1483 639 1717 690 naturalis,

95 730 183 757 non
217 715 351 758 etiam
382 716 623 771 theologus
647 716 874 771 xpianus.,
901 724 1104 772 putarem
1128 731 1153 758 a
1183 724 1226 758 te
1255 716 1376 758 aliud
1405 715 1513 757 nihil
1542 717 1721 760 deside-

94 792 181 835 rari
204 806 351 847 posse,
378 792 462 834 nisi
481 794 601 847 quod
623 800 672 835 tu
691 807 847 848 posses
865 808 944 848 per
967 801 1175 835 naturam
1199 792 1433 847 consequi,
1461 807 1559 843 nec,
1583 792 1619 834 si
1643 808 1721 835 su-

94 884 172 924 pra
200 877 408 911 naturam
439 883 678 924 assurgere
707 885 799 912 non
840 884 1009 925 posseS,
1051 876 1288 925 propterea
1326 869 1579 911 mirandum
1619 884 1719 913 esse

93 960 342 989 r‘enserem.
375 945 543 987 Verum
574 947 648 988 vbi
681 947 812 998 scias,
844 946 911 988 vir
944 946 1217 995 doctissime,
1259 953 1436 1001 praeter
1469 947 1719 989 naturalem

94 1030 231 1078 atque
254 1024 496 1065 humanam
521 1023 686 1078 legem,
708 1038 806 1067 esse
829 1024 1012 1078 insuper
1035 1024 1183 1078 legem
1201 1022 1401 1065 diuinam
1420 1023 1719 1065 necessariam

92 1107 141 1141 vt
164 1101 297 1141 homo
320 1101 376 1141 ad
400 1101 786 1154 supernaturalem
806 1101 940 1143 finem
960 1100 1181 1155 dirigatur
1200 1102 1255 1155 (Ι.
1284 1112 1345 1150 2.,
1372 1113 1413 1153 q.
1437 1112 1529 1155 91„
1551 1114 1614 1141 ar.
1636 1101 1716 1154 4.),

93 1176 170 1230 qui
196 1176 296 1218 finis
318 1176 655 1231 proportionem
687 1177 903 1218 naturalis
932 1177 1159 1218 facultatis
1188 1184 1231 1218 et
1270 1178 1492 1218 humanae
1525 1176 1718 1225 excedit,

93 1267 231 1307 quum
255 1252 370 1295 scias
394 1254 541 1307 legem
566 1253 792 1308 xpianam.
815 1254 960 1308 legem
980 1268 1078 1296 esse
1107 1252 1112 1308 Ι
1141 1253 1261 1303 fidei,
1283 1253 1431 1308 legem
1449 1252 1633 1306 spiritus
1651 1252 1718 1294 in-

92 1328 230 1371 ditam
262 1330 350 1385 (Ad
382 1331 530 1380 Rom.,
567 1343 589 1383 3
621 1339 665 1373 et
695 1331 825 1384 seq),
858 1329 903 1371 id
931 1338 1014 1380 est,
1047 1344 1183 1384 supra
1222 1330 1267 1371 id
1301 1329 1422 1383 quod
1455 1328 1720 1371 naturaliter

92 1406 272 1460 assequi
291 1421 476 1460 possum
484 1421 549 1457 us;
567 1406 640 1447 vbi
656 1406 884 1461 intelligas
900 1406 1008 1448 satis
1026 1420 1115 1448 non
1131 1421 1246 1457 esse,
1263 1407 1332 1448 vel
1349 1412 1537 1448 naturae
1554 1406 1717 1460 legem,

91 1483 163 1525 vel
183 1482 394 1525 scientias
418 1483 661 1534 naturales,
684 1484 740 1524 ad
757 1482 1083 1525 beatitudinem
1108 1483 1472 1537 consequendam
1496 1483 1620 1538 (pap¹
1637 1516 1646 1533 ,
1673 1496 1716 1536 q.

91 1561 181 1614 pfl,
202 1574 265 1602 ar.
292 1559 389 1614 p.⁰);
412 1561 524 1602 haec
548 1574 686 1614 quum
709 1559 826 1601 scias
849 1559 1013 1609 omnia,
1035 1558 1201 1614 quippe
1220 1559 1295 1613 qui
1317 1559 1560 1613 theologus
1584 1573 1649 1610 es,
1675 1567 1720 1601 et

92 1636 273 1690 quidem
302 1635 443 1679 solida
472 1636 566 1678 diui
597 1638 798 1679 Thomae
821 1635 1026 1678 doctrina
1048 1636 1263 1687 imbutus,
1291 1635 1398 1689 quid
1428 1635 1507 1677 tibi
1531 1636 1655 1679 venit
1677 1636 1721 1678 in

91 1720 288 1757 mentem
310 1721 359 1755 vt
383 1720 504 1755 totus
527 1712 599 1755 his
623 1713 767 1755 tribus
790 1712 993 1755 censuris
1015 1712 1059 1754 in
1084 1720 1271 1754 naturae
1294 1713 1427 1754 fidem
1447 1727 1499 1754 ac
1522 1720 1713 1768 potesta·
1735 1758 1739 1761 ,

88 1797 178 1833 tem
203 1797 247 1833 te
271 1791 485 1840 traderes,
512 1797 557 1831 et
581 1790 846 1844 theologum
872 1798 915 1831 te
938 1804 1038 1832 esse
1062 1789 1448 1847 obli[vi]scereris?

177 1868 240 1909 At
269 1866 388 1918 vide,
421 1867 537 1908 bone
569 1868 718 1917 Pater,
746 1881 960 1920 quorsum
995 1866 1075 1908 tibi
1108 1880 1178 1908 res
1211 1866 1408 1909 redierit.
1446 1867 1548 1909 Vno
1581 1867 1721 1909 verbo

51 1971 56 1978 ›
88 1943 247 1999 iugulo
271 1943 349 1985 tibi
368 1942 518 1985 omnia
542 1943 763 1985 naturalia
781 1950 1067 1998 argumenta3
1095 1942 1168 1987 189
1191 1950 1256 1994 vt,
1282 1942 1319 1985 si
1342 1943 1456 1984 nihil
1473 1942 1719 1986 addiderim

88 2020 298 2075 amplius,
324 2020 475 2062 nullus
498 2019 639 2074 possit
661 2018 759 2063 iure
777 2019 1018 2075 quicquam
1036 2027 1268 2075 praeterea
1287 2019 1559 2064 desiderare.
1588 2021 1720 2074 Quae

88 2111 171 2138 nos
194 2096 403 2147 dicimus,
432 2098 583 2147 Pater,
609 2096 759 2138 omnia
776 2103 953 2151 praeter
972 2103 1195 2147 naturam,
1217 2111 1352 2151 supra
1370 2104 1576 2138 naturam
1595 2104 1718 2148 sunt,

89 2180 139 2214 ut
164 2187 274 2227 puro
298 2172 456 2227 spiritu
480 2172 764 2227 euangeliCO,
793 2180 838 2215 et
861 2172 1041 2227 quidem
1066 2172 1142 2226 qui
1161 2173 1216 2214 ad
1233 2173 1557 2227 perfectionem
1576 2173 1718 2225 ducit,

88 2250 342 2304 desumpta.
370 2250 459 2291 Iam
483 2257 515 2300 a,
548 2249 585 2290 si
614 2256 664 2291 tu
692 2249 804 2292 velis
833 2256 1038 2292 naturam
1062 2249 1205 2303 sequi,
1242 2249 1355 2290 nihil
1378 2249 1716 2300 intercedimus,

88 2327 222 2368 modo
246 2325 357 2367 nihil
378 2339 512 2379 quam
539 2324 694 2368 diuina
722 2332 968 2384 praecepta
985 2325 1212 2369 admittas,
1238 2326 1328 2369 Sed
1354 2325 1458 2368 uide
1481 2340 1538 2367 ne
1560 2325 1721 2381 religio

90 2409 135 2446 te
155 2402 356 2457 xpiana.,
380 2416 434 2444 ne
458 2408 535 2443 tua
557 2403 613 2443 ab
636 2401 721 2444 ista
744 2401 816 2444 via
834 2409 1033 2452 reuocet,
1055 2409 1103 2443 vt
1126 2416 1218 2443 non
1241 2401 1302 2443 ita
1325 2408 1532 2443 naturam
1555 2416 1722 2456 sequa*

90 2479 165 2530 ris,
192 2479 299 2533 quin
331 2479 368 2520 si
397 2478 565 2532 aliquid
594 2485 844 2533 praeterea,
871 2478 992 2532 quod
1015 2493 1149 2533 supra
1183 2485 1391 2520 naturam
1420 2478 1493 2530 sit,
1521 2478 1617 2529 tibi,
1644 2478 1720 2532 qui

90 2569 226 2609 supra
249 2562 454 2597 naturam
479 2561 564 2606 est,
591 2556 732 2606 Deus,
754 2555 825 2597 vel
848 2554 1018 2606 iubeat,
1043 2555 1115 2597 vel
1139 2555 1360 2605 consulat,
1387 2555 1457 2596 vel
1475 2554 1717 2609 gratificet3

90 2630 153 2672 illi
176 2630 474 2686 inspirationi,
500 2630 561 2672 illi
586 2630 775 2686 gratiae,
802 2638 868 2682 tu,
894 2630 956 2672 illi
991 2638 1229 2685 praecepto
1257 2631 1329 2674 vel
1357 2630 1544 2690 consilio
1574 2631 1723 2673 cordis

94 2707 159 2748 tui
177 2707 342 2750 ostium
361 2708 588 2750 occludas.
611 2707 755 2763 Igitur
773 2714 821 2749 tu
839 2707 1042 2762 colliges,
1063 2714 1282 2761 quantum
1302 2707 1373 2749 vel
1390 2714 1520 2762 potes
1539 2708 1612 2750 vel
1636 2708 1718 2758 vis,

94 2797 193 2826 esse
215 2782 233 2808 b
255 2783 618 2835 indifferentiam,
641 2798 729 2838 qua
751 2784 900 2839 legem
923 2790 1129 2834 naturae,
1149 2797 1238 2837 qua
1256 2783 1611 2834 inclinationem,
1633 2798 1724 2837 qua

92 2859 388 2904 habilitatem.
419 2859 425 2917 Ι
455 2861 549 2902 Nos
580 2874 687 2902 vero
711 2859 771 2920 ita
794 2858 1125 2902 confitebimur:
1152 2873 1288 2914 supra
1319 2866 1524 2901 naturam
1547 2859 1723 2901 indiffe-

166 3030 184 3047 a
209 3021 318 3056 Haec
333 3021 467 3067 partic.
485 3021 615 3056 addita
630 3033 650 3055 a
667 3021 756 3056 Nat.
774 3021 812 3056 in
827 3032 949 3066 marg.
1002 3041 1037 3046 —
1049 3022 1067 3048 b
1086 3020 1163 3058 Sic.
1180 3021 1295 3055 Forte
1310 3020 1518 3066 legendum
1536 3033 1614 3056 non
1631 3034 1724 3059 esse.
