2028 3426
343 194 413 239 646
816 193 970 228 PATRxs
997 192 1241 227 HmnoNYMr
1266 192 1419 227 NADAL

387 298 482 340 Rex
515 297 653 339 habet
685 296 800 338 duos
827 294 958 337 filios:
995 308 1136 336 vnum
1169 293 1306 336 mittit
1339 294 1394 336 ad
1429 308 1603 336 summa
1637 294 1839 350 negotia,
1875 296 1931 338 ad

296 374 415 418 bella
437 372 698 425 dificillima,
724 372 859 414 aliurn
884 371 1022 413 habet
1053 384 1211 414 secum
1241 370 1286 412 in
1317 385 1489 415 mensa:
1522 371 1596 415 ille
1619 371 1766 414 maius
1793 371 1932 414 habet

298 449 544 506 repositum
569 448 833 505 praemium.
866 449 931 490 Ita
960 454 1028 491 est
1057 447 1133 502 qui
1164 447 1420 490 actionibus
1454 455 1662 491 uersatur
1696 447 1932 491 eharitatis

297 541 349 569 ac
372 526 540 578 arduis,
567 540 672 581 prae
706 524 1087 580 contemplatiuis.
1125 524 1263 567 Visus
1291 532 1360 567 est
1395 526 1480 567 hoc
1509 524 1677 567 dixisse
1706 540 1761 568 ex
1793 540 1931 569 sensu

297 603 518 654 interiori,
545 604 624 645 sed
647 616 735 658 ego
757 603 842 644 hoc
873 601 976 644 loco
1005 600 1212 657 intelligo
1240 600 1436 644 actiuam
1469 601 1605 644 uitam
1635 601 1929 657 superiorem,

297 682 354 724 de
377 695 463 736 qua
487 680 597 723 alias
619 688 636 705 ⁸
663 682 686 725 ¹.
1002 737 1006 740 Δ

387 762 499 804 27211
522 758 686 800 Nullus
709 764 776 799 est
799 755 843 798 in
868 757 953 799 hac
975 757 1127 808 domo,
1152 755 1197 798 in
1220 771 1312 812 quo
1341 756 1622 800 considerem
1647 763 1716 799 tot
1750 765 1933 812 peccata

299 842 411 889 quot
434 835 479 876 in
503 848 574 876 rne
596 833 631 877 b.

392 912 640 955 Poenitens
664 918 731 954 est
754 910 1056 963 inducendus,
1084 917 1133 953 ut
1155 925 1205 954 εθ
1227 917 1270 953 θῖ
1294 925 1376 953 sua
1405 910 1556 953 omnia
1586 911 1685 953 Deo
1714 910 1932 966 resignet,

300 997 344 1033 et
369 1004 417 1033 εθ
440 988 666 1032 existimet
688 987 817 1043 quasi
840 996 960 1032 esset
982 989 1177 1031 frustum
1201 987 1320 1031 niuis
1341 1003 1365 1031 θ
1388 989 1515 1031 coelo
1544 987 1787 1041 deiectum;
1815 988 1935 1043 quod

301 1066 336 1109 εἰ
361 1066 418 1109 sit
443 1065 667 1121 princeps,
693 1072 739 1108 et
762 1079 972 1122 magnam
996 1065 1159 1109 habeat
1185 1065 1416 1118 familiam,
1436 1065 1573 1109 debet
1589 1067 1757 1108 habere
1774 1079 1936 1108 censo—

301 1157 413 1194 rem,
435 1142 511 1197 qui
530 1157 634 1186 eum
655 1142 813 1185 reddat
832 1141 1070 1186 certiorem
1089 1143 1145 1185 de
1168 1142 1304 1185 rebus
1321 1141 1549 1194 omnibus,
1570 1142 1703 1186 etiam
1730 1141 1938 1196 minutis,

302 1228 352 1262 ut
377 1220 550 1261 nullum
576 1219 695 1262 dorni
720 1220 903 1272 habeat,
927 1219 1004 1274 qui
1027 1219 1272 1262 Dominum
1298 1220 1515 1263 offendat.

389 1301 498 1343 273r
519 1298 651 1339 Daua
675 1311 736 1338 un
760 1296 968 1352 exemplo
989 1300 1015 1338 a
1043 1311 1132 1338 vno
1156 1310 1244 1351 que
1261 1297 1455 1354 ‚dudaua
1483 1296 1679 1352 despues
1707 1297 1762 1339 de
1792 1299 1933 1340 hauer

301 1374 490 1417 entrado
513 1389 568 1417 en
591 1374 636 1415 la
658 1374 908 1429 Compafiia
929 1389 958 1430 y
980 1374 1351 1430 aproueche'tdose
1374 1389 1428 1417 en
1453 1374 1556 1426 ella,
1589 1373 1625 1416 si
1655 1377 1850 1417 entraria
1879 1388 1935 1417 en

301 1459 413 1503 otra3
440 1465 528 1506 que
551 1450 589 1493 si
611 1449 816 1507 supiesse
839 1465 931 1493 uno
953 1465 1042 1506 que
1065 1451 1212 1506 puede
1241 1451 1384 1493 hallar
1413 1463 1463 1493 10
1486 1451 1611 1493 balas
1633 1451 1689 1493 de
1713 1457 1727 1475 ⁰
1750 1464 1845 1502 oro,
1872 1452 1937 1493 las

302 1528 459 1582 quales
481 1531 611 1570 estan
634 1527 904 1570 escondidas
932 1528 1109 1571 debaxo
1142 1527 1292 1579 tierra,
1327 1526 1364 1570 si
1398 1528 1464 1569 las
1497 1528 1689 1571 buscare
1722 1542 1809 1570 con
1838 1527 1937 1570 dili-

303 1604 482 1659 gencia,
513 1620 542 1660 y
571 1612 666 1649 este
700 1604 916 1648 huuiesse
939 1605 1131 1649 entrado
1154 1619 1211 1648 en
1241 1619 1333 1646 vna
1356 1603 1546 1658 stanzia,
1582 1619 1611 1660 y
1642 1605 1877 1647 buscando
1909 1619 1938 1661 y

305 1681 541 1738 fatigando
564 1697 621 1725 en
644 1682 730 1725 ella
753 1682 966 1725 huuiesse
989 1682 1170 1726 hallado
1198 1696 1255 1725 en
1289 1682 1422 1737 aquel
1454 1682 1586 1738 lugar
1619 1681 1732 1726 siete
1766 1686 1793 1724 ό
1825 1683 1941 1725 ocho

307 1760 461 1806 dellas,
488 1759 658 1814 gdonde
680 1760 837 1801 habria
859 1760 915 1802 de
944 1773 1099 1815 sperar
1121 1760 1176 1802 de
1200 1759 1311 1801 allar
1332 1759 1398 1801 las
1421 1766 1542 1802 otras
1565 1773 1653 1814 que
1676 1759 1718 1802 le
1741 1760 1938 1813 quedam,

307 1836 448 1879 meior
471 1851 558 1892 que
583 1837 732 1879 donde
754 1838 812 1879 ha
835 1837 1016 1879 hallado
1038 1837 1103 1879 las
1125 1838 1266 1879 otras?
1289 1843 1376 1879 etc.
1404 1835 1422 1860 d

308 1955 359 1990 sit
385 1956 606 1990 necessario
631 1956 793 1997 unione,
820 1956 862 1990 in
888 1955 961 1990 illa
983 1957 1112 2001 potest
1137 1956 1334 2003 coniungi
1357 1966 1489 1997 error,
1515 1955 1578 1990 uel
1603 1955 1766 1990 omnino
1782 1954 1942 2001 falsam

311 2027 390 2050 esse
416 2014 532 2049 illam
561 2015 730 2062 contigit
755 2018 830 2061 per
855 2014 1260 2062 transformationem
1286 2017 1473 2056 satanae;
1497 2014 1572 2055 vel,
1599 2013 1634 2048 si
1659 2025 1738 2048 non
1761 2012 1893 2060 falsa,
1920 2025 1944 2048 a

314 2074 393 2109 Deo
412 2085 491 2108 non
517 2085 607 2113 esse,
629 2078 665 2109 et
690 2074 956 2109 nihilominus
982 2075 1152 2110 excitari
1177 2085 1371 2114 amorem,
1392 2074 1434 2108 in
1461 2085 1538 2119 quo
1563 2085 1642 2108 non
1669 2076 1724 2108 est
1750 2084 1881 2114 error,
1905 2076 1945 2108 ut

308 2134 383 2168 sibi
406 2133 585 2168 arbitror
610 2132 796 2180 contigit,
824 2133 890 2169 cui
905 2133 998 2180 fuit
1021 2135 1065 2169 in
1090 2134 1272 2181 imagine
1306 2133 1489 2180 Virginis
1507 2133 1577 2167 lux
1601 2133 1773 2179 copiosa,
1801 2144 1848 2168 ex
1865 2144 1944 2178 qua

310 2192 463 2228 uisione
482 2195 536 2227 tot
556 2192 770 2238 lacrymae,
791 2196 906 2228 tanta
917 2193 1010 2239 fuit
1035 2193 1269 2228 humiliatio
1294 2193 1511 2235 subsecuta,
1536 2195 1572 2227 et
1599 2195 1735 2226 tamen
1757 2194 1848 2238 post
1865 2194 1945 2227 tres

307 2256 380 2287 aut
403 2255 576 2298 quatuor
600 2253 684 2287 dies
706 2253 892 2300 cognouit
919 2253 1147 2288 illusionem
1167 2252 1314 2300 fuisse.
1340 2253 1450 2287 Haec
1475 2251 1604 2287 omnia
1631 2251 1838 2286 obliterata
1857 2257 1946 2286 sunt

309 2324 330 2346 a
361 2312 469 2357 Nat.,
501 2317 543 2346 ut
573 2311 740 2347 videtur.
796 2323 858 2339 —a
886 2312 1110 2359 Sequuntur
1141 2311 1180 2347 in
1205 2311 1340 2347 codice
1367 2311 1588 2347 sententiae
1615 2311 1659 2346 B.
1688 2310 1817 2355 Fabri,
1846 2321 1949 2357 quae

309 2371 409 2406 infra
427 2370 578 2414 damus3
597 2371 660 2405 hic
679 2376 809 2405 autern
829 2371 942 2406 simul
968 2372 1111 2416 omnia,
1136 2382 1235 2418 quae
1260 2371 1307 2406 ad
1332 2371 1373 2406 S.
1403 2370 1596 2417 Ignatium
1623 2375 1814 2416 spectant,
1842 2370 1950 2405 colli—

308 2442 402 2476 gere
429 2430 568 2465 melius
594 2430 719 2464 visum
745 2436 820 2474 est,
842 2437 883 2465 ut
907 2442 955 2465 ex
978 2430 1154 2465 foliorum
1180 2431 1380 2466 notatione
1399 2435 1574 2477 apparet,
1626 2431 1692 2456 —b
1719 2430 1824 2464 Ante
1849 2430 1947 2464 hanc
1994 2455 1997 2457 Α

310 2490 592 2537 paragraphum
612 2490 708 2524 haec
726 2489 832 2536 prius
852 2490 994 2536 scripta
1012 2490 1153 2536 fuerat,
1179 2501 1292 2537 quarn
1320 2490 1411 2527 Nat.
1437 2489 1677 2524 obliteravit:
1704 2488 1762 2524 ,Ve
1788 2499 1947 2523 moneas

310 2561 384 2591 me,
411 2550 543 2593 Ponti,
561 2549 605 2584 in
624 2548 796 2584 articulo
816 2551 958 2584 mortis
977 2551 1023 2585 de
1042 2550 1304 2597 vanagloria‚
1325 2550 1391 2584 sed
1405 2550 1508 2595 quod
1522 2549 1686 2596 gratias
1700 2551 1735 2583 et
1749 2549 1854 2582 dona
1870 2548 1948 2583 Dei

310 2609 643 2645 conculcauerim.
665 2608 803 2644 Sermo
821 2615 950 2643 autem
970 2609 1112 2654 Ignatii
1131 2609 1179 2644 ad
1198 2609 1241 2644 P.
1263 2609 1444 2644 Pontium
1464 2607 1738 2654 Cogordanum
1763 2612 1858 2642 erat.
1885 2607 1948 2642 Ti-

313 2671 417 2705 tulus
437 2669 474 2704 in
496 2667 682 2714 margine,
704 2667 751 2702 ad
771 2673 891 2703 totam
917 2669 1015 2703 hane
1042 2668 1183 2703 seriem
1209 2674 1406 2715 spectans,
1433 2668 1582 2703 Natalis
1608 2679 1724 2702 manu
1749 2672 1945 2712 exaratus,

312 2730 366 2764 ita
390 2730 522 2764 habet:
552 2729 601 2764 P.
627 2731 760 2764 noster
784 2728 984 2775 Ignatius,
1038 2738 1099 2755 -c
1126 2729 1240 2763 Haec·
1259 2729 1446 2774 particula
1470 2740 1491 2763 a
1518 2728 1608 2765 Nat.
1628 2727 1759 2762 addita
1777 2732 1851 2762 est.
1903 2745 1947 2753 -

314 2791 331 2815 d
361 2790 468 2824 Haec
499 2788 634 2824 ultima
659 2789 922 2834 paragraphus
946 2787 1019 2822 alia
1051 2799 1166 2822 manu
1197 2793 1354 2822 exarata
1385 2793 1459 2833 θεῖς
1486 2787 1555 2822 sed
1586 2787 1624 2822 in
1656 2785 1830 2832 margine
1856 2785 1950 2822 Nat.

316 2860 430 2883 manu
449 2849 545 2883 haec
569 2852 757 2883 consueta
785 2852 875 2882 nota
899 2847 1077 2882 habetur:
1099 2847 1184 2887 1:⁴³,
1206 2846 1242 2882 id
1262 2852 1335 2892 est,
1364 2847 1566 2893 Ignatius.

392 2954 399 2971 ¹
454 2950 495 2984 Id
515 2955 589 2995 est,
609 2950 729 2984 vitam
749 2950 915 2985 activam
930 2961 1017 2985 curn
1033 2950 1337 2996 contemplativa
1355 2949 1617 2996 conjunctam,
1633 2961 1702 2986 seu
1719 2950 1836 2985 vitam
1854 2949 1951 2984 mix-

319 3016 409 3051 tam,
430 3010 582 3055 qualem
602 3009 696 3043 alias
716 3009 799 3054 ipse
814 3009 856 3044 P.
875 3009 1023 3044 Natalis
1042 3009 1238 3054 describit,
1259 3021 1357 3055 quae
1376 3008 1629 3055 proculdubio
1647 3007 1855 3056 perfectior
1873 3012 1946 3043 est.

1984 3357 2028 3426 ἐς]
