<?xml version="1.0" encoding="UTF-8"?>
<!DOCTYPE html PUBLIC "-//W3C//DTD XHTML 1.0 Transitional//EN"
    "http://www.w3.org/TR/xhtml1/DTD/xhtml1-transitional.dtd">
<html xmlns="http://www.w3.org/1999/xhtml" xml:lang="en" lang="en">
 <head>
  <title>
</title>
<meta http-equiv="Content-Type" content="text/html;charset=utf-8" />
  <meta name='ocr-system' content='tesseract 3.04.00' />
  <meta name='ocr-capabilities' content='ocr_page ocr_carea ocr_par ocr_line ocrx_word'/>
</head>
<body>
  <div class='ocr_page' id='page_1' title='image "./epistolaephieron11nada_0153.png"; bbox 0 0 2028 3426; ppageno 0'>
   <div class='ocr_carea' id='block_1_1' title="bbox 0 0 34 3426">
    <p class='ocr_par' dir='ltr' id='par_1_1' title="bbox 0 0 34 3426">
     <span class='ocr_line' id='line_1_1' title="bbox 0 0 34 3426; baseline 0 0"><span class='ocrx_word' id='word_1_1' title='bbox 0 0 34 3426; x_wconf 95' lang='lat' dir='ltr'><strong> </strong></span> 
     </span>
    </p>
   </div>
   <div class='ocr_carea' id='block_1_2' title="bbox 612 232 1665 277">
    <p class='ocr_par' dir='ltr' id='par_1_2' title="bbox 612 232 1665 277">
     <span class='ocr_line' id='line_1_2' title="bbox 612 232 1665 277; baseline -0.006 -5"><span class='ocrx_word' id='word_1_2' title='bbox 612 237 886 272; x_wconf 78' lang='lat' dir='ltr'>MONUMENTA</span> <span class='ocrx_word' id='word_1_3' title='bbox 914 232 1181 269; x_wconf 83' lang='lat' dir='ltr'>ITALIAE—13</span> <span class='ocrx_word' id='word_1_4' title='bbox 1602 242 1665 277; x_wconf 80' lang='lat'><strong>127</strong></span> 
     </span>
    </p>
   </div>
   <div class='ocr_carea' id='block_1_3' title="bbox 13 334 1714 2178">
    <p class='ocr_par' dir='ltr' id='par_1_3' title="bbox 13 334 1714 2178">
     <span class='ocr_line' id='line_1_3' title="bbox 13 334 1714 405; baseline -0.006 -21"><span class='ocrx_word' id='word_1_5' title='bbox 13 390 16 405; x_wconf 39' lang='grc' dir='ltr'>ι</span> <span class='ocrx_word' id='word_1_6' title='bbox 85 354 198 392; x_wconf 90' lang='lat' dir='ltr'><strong>rum,</strong></span> <span class='ocrx_word' id='word_1_7' title='bbox 223 339 474 382; x_wconf 88' lang='lat' dir='ltr'><strong>secundum</strong></span> <span class='ocrx_word' id='word_1_8' title='bbox 503 338 693 380; x_wconf 87' lang='lat' dir='ltr'><strong>formam</strong></span> <span class='ocrx_word' id='word_1_9' title='bbox 725 336 1087 393; x_wconf 82' lang='lat' dir='ltr'><strong>priuilegiorum,</strong></span> <span class='ocrx_word' id='word_1_10' title='bbox 1122 335 1290 377; x_wconf 92' lang='lat' dir='ltr'><strong>habere</strong></span> <span class='ocrx_word' id='word_1_11' title='bbox 1328 339 1597 389; x_wconf 87' lang='lat' dir='ltr'><strong>potestatem</strong></span> <span class='ocrx_word' id='word_1_12' title='bbox 1632 334 1714 375; x_wconf 88' lang='lat' dir='ltr'><strong>eli-</strong></span> 
     </span>
     <span class='ocr_line' id='line_1_4' title="bbox 36 410 1714 474; baseline -0.007 -12.155"><span class='ocrx_word' id='word_1_13' title='bbox 36 457 40 461; x_wconf 91' lang='lat'>.</span> <span class='ocrx_word' id='word_1_14' title='bbox 59 415 221 474; x_wconf 50' lang='lat' dir='ltr'><strong>⁴,gendi</strong></span> <span class='ocrx_word' id='word_1_15' title='bbox 258 414 342 458; x_wconf 93' lang='lat' dir='ltr'><strong>sibi</strong></span> <span class='ocrx_word' id='word_1_16' title='bbox 380 414 705 470; x_wconf 87' lang='lat' dir='ltr'><strong>praepositum,</strong></span> <span class='ocrx_word' id='word_1_17' title='bbox 742 421 820 456; x_wconf 88' lang='lat' dir='ltr'><strong>aut</strong></span> <span class='ocrx_word' id='word_1_18' title='bbox 858 412 1037 456; x_wconf 81' lang='lat' dir='ltr'><strong>interim</strong></span> <span class='ocrx_word' id='word_1_19' title='bbox 1076 410 1311 461; x_wconf 83' lang='lat' dir='ltr'><strong>vicarium,</strong></span> <span class='ocrx_word' id='word_1_20' title='bbox 1355 423 1591 464; x_wconf 88' lang='lat' dir='ltr'><strong>usquequo</strong></span> <span class='ocrx_word' id='word_1_21' title='bbox 1636 410 1714 451; x_wconf 82' lang='lat' dir='ltr'><strong>tiat</strong></span> 
     </span>
     <span class='ocr_line' id='line_1_5' title="bbox 83 477 1713 552; baseline -0.006 -16"><span class='ocrx_word' id='word_1_22' title='bbox 83 491 375 548; x_wconf 84' lang='lat' dir='ltr'><strong>congregatio</strong></span> <span class='ocrx_word' id='word_1_23' title='bbox 404 490 646 546; x_wconf 85' lang='lat' dir='ltr'><strong>generalis,</strong></span> <span class='ocrx_word' id='word_1_24' title='bbox 678 490 917 545; x_wconf 76' lang='lat' dir='ltr'><strong>eidemque</strong></span> <span class='ocrx_word' id='word_1_25' title='bbox 949 477 1204 552; x_wconf 32' lang='lat' dir='ltr'><strong>Societatis*</strong></span> <span class='ocrx_word' id='word_1_26' title='bbox 1223 486 1414 542; x_wconf 82' lang='lat' dir='ltr'><strong>negocia</strong></span> <span class='ocrx_word' id='word_1_27' title='bbox 1443 484 1713 528; x_wconf 87' lang='lat' dir='ltr'><strong>conficiendi</strong></span> 
     </span>
     <span class='ocr_line' id='line_1_6' title="bbox 82 562 1711 621; baseline -0.006 -9"><span class='ocrx_word' id='word_1_28' title='bbox 82 583 214 613; x_wconf 89' lang='lat' dir='ltr'><strong>curae</strong></span> <span class='ocrx_word' id='word_1_29' title='bbox 236 582 335 611; x_wconf 89' lang='lat' dir='ltr'><strong>esse</strong></span> <span class='ocrx_word' id='word_1_30' title='bbox 358 567 530 621; x_wconf 82' lang='lat' dir='ltr'><strong>absque</strong></span> <span class='ocrx_word' id='word_1_31' title='bbox 553 567 745 609; x_wconf 83' lang='lat' dir='ltr'><strong>aliorum</strong></span> <span class='ocrx_word' id='word_1_32' title='bbox 768 567 841 609; x_wconf 87' lang='lat' dir='ltr'><strong>uel</strong></span> <span class='ocrx_word' id='word_1_33' title='bbox 858 565 1046 609; x_wconf 87' lang='lat' dir='ltr'><strong>consilio</strong></span> <span class='ocrx_word' id='word_1_34' title='bbox 1065 565 1138 607; x_wconf 83' lang='lat' dir='ltr'><strong>uel</strong></span> <span class='ocrx_word' id='word_1_35' title='bbox 1161 577 1389 607; x_wconf 89' lang='lat' dir='ltr'><strong>consensu</strong></span> <span class='ocrx_word' id='word_1_36' title='bbox 1411 562 1456 604; x_wconf 90' lang='lat' dir='ltr'><strong>in</strong></span> <span class='ocrx_word' id='word_1_37' title='bbox 1475 562 1611 604; x_wconf 90' lang='lat' dir='ltr'><strong>rebus</strong></span> <span class='ocrx_word' id='word_1_38' title='bbox 1631 576 1711 616; x_wconf 78' lang='lat' dir='ltr'><strong>ge-</strong></span> 
     </span>
     <span class='ocr_line' id='line_1_7' title="bbox 14 635 1524 699; baseline -0.006 -10"><span class='ocrx_word' id='word_1_39' title='bbox 14 635 16 637; x_wconf 19' lang='lat'><em>*</em></span> <span class='ocrx_word' id='word_1_40' title='bbox 81 644 244 696; x_wconf 90' lang='lat' dir='ltr'><strong>rendis,</strong></span> <span class='ocrx_word' id='word_1_41' title='bbox 269 658 382 699; x_wconf 91' lang='lat' dir='ltr'><strong>quas</strong></span> <span class='ocrx_word' id='word_1_42' title='bbox 405 644 478 688; x_wconf 88' lang='lat' dir='ltr'><strong>uel</strong></span> <span class='ocrx_word' id='word_1_43' title='bbox 500 643 587 686; x_wconf 88' lang='lat' dir='ltr'><strong>sibi</strong></span> <span class='ocrx_word' id='word_1_44' title='bbox 609 644 800 698; x_wconf 84' lang='lat' dir='ltr'><strong>placeat,</strong></span> <span class='ocrx_word' id='word_1_45' title='bbox 828 644 901 685; x_wconf 81' lang='lat' dir='ltr'><strong>uel</strong></span> <span class='ocrx_word' id='word_1_46' title='bbox 922 641 1271 685; x_wconf 79' lang='lat' dir='ltr'><strong>constitutiones</strong></span> <span class='ocrx_word' id='word_1_47' title='bbox 1293 639 1524 681; x_wconf 80' lang='lat' dir='ltr'><strong>mandent.</strong></span> 
     </span>
     <span class='ocr_line' id='line_1_8' title="bbox 168 714 1712 776; baseline -0.006 -12"><span class='ocrx_word' id='word_1_48' title='bbox 168 723 336 764; x_wconf 86' lang='lat' dir='ltr'><strong>Decem</strong></span> <span class='ocrx_word' id='word_1_49' title='bbox 353 720 521 776; x_wconf 91' lang='lat' dir='ltr'><strong>primos</strong></span> <span class='ocrx_word' id='word_1_50' title='bbox 540 720 818 770; x_wconf 81' lang='lat' dir='ltr'><strong>fundatores,</strong></span> <span class='ocrx_word' id='word_1_51' title='bbox 840 727 976 774; x_wconf 88' lang='lat' dir='ltr'><strong>atque</strong></span> <span class='ocrx_word' id='word_1_52' title='bbox 994 720 1108 761; x_wconf 88' lang='lat' dir='ltr'><strong>adeo</strong></span> <span class='ocrx_word' id='word_1_53' title='bbox 1127 724 1328 759; x_wconf 87' lang='lat' dir='ltr'><strong>oratores</strong></span> <span class='ocrx_word' id='word_1_54' title='bbox 1346 723 1391 758; x_wconf 93' lang='lat' dir='ltr'><strong>et</strong></span> <span class='ocrx_word' id='word_1_55' title='bbox 1409 714 1571 765; x_wconf 88' lang='lat' dir='ltr'><strong>socios,</strong></span> <span class='ocrx_word' id='word_1_56' title='bbox 1592 715 1712 756; x_wconf 87' lang='lat' dir='ltr'><strong>solos</strong></span> 
     </span>
     <span class='ocr_line' id='line_1_9' title="bbox 82 794 1710 850; baseline -0.006 -8"><span class='ocrx_word' id='word_1_57' title='bbox 82 796 352 842; x_wconf 88' lang='lat' dir='ltr'><strong>Societatem</strong></span> <span class='ocrx_word' id='word_1_58' title='bbox 391 797 554 848; x_wconf 87' lang='lat' dir='ltr'><strong>facere,</strong></span> <span class='ocrx_word' id='word_1_59' title='bbox 595 795 837 838; x_wconf 89' lang='lat' dir='ltr'><strong>ridiculum</strong></span> <span class='ocrx_word' id='word_1_60' title='bbox 877 810 975 839; x_wconf 88' lang='lat' dir='ltr'><strong>esse</strong></span> <span class='ocrx_word' id='word_1_61' title='bbox 1013 802 1139 850; x_wconf 90' lang='lat' dir='ltr'><strong>puto,</strong></span> <span class='ocrx_word' id='word_1_62' title='bbox 1180 794 1260 836; x_wconf 91' lang='lat' dir='ltr'><strong>sed</strong></span> <span class='ocrx_word' id='word_1_63' title='bbox 1297 799 1470 847; x_wconf 87' lang='lat' dir='ltr'><strong>partem</strong></span> <span class='ocrx_word' id='word_1_64' title='bbox 1515 797 1710 843; x_wconf 91' lang='lat' dir='ltr'><strong>tantum,</strong></span> 
     </span>
     <span class='ocr_line' id='line_1_10' title="bbox 52 870 1458 929; baseline -0.004 -13"><span class='ocrx_word' id='word_1_65' title='bbox 52 914 54 916; x_wconf 87' lang='lat'>.</span> <span class='ocrx_word' id='word_1_66' title='bbox 81 873 204 917; x_wconf 87' lang='lat' dir='ltr'><strong>iuxta</strong></span> <span class='ocrx_word' id='word_1_67' title='bbox 226 873 568 929; x_wconf 85' lang='lat' dir='ltr'><strong>priuilegiorum</strong></span> <span class='ocrx_word' id='word_1_68' title='bbox 587 874 779 915; x_wconf 85' lang='lat' dir='ltr'><strong>formam</strong></span> <span class='ocrx_word' id='word_1_69' title='bbox 803 879 847 914; x_wconf 88' lang='lat' dir='ltr'><strong>et</strong></span> <span class='ocrx_word' id='word_1_70' title='bbox 870 872 980 914; x_wconf 88' lang='lat' dir='ltr'><strong>iuris</strong></span> <span class='ocrx_word' id='word_1_71' title='bbox 1002 870 1458 926; x_wconf 57' lang='lat' dir='ltr'><strong>interpretationem„</strong></span> 
     </span>
     <span class='ocr_line' id='line_1_11' title="bbox 168 945 1709 1006; baseline -0.005 -11"><span class='ocrx_word' id='word_1_72' title='bbox 168 950 424 1006; x_wconf 85' lang='lat' dir='ltr'><strong>Scripturas</strong></span> <span class='ocrx_word' id='word_1_73' title='bbox 447 956 597 992; x_wconf 89' lang='lat' dir='ltr'><strong>autern</strong></span> <span class='ocrx_word' id='word_1_74' title='bbox 622 964 674 992; x_wconf 92' lang='lat' dir='ltr'><strong>ac</strong></span> <span class='ocrx_word' id='word_1_75' title='bbox 697 949 894 992; x_wconf 88' lang='lat' dir='ltr'><strong>rationes</strong></span> <span class='ocrx_word' id='word_1_76' title='bbox 917 948 1090 992; x_wconf 84' lang='lat' dir='ltr'><strong>aeditas</strong></span> <span class='ocrx_word' id='word_1_77' title='bbox 1113 963 1138 990; x_wconf 93' lang='lat' dir='ltr'><strong>a</strong></span> <span class='ocrx_word' id='word_1_78' title='bbox 1168 949 1222 990; x_wconf 84' lang='lat' dir='ltr'><strong>R.</strong></span> <span class='ocrx_word' id='word_1_79' title='bbox 1258 949 1312 991; x_wconf 87' lang='lat' dir='ltr'><strong>P.</strong></span> <span class='ocrx_word' id='word_1_80' title='bbox 1343 948 1461 989; x_wconf 92' lang='lat' dir='ltr'><strong>Dno.</strong></span> <span class='ocrx_word' id='word_1_81' title='bbox 1499 945 1709 997; x_wconf 80' lang='lat' dir='ltr'><strong>Nicolao,</strong></span> 
     </span>
     <span class='ocr_line' id='line_1_12' title="bbox 82 1021 1709 1083; baseline -0.003 -15"><span class='ocrx_word' id='word_1_82' title='bbox 82 1026 315 1083; x_wconf 84' lang='lat' dir='ltr'><strong>presertim</strong></span> <span class='ocrx_word' id='word_1_83' title='bbox 354 1025 491 1078; x_wconf 90' lang='lat' dir='ltr'><strong>illam,</strong></span> <span class='ocrx_word' id='word_1_84' title='bbox 532 1040 648 1081; x_wconf 88' lang='lat' dir='ltr'><strong>quae</strong></span> <span class='ocrx_word' id='word_1_85' title='bbox 678 1026 923 1069; x_wconf 84' lang='lat' dir='ltr'><strong>vernacula</strong></span> <span class='ocrx_word' id='word_1_86' title='bbox 950 1025 1109 1080; x_wconf 67' lang='lat' dir='ltr'><strong>lingua</strong></span> <span class='ocrx_word' id='word_1_87' title='bbox 1141 1023 1305 1079; x_wconf 87' lang='lat' dir='ltr'><strong>scripta</strong></span> <span class='ocrx_word' id='word_1_88' title='bbox 1340 1029 1424 1074; x_wconf 88' lang='lat' dir='ltr'><strong>est,</strong></span> <span class='ocrx_word' id='word_1_89' title='bbox 1461 1029 1505 1065; x_wconf 87' lang='lat' dir='ltr'><strong>et</strong></span> <span class='ocrx_word' id='word_1_90' title='bbox 1538 1021 1709 1077; x_wconf 87' lang='lat' dir='ltr'><strong>incipit:</strong></span> 
     </span>
     <span class='ocr_line' id='line_1_13' title="bbox 85 1101 1707 1164; baseline -0.003 -20"><span class='ocrx_word' id='word_1_91' title='bbox 85 1104 211 1164; x_wconf 71' lang='lat' dir='ltr'><strong>3‹Non</strong></span> <span class='ocrx_word' id='word_1_92' title='bbox 247 1103 392 1158; x_wconf 89' lang='lat' dir='ltr'><strong>saprei</strong></span> <span class='ocrx_word' id='word_1_93' title='bbox 431 1103 473 1145; x_wconf 92' lang='lat' dir='ltr'><strong>io</strong></span> <span class='ocrx_word' id='word_1_94' title='bbox 509 1103 709 1158; x_wconf 78' lang='lat' dir='ltr'><strong>parlare»</strong></span> <span class='ocrx_word' id='word_1_95' title='bbox 750 1109 837 1145; x_wconf 88' lang='lat' dir='ltr'><strong>etc.</strong></span> <span class='ocrx_word' id='word_1_96' title='bbox 885 1104 912 1153; x_wconf 86' lang='lat'><strong>¹,</strong></span> <span class='ocrx_word' id='word_1_97' title='bbox 958 1101 1353 1151; x_wconf 86' lang='lat' dir='ltr'><strong>immortificatam,</strong></span> <span class='ocrx_word' id='word_1_98' title='bbox 1399 1106 1707 1154; x_wconf 80' lang='lat' dir='ltr'><strong>arrogantem,</strong></span> 
     </span>
     <span class='ocr_line' id='line_1_14' title="bbox 16 1173 1710 1235; baseline -0.004 -13"><span class='ocrx_word' id='word_1_99' title='bbox 16 1207 17 1210; x_wconf 61' lang='lat'><em>=</em></span> <span class='ocrx_word' id='word_1_100' title='bbox 51 1179 54 1182; x_wconf 62' lang='grc'>’</span> <span class='ocrx_word' id='word_1_101' title='bbox 80 1179 404 1231; x_wconf 88' lang='lat' dir='ltr'><strong>scandalosam,</strong></span> <span class='ocrx_word' id='word_1_102' title='bbox 431 1179 558 1235; x_wconf 88' lang='lat' dir='ltr'><strong>(citra</strong></span> <span class='ocrx_word' id='word_1_103' title='bbox 580 1173 805 1230; x_wconf 87' lang='lat' dir='ltr'><strong>iniuriam,</strong></span> <span class='ocrx_word' id='word_1_104' title='bbox 827 1186 904 1220; x_wconf 89' lang='lat' dir='ltr'><strong>aut</strong></span> <span class='ocrx_word' id='word_1_105' title='bbox 928 1177 1136 1232; x_wconf 90' lang='lat' dir='ltr'><strong>quemuis</strong></span> <span class='ocrx_word' id='word_1_106' title='bbox 1158 1175 1463 1219; x_wconf 88' lang='lat' dir='ltr'><strong>calumniandi</strong></span> <span class='ocrx_word' id='word_1_107' title='bbox 1494 1174 1710 1230; x_wconf 83' lang='lat' dir='ltr'><strong>animum)</strong></span> 
     </span>
     <span class='ocr_line' id='line_1_15' title="bbox 16 1248 1709 1311; baseline -0.003 -14"><span class='ocrx_word' id='word_1_108' title='bbox 16 1248 17 1251; x_wconf 28' lang='lat'>¹</span> <span class='ocrx_word' id='word_1_109' title='bbox 79 1253 287 1307; x_wconf 81' lang='lat' dir='ltr'><strong>indicaui,</strong></span> <span class='ocrx_word' id='word_1_110' title='bbox 313 1263 358 1299; x_wconf 93' lang='lat' dir='ltr'><strong>et</strong></span> <span class='ocrx_word' id='word_1_111' title='bbox 379 1257 548 1298; x_wconf 91' lang='lat' dir='ltr'><strong>nedum</strong></span> <span class='ocrx_word' id='word_1_112' title='bbox 571 1256 827 1311; x_wconf 85' lang='lat' dir='ltr'><strong>professore</strong></span> <span class='ocrx_word' id='word_1_113' title='bbox 850 1255 992 1311; x_wconf 83' lang='lat' dir='ltr'><strong>primo</strong></span> <span class='ocrx_word' id='word_1_114' title='bbox 1015 1253 1257 1298; x_wconf 88' lang='lat' dir='ltr'><strong>Societatis</strong></span> <span class='ocrx_word' id='word_1_115' title='bbox 1279 1255 1406 1310; x_wconf 90' lang='lat' dir='ltr'><strong>Jesu,</strong></span> <span class='ocrx_word' id='word_1_116' title='bbox 1439 1259 1484 1295; x_wconf 89' lang='lat' dir='ltr'><strong>et</strong></span> <span class='ocrx_word' id='word_1_117' title='bbox 1514 1251 1591 1306; x_wconf 92' lang='lat' dir='ltr'><strong>qui</strong></span> <span class='ocrx_word' id='word_1_118' title='bbox 1621 1266 1709 1307; x_wconf 78' lang='lat' dir='ltr'><strong>gu—</strong></span> 
     </span>
     <span class='ocr_line' id='line_1_16' title="bbox 71 1328 1709 1388; baseline -0.002 -15"><span class='ocrx_word' id='word_1_119' title='bbox 71 1332 282 1375; x_wconf 88' lang='lat' dir='ltr'><strong>bernium</strong></span> <span class='ocrx_word' id='word_1_120' title='bbox 310 1333 581 1388; x_wconf 82' lang='lat' dir='ltr'><strong>praetendit,</strong></span> <span class='ocrx_word' id='word_1_121' title='bbox 613 1332 914 1386; x_wconf 90' lang='lat' dir='ltr'><strong>omnibusque</strong></span> <span class='ocrx_word' id='word_1_122' title='bbox 945 1339 1039 1373; x_wconf 90' lang='lat' dir='ltr'><strong>tum</strong></span> <span class='ocrx_word' id='word_1_123' title='bbox 1069 1330 1339 1383; x_wconf 86' lang='lat' dir='ltr'><strong>humilitate,</strong></span> <span class='ocrx_word' id='word_1_124' title='bbox 1366 1337 1462 1371; x_wconf 90' lang='lat' dir='ltr'><strong>tum</strong></span> <span class='ocrx_word' id='word_1_125' title='bbox 1487 1328 1709 1371; x_wconf 87' lang='lat' dir='ltr'><strong>modestia</strong></span> 
     </span>
     <span class='ocr_line' id='line_1_17' title="bbox 53 1404 1704 1464; baseline -0.002 -14"><span class='ocrx_word' id='word_1_126' title='bbox 53 1432 56 1435; x_wconf 91' lang='lat'>·</span> <span class='ocrx_word' id='word_1_127' title='bbox 80 1421 131 1451; x_wconf 88' lang='lat' dir='ltr'><strong>ac</strong></span> <span class='ocrx_word' id='word_1_128' title='bbox 159 1409 506 1452; x_wconf 88' lang='lat' dir='ltr'><strong>mansuetudine</strong></span> <span class='ocrx_word' id='word_1_129' title='bbox 537 1410 741 1464; x_wconf 83' lang='lat' dir='ltr'><strong>exemplo</strong></span> <span class='ocrx_word' id='word_1_130' title='bbox 773 1423 874 1452; x_wconf 86' lang='lat' dir='ltr'><strong>esse</strong></span> <span class='ocrx_word' id='word_1_131' title='bbox 901 1409 1102 1459; x_wconf 87' lang='lat' dir='ltr'><strong>deberet,</strong></span> <span class='ocrx_word' id='word_1_132' title='bbox 1139 1408 1219 1450; x_wconf 90' lang='lat' dir='ltr'><strong>sed</strong></span> <span class='ocrx_word' id='word_1_133' title='bbox 1251 1421 1310 1449; x_wconf 90' lang='lat' dir='ltr'><strong>ne</strong></span> <span class='ocrx_word' id='word_1_134' title='bbox 1337 1406 1478 1448; x_wconf 89' lang='lat' dir='ltr'><strong>milite</strong></span> <span class='ocrx_word' id='word_1_135' title='bbox 1506 1404 1704 1460; x_wconf 87' lang='lat' dir='ltr'><strong>quidem,</strong></span> 
     </span>
     <span class='ocr_line' id='line_1_18' title="bbox 63 1475 1708 1546; baseline -0.002 -19"><span class='ocrx_word' id='word_1_136' title='bbox 63 1475 154 1546; x_wconf 74' lang='lat' dir='ltr'><strong>aut</strong></span> <span class='ocrx_word' id='word_1_137' title='bbox 173 1485 269 1527; x_wconf 91' lang='lat' dir='ltr'><strong>viro</strong></span> <span class='ocrx_word' id='word_1_138' title='bbox 292 1485 491 1540; x_wconf 86' lang='lat' dir='ltr'><strong>alioquin</strong></span> <span class='ocrx_word' id='word_1_139' title='bbox 515 1486 826 1537; x_wconf 85' lang='lat' dir='ltr'><strong>immoderato,</strong></span> <span class='ocrx_word' id='word_1_140' title='bbox 852 1485 1037 1541; x_wconf 81' lang='lat' dir='ltr'><strong>dignam</strong></span> <span class='ocrx_word' id='word_1_141' title='bbox 1061 1498 1161 1528; x_wconf 91' lang='lat' dir='ltr'><strong>esse</strong></span> <span class='ocrx_word' id='word_1_142' title='bbox 1183 1483 1356 1535; x_wconf 87' lang='lat' dir='ltr'><strong>censui;</strong></span> <span class='ocrx_word' id='word_1_143' title='bbox 1383 1497 1580 1537; x_wconf 89' lang='lat' dir='ltr'><strong>cumque</strong></span> <span class='ocrx_word' id='word_1_144' title='bbox 1612 1481 1708 1537; x_wconf 89' lang='lat' dir='ltr'><strong>ipse</strong></span> 
     </span>
     <span class='ocr_line' id='line_1_19' title="bbox 78 1558 1708 1618; baseline -0.003 -13"><span class='ocrx_word' id='word_1_145' title='bbox 78 1562 197 1605; x_wconf 84' lang='lat' dir='ltr'><strong>solus</strong></span> <span class='ocrx_word' id='word_1_146' title='bbox 218 1562 504 1617; x_wconf 79' lang='lat' dir='ltr'><strong>gubernandi</strong></span> <span class='ocrx_word' id='word_1_147' title='bbox 532 1562 603 1604; x_wconf 90' lang='lat' dir='ltr'><strong>ius</strong></span> <span class='ocrx_word' id='word_1_148' title='bbox 626 1563 880 1618; x_wconf 86' lang='lat' dir='ltr'><strong>pretendat,</strong></span> <span class='ocrx_word' id='word_1_149' title='bbox 907 1561 1090 1616; x_wconf 87' lang='lat' dir='ltr'><strong>reliquis</strong></span> <span class='ocrx_word' id='word_1_150' title='bbox 1113 1559 1470 1615; x_wconf 88' lang='lat' dir='ltr'><strong>quiescentibus,</strong></span> <span class='ocrx_word' id='word_1_151' title='bbox 1496 1573 1587 1601; x_wconf 92' lang='lat' dir='ltr'><strong>non</strong></span> <span class='ocrx_word' id='word_1_152' title='bbox 1610 1558 1708 1614; x_wconf 84' lang='lat' dir='ltr'><strong>sine</strong></span> 
     </span>
     <span class='ocr_line' id='line_1_20' title="bbox 17 1634 1706 1694; baseline -0.002 -14"><span class='ocrx_word' id='word_1_153' title='bbox 17 1687 18 1690; x_wconf 11' lang='grc' dir='ltr'><strong>Ἴ</strong></span> <span class='ocrx_word' id='word_1_154' title='bbox 77 1651 241 1694; x_wconf 82' lang='lat' dir='ltr'><strong>magna</strong></span> <span class='ocrx_word' id='word_1_155' title='bbox 262 1652 314 1680; x_wconf 89' lang='lat' dir='ltr'><strong>ac</strong></span> <span class='ocrx_word' id='word_1_156' title='bbox 337 1639 536 1682; x_wconf 88' lang='lat' dir='ltr'><strong>uiolenta</strong></span> <span class='ocrx_word' id='word_1_157' title='bbox 553 1639 812 1682; x_wconf 87' lang='lat' dir='ltr'><strong>ambitionis</strong></span> <span class='ocrx_word' id='word_1_158' title='bbox 830 1637 1168 1694; x_wconf 87' lang='lat' dir='ltr'><strong>presumptione</strong></span> <span class='ocrx_word' id='word_1_159' title='bbox 1186 1635 1511 1680; x_wconf 89' lang='lat' dir='ltr'><strong>conscideratis</strong></span> <span class='ocrx_word' id='word_1_160' title='bbox 1529 1634 1706 1678; x_wconf 89' lang='lat' dir='ltr'><strong>consci-</strong></span> 
     </span>
     <span class='ocr_line' id='line_1_21' title="bbox 78 1714 1502 1771; baseline -0.001 -15"><span class='ocrx_word' id='word_1_161' title='bbox 78 1714 284 1758; x_wconf 91' lang='lat' dir='ltr'><strong>derandis</strong></span> <span class='ocrx_word' id='word_1_162' title='bbox 305 1715 402 1758; x_wconf 91' lang='lat' dir='ltr'><strong>fieri</strong></span> <span class='ocrx_word' id='word_1_163' title='bbox 425 1715 626 1771; x_wconf 89' lang='lat' dir='ltr'><strong>potuisse</strong></span> <span class='ocrx_word' id='word_1_164' title='bbox 649 1715 920 1759; x_wconf 81' lang='lat' dir='ltr'><strong>existimaui.</strong></span> <span class='ocrx_word' id='word_1_165' title='bbox 948 1716 997 1757; x_wconf 92' lang='lat' dir='ltr'><strong>In</strong></span> <span class='ocrx_word' id='word_1_166' title='bbox 1021 1729 1214 1769; x_wconf 85' lang='lat' dir='ltr'><strong>quorum</strong></span> <span class='ocrx_word' id='word_1_167' title='bbox 1237 1714 1388 1764; x_wconf 88' lang='lat' dir='ltr'><strong>fidem,</strong></span> <span class='ocrx_word' id='word_1_168' title='bbox 1415 1720 1502 1755; x_wconf 90' lang='lat' dir='ltr'><strong>etc.</strong></span> 
     </span>
     <span class='ocr_line' id='line_1_22' title="bbox 163 1791 1251 1848; baseline -0.002 -14"><span class='ocrx_word' id='word_1_169' title='bbox 163 1793 331 1834; x_wconf 89' lang='lat' dir='ltr'><strong>Datum</strong></span> <span class='ocrx_word' id='word_1_170' title='bbox 355 1794 541 1841; x_wconf 86' lang='lat' dir='ltr'><strong>Romae,</strong></span> <span class='ocrx_word' id='word_1_171' title='bbox 567 1793 640 1836; x_wconf 88' lang='lat' dir='ltr'><strong>die</strong></span> <span class='ocrx_word' id='word_1_172' title='bbox 663 1793 704 1848; x_wconf 82' lang='lat' dir='ltr'><strong>xj</strong></span> <span class='ocrx_word' id='word_1_173' title='bbox 730 1791 998 1836; x_wconf 88' lang='lat' dir='ltr'><strong>Settembris</strong></span> <span class='ocrx_word' id='word_1_174' title='bbox 1022 1804 1251 1843; x_wconf 80' lang='lat' dir='ltr'>M.D.Lv1J.</span> 
     </span>
     <span class='ocr_line' id='line_1_23' title="bbox 160 1866 1705 1921; baseline -0.003 -11"><span class='ocrx_word' id='word_1_175' title='bbox 160 1869 196 1910; x_wconf 95' lang='lat' dir='ltr'>F</span> <span class='ocrx_word' id='word_1_176' title='bbox 202 1882 375 1912; x_wconf 85' lang='lat' dir='ltr'>ULUIUS</span> <span class='ocrx_word' id='word_1_177' title='bbox 419 1870 725 1921; x_wconf 83' lang='lat' dir='ltr'><strong>ANDROTIUS,</strong></span> <span class='ocrx_word' id='word_1_178' title='bbox 767 1868 969 1912; x_wconf 90' lang='lat' dir='ltr'><strong>eiusdem</strong></span> <span class='ocrx_word' id='word_1_179' title='bbox 1008 1867 1248 1912; x_wconf 84' lang='lat' dir='ltr'><strong>Societatis</strong></span> <span class='ocrx_word' id='word_1_180' title='bbox 1285 1866 1514 1921; x_wconf 87' lang='lat' dir='ltr'><strong>sacerdos,</strong></span> <span class='ocrx_word' id='word_1_181' title='bbox 1565 1879 1705 1906; x_wconf 82' lang='lat' dir='ltr'><strong>manu</strong></span> 
     </span>
     <span class='ocr_line' id='line_1_24' title="bbox 15 1939 269 2000; baseline 0 -14"><span class='ocrx_word' id='word_1_182' title='bbox 15 1939 19 1981; x_wconf 72' lang='grc' dir='ltr'><em>ἶ</em></span> <span class='ocrx_word' id='word_1_183' title='bbox 61 1944 269 2000; x_wconf 70' lang='lat' dir='ltr'><strong>propria.</strong></span> 
     </span>
     <span class='ocr_line' id='line_1_25' title="bbox 853 2051 929 2093; baseline -0.013 0"><span class='ocrx_word' id='word_1_184' title='bbox 853 2051 929 2093; x_wconf 76' lang='lat'><strong>13</strong></span> 
     </span>
     <span class='ocr_line' id='line_1_26' title="bbox 383 2134 1392 2178; baseline 0 -2"><span class='ocrx_word' id='word_1_185' title='bbox 383 2135 451 2176; x_wconf 91' lang='lat' dir='ltr'><strong>P.</strong></span> <span class='ocrx_word' id='word_1_186' title='bbox 508 2135 979 2178; x_wconf 83' lang='lat' dir='ltr'>HIERONYMI</span> <span class='ocrx_word' id='word_1_187' title='bbox 1031 2134 1392 2176; x_wconf 86' lang='lat' dir='ltr'><strong>NATALIS</strong></span> 
     </span>
    </p>
   </div>
   <div class='ocr_carea' id='block_1_4' title="bbox 489 2235 1288 2444">
    <p class='ocr_par' dir='ltr' id='par_1_4' title="bbox 489 2235 1288 2444">
     <span class='ocr_line' id='line_1_27' title="bbox 534 2235 1254 2266; baseline -0.001 0"><span class='ocrx_word' id='word_1_188' title='bbox 534 2237 800 2266; x_wconf 78' lang='lat' dir='ltr'>RESPONSlO</span> <span class='ocrx_word' id='word_1_189' title='bbox 835 2235 1254 2266; x_wconf 83' lang='lat' dir='ltr'>ACCUSATIONIBUS</span> 
     </span>
     <span class='ocr_line' id='line_1_28' title="bbox 489 2316 1288 2354; baseline -0.001 -3"><span class='ocrx_word' id='word_1_190' title='bbox 489 2317 536 2351; x_wconf 89' lang='lat' dir='ltr'><strong>P.</strong></span> <span class='ocrx_word' id='word_1_191' title='bbox 585 2316 846 2354; x_wconf 84' lang='lat' dir='ltr'>NICOLAI</span> <span class='ocrx_word' id='word_1_192' title='bbox 886 2316 1288 2353; x_wconf 87' lang='lat' dir='ltr'><strong>BOBADILLAE</strong></span> 
     </span>
     <span class='ocr_line' id='line_1_29' title="bbox 570 2398 1212 2444; baseline 0.003 -9"><span class='ocrx_word' id='word_1_193' title='bbox 570 2408 729 2444; x_wconf 83' lang='lat' dir='ltr'><strong>ROMAE,</strong></span> <span class='ocrx_word' id='word_1_194' title='bbox 757 2407 954 2435; x_wconf 79' lang='lat' dir='ltr'><strong>AUGUSTO</strong></span> <span class='ocrx_word' id='word_1_195' title='bbox 981 2398 1040 2444; x_wconf 87' lang='lat'><strong>(?)</strong></span> <span class='ocrx_word' id='word_1_196' title='bbox 1069 2407 1157 2444; x_wconf 81' lang='lat'>1557</span> <span class='ocrx_word' id='word_1_197' title='bbox 1184 2401 1212 2437; x_wconf 86' lang='lat'><strong>-&#39;.</strong></span> 
     </span>
    </p>
   </div>
   <div class='ocr_carea' id='block_1_5' title="bbox 420 2482 1348 2531">
    <p class='ocr_par' dir='ltr' id='par_1_5' title="bbox 420 2482 1348 2531">
     <span class='ocr_line' id='line_1_30' title="bbox 420 2482 1348 2531; baseline -0.002 -14"><span class='ocrx_word' id='word_1_198' title='bbox 420 2482 671 2517; x_wconf 76' lang='lat' dir='ltr'><strong>Adversaria</strong></span> <span class='ocrx_word' id='word_1_199' title='bbox 705 2483 873 2517; x_wconf 77' lang='lat' dir='ltr'><strong>actionis</strong></span> <span class='ocrx_word' id='word_1_200' title='bbox 915 2482 985 2517; x_wconf 85' lang='lat' dir='ltr'><strong>sub</strong></span> <span class='ocrx_word' id='word_1_201' title='bbox 1018 2495 1059 2531; x_wconf 67' lang='grc' dir='ltr'><strong>ῃ.</strong></span> <span class='ocrx_word' id='word_1_202' title='bbox 1098 2490 1148 2527; x_wconf 83' lang='lat'><strong>15</strong></span> <span class='ocrx_word' id='word_1_203' title='bbox 1179 2482 1348 2528; x_wconf 79' lang='lat' dir='ltr'><strong>positae.</strong></span> 
     </span>
    </p>
   </div>
   <div class='ocr_carea' id='block_1_6' title="bbox 164 2570 1699 2627">
    <p class='ocr_par' dir='ltr' id='par_1_6' title="bbox 164 2570 1699 2627">
     <span class='ocr_line' id='line_1_31' title="bbox 164 2570 1699 2627; baseline -0.003 -13"><span class='ocrx_word' id='word_1_204' title='bbox 164 2572 290 2625; x_wconf 75' lang='lat' dir='ltr'><strong>Quas</strong></span> <span class='ocrx_word' id='word_1_205' title='bbox 310 2586 470 2627; x_wconf 88' lang='lat' dir='ltr'><strong>causas</strong></span> <span class='ocrx_word' id='word_1_206' title='bbox 498 2573 682 2615; x_wconf 88' lang='lat' dir='ltr'><strong>adducit</strong></span> <span class='ocrx_word' id='word_1_207' title='bbox 719 2574 776 2615; x_wconf 92' lang='lat' dir='ltr'><strong>N.</strong></span> <span class='ocrx_word' id='word_1_208' title='bbox 808 2581 840 2624; x_wconf 67' lang='lat' dir='ltr'><strong>a,</strong></span> <span class='ocrx_word' id='word_1_209' title='bbox 873 2587 948 2616; x_wconf 91' lang='lat' dir='ltr'><strong>eas</strong></span> <span class='ocrx_word' id='word_1_210' title='bbox 987 2572 1162 2627; x_wconf 82' lang='lat' dir='ltr'><strong>colligit</strong></span> <span class='ocrx_word' id='word_1_211' title='bbox 1190 2586 1215 2614; x_wconf 93' lang='lat' dir='ltr'><strong>e</strong></span> <span class='ocrx_word' id='word_1_212' title='bbox 1242 2570 1411 2613; x_wconf 88' lang='lat' dir='ltr'><strong>iudicio</strong></span> <span class='ocrx_word' id='word_1_213' title='bbox 1441 2577 1699 2613; x_wconf 87' lang='lat' dir='ltr'><strong>nostrarum</strong></span> 
     </span>
    </p>
   </div>
   <div class='ocr_carea' id='block_1_7' title="bbox 145 2695 1305 2742">
    <p class='ocr_par' dir='ltr' id='par_1_7' title="bbox 145 2695 1305 2742">
     <span class='ocr_line' id='line_1_32' title="bbox 145 2695 1305 2742; baseline 0 -12"><span class='ocrx_word' id='word_1_214' title='bbox 145 2704 163 2722; x_wconf 75' lang='lat'>²</span> <span class='ocrx_word' id='word_1_215' title='bbox 188 2695 358 2741; x_wconf 88' lang='lat' dir='ltr'><strong>Autogr.</strong></span> <span class='ocrx_word' id='word_1_216' title='bbox 381 2696 443 2731; x_wconf 87' lang='lat' dir='ltr'><strong>hie</strong></span> <span class='ocrx_word' id='word_1_217' title='bbox 461 2701 501 2731; x_wconf 87' lang='lat' dir='ltr'><strong>et</strong></span> <span class='ocrx_word' id='word_1_218' title='bbox 520 2695 633 2742; x_wconf 84' lang='lat' dir='ltr'><strong>infra,</strong></span> <span class='ocrx_word' id='word_1_219' title='bbox 652 2696 896 2732; x_wconf 84' lang='lat' dir='ltr'><strong>Bobadillam</strong></span> <span class='ocrx_word' id='word_1_220' title='bbox 915 2696 1045 2731; x_wconf 87' lang='lat' dir='ltr'><strong>littera</strong></span> <span class='ocrx_word' id='word_1_221' title='bbox 1065 2695 1115 2731; x_wconf 92' lang='lat' dir='ltr'><strong>N.</strong></span> <span class='ocrx_word' id='word_1_222' title='bbox 1143 2695 1305 2730; x_wconf 89' lang='lat' dir='ltr'><strong>indicat.</strong></span> 
     </span>
    </p>
   </div>
   <div class='ocr_carea' id='block_1_8' title="bbox 81 2769 337 2777">
    <p class='ocr_par' dir='ltr' id='par_1_8' title="bbox 81 2769 337 2777">
     <span class='ocr_line' id='line_1_33' title="bbox 81 2769 337 2777; baseline 0 649"><span class='ocrx_word' id='word_1_223' title='bbox 81 2769 337 2777; x_wconf 95' lang='lat' dir='ltr'><strong> </strong></span> 
     </span>
    </p>
   </div>
   <div class='ocr_carea' id='block_1_9' title="bbox 14 2808 1702 3101">
    <p class='ocr_par' dir='ltr' id='par_1_9' title="bbox 150 2808 1445 2856">
     <span class='ocr_line' id='line_1_34' title="bbox 150 2808 1445 2856; baseline -0.001 -13"><span class='ocrx_word' id='word_1_224' title='bbox 150 2808 160 2828; x_wconf 76' lang='lat'>³</span> <span class='ocrx_word' id='word_1_225' title='bbox 209 2809 293 2844; x_wconf 88' lang='lat' dir='ltr'><strong>Hoc</strong></span> <span class='ocrx_word' id='word_1_226' title='bbox 312 2816 603 2845; x_wconf 89' lang='lat' dir='ltr'><strong>monumentum</strong></span> <span class='ocrx_word' id='word_1_227' title='bbox 623 2809 769 2844; x_wconf 87' lang='lat' dir='ltr'><strong>editum</strong></span> <span class='ocrx_word' id='word_1_228' title='bbox 787 2811 908 2844; x_wconf 92' lang='lat' dir='ltr'><strong>habes</strong></span> <span class='ocrx_word' id='word_1_229' title='bbox 927 2809 1120 2856; x_wconf 90' lang='lat' dir='ltr'><strong>superius,</strong></span> <span class='ocrx_word' id='word_1_230' title='bbox 1140 2810 1212 2844; x_wconf 91' lang='lat' dir='ltr'><strong>sub</strong></span> <span class='ocrx_word' id='word_1_231' title='bbox 1232 2819 1392 2844; x_wconf 88' lang='lat' dir='ltr'><strong>numero</strong></span> <span class='ocrx_word' id='word_1_232' title='bbox 1412 2819 1445 2852; x_wconf 77' lang='lat'><strong>4.</strong></span> 
     </span>
    </p>

    <p class='ocr_par' dir='ltr' id='par_1_10' title="bbox 14 2864 1702 3101">
     <span class='ocr_line' id='line_1_35' title="bbox 16 2864 1700 2915; baseline -0.002 -13"><span class='ocrx_word' id='word_1_233' title='bbox 16 2910 18 2915; x_wconf 37' lang='grc' dir='ltr'>Ι</span> <span class='ocrx_word' id='word_1_234' title='bbox 145 2869 158 2888; x_wconf 69' lang='lat'>2</span> <span class='ocrx_word' id='word_1_235' title='bbox 209 2868 264 2902; x_wconf 82' lang='lat' dir='ltr'><strong>Ex</strong></span> <span class='ocrx_word' id='word_1_236' title='bbox 283 2869 535 2914; x_wconf 84' lang='lat' dir='ltr'><strong>autographo,</strong></span> <span class='ocrx_word' id='word_1_237' title='bbox 555 2869 595 2903; x_wconf 88' lang='lat' dir='ltr'><strong>in</strong></span> <span class='ocrx_word' id='word_1_238' title='bbox 613 2868 749 2903; x_wconf 86' lang='lat' dir='ltr'><strong>codice</strong></span> <span class='ocrx_word' id='word_1_239' title='bbox 769 2869 829 2903; x_wconf 80' lang='lat' dir='ltr'><strong>De</strong></span> <span class='ocrx_word' id='word_1_240' title='bbox 847 2869 962 2904; x_wconf 80' lang='lat' dir='ltr'><strong>rebus</strong></span> <span class='ocrx_word' id='word_1_241' title='bbox 978 2879 1119 2915; x_wconf 74' lang='lat' dir='ltr'><strong>congr,</strong></span> <span class='ocrx_word' id='word_1_242' title='bbox 1135 2880 1230 2914; x_wconf 81' lang='lat' dir='ltr'><strong>gen.</strong></span> <span class='ocrx_word' id='word_1_243' title='bbox 1252 2868 1287 2901; x_wconf 93' lang='lat' dir='ltr'><strong>I-</strong></span> <span class='ocrx_word' id='word_1_244' title='bbox 1300 2868 1340 2908; x_wconf 81' lang='lat' dir='ltr'><strong>V,</strong></span> <span class='ocrx_word' id='word_1_245' title='bbox 1361 2866 1427 2901; x_wconf 85' lang='lat' dir='ltr'><strong>fol.</strong></span> <span class='ocrx_word' id='word_1_246' title='bbox 1451 2864 1570 2908; x_wconf 75' lang='lat'>29-33.</span> <span class='ocrx_word' id='word_1_247' title='bbox 1600 2865 1700 2899; x_wconf 87' lang='lat' dir='ltr'><strong>Sunt</strong></span> 
     </span>
     <span class='ocr_line' id='line_1_36' title="bbox 14 2918 1700 2983; baseline -0.001 -24"><span class='ocrx_word' id='word_1_248' title='bbox 14 2939 21 2983; x_wconf 56' lang='lat'><strong>{-</strong></span> <span class='ocrx_word' id='word_1_249' title='bbox 72 2918 204 2960; x_wconf 71' lang='lat' dir='ltr'><strong>autem</strong></span> <span class='ocrx_word' id='word_1_250' title='bbox 220 2927 315 2962; x_wconf 84' lang='lat' dir='ltr'><strong>haec</strong></span> <span class='ocrx_word' id='word_1_251' title='bbox 333 2926 566 2972; x_wconf 88' lang='lat' dir='ltr'><strong>adversaria,</strong></span> <span class='ocrx_word' id='word_1_252' title='bbox 586 2939 685 2974; x_wconf 87' lang='lat' dir='ltr'><strong>quae</strong></span> <span class='ocrx_word' id='word_1_253' title='bbox 710 2927 859 2962; x_wconf 89' lang='lat' dir='ltr'><strong>Natalis</strong></span> <span class='ocrx_word' id='word_1_254' title='bbox 878 2928 1030 2974; x_wconf 86' lang='lat' dir='ltr'><strong>propria</strong></span> <span class='ocrx_word' id='word_1_255' title='bbox 1050 2939 1165 2962; x_wconf 89' lang='lat' dir='ltr'><strong>manu</strong></span> <span class='ocrx_word' id='word_1_256' title='bbox 1183 2926 1371 2971; x_wconf 81' lang='lat' dir='ltr'><strong>exaravit,</strong></span> <span class='ocrx_word' id='word_1_257' title='bbox 1393 2926 1431 2960; x_wconf 90' lang='lat' dir='ltr'><strong>ni</strong></span> <span class='ocrx_word' id='word_1_258' title='bbox 1450 2924 1630 2969; x_wconf 72' lang='lat' dir='ltr'><strong>fallimur,</strong></span> <span class='ocrx_word' id='word_1_259' title='bbox 1653 2923 1700 2958; x_wconf 80' lang='lat' dir='ltr'><strong>ad</strong></span> 
     </span>
     <span class='ocr_line' id='line_1_37' title="bbox 17 2982 1697 3033; baseline -0.001 -15"><span class='ocrx_word' id='word_1_260' title='bbox 17 2986 20 3011; x_wconf 75' lang='grc' dir='ltr'>ἑ</span> <span class='ocrx_word' id='word_1_261' title='bbox 76 2984 397 3031; x_wconf 84' lang='lat' dir='ltr'><strong>respondendum,</strong></span> <span class='ocrx_word' id='word_1_262' title='bbox 416 2998 545 3022; x_wconf 87' lang='lat' dir='ltr'><strong>coram</strong></span> <span class='ocrx_word' id='word_1_263' title='bbox 562 2987 747 3030; x_wconf 81' lang='lat' dir='ltr'><strong>cardinali</strong></span> <span class='ocrx_word' id='word_1_264' title='bbox 766 2986 968 3033; x_wconf 81' lang='lat' dir='ltr'><strong>Carpensi,</strong></span> <span class='ocrx_word' id='word_1_265' title='bbox 991 2985 1198 3021; x_wconf 84' lang='lat' dir='ltr'><strong>Societatis</strong></span> <span class='ocrx_word' id='word_1_266' title='bbox 1218 2990 1449 3031; x_wconf 87' lang='lat' dir='ltr'><strong>protectore,</strong></span> <span class='ocrx_word' id='word_1_267' title='bbox 1471 2982 1697 3018; x_wconf 75' lang='lat' dir='ltr'><strong>Bobadillae</strong></span> 
     </span>
     <span class='ocr_line' id='line_1_38' title="bbox 15 3040 1702 3101; baseline -0.001 -24"><span class='ocrx_word' id='word_1_268' title='bbox 15 3059 19 3101; x_wconf 33' lang='grc' dir='ltr'>ἒ</span> <span class='ocrx_word' id='word_1_269' title='bbox 80 3043 386 3080; x_wconf 88' lang='lat' dir='ltr'><strong>accusationibus</strong></span> <span class='ocrx_word' id='word_1_270' title='bbox 417 3045 456 3080; x_wconf 87' lang='lat' dir='ltr'><strong>in</strong></span> <span class='ocrx_word' id='word_1_271' title='bbox 487 3045 686 3091; x_wconf 87' lang='lat' dir='ltr'><strong>Lainium,</strong></span> <span class='ocrx_word' id='word_1_272' title='bbox 713 3046 925 3080; x_wconf 87' lang='lat' dir='ltr'><strong>Polancum</strong></span> <span class='ocrx_word' id='word_1_273' title='bbox 956 3050 995 3080; x_wconf 92' lang='lat' dir='ltr'><strong>et</strong></span> <span class='ocrx_word' id='word_1_274' title='bbox 1026 3045 1205 3079; x_wconf 86' lang='lat' dir='ltr'><strong>Natalem</strong></span> <span class='ocrx_word' id='word_1_275' title='bbox 1238 3043 1419 3078; x_wconf 86' lang='lat' dir='ltr'><strong>incussis.</strong></span> <span class='ocrx_word' id='word_1_276' title='bbox 1452 3041 1514 3077; x_wconf 84' lang='lat' dir='ltr'><strong>Cf.</strong></span> <span class='ocrx_word' id='word_1_277' title='bbox 1540 3040 1702 3076; x_wconf 67' lang='lat' dir='ltr'><strong>Natalis</strong></span> 
     </span>
    </p>
   </div>
  </div>
 </body>
</html>
