2028 3426
283 188 352 236 264
452 192 464 201 ·
755 189 909 226 PATms
936 191 1179 225 Hmnommu
1206 189 1357 226 NADAL

325 293 490 336 Rector
511 292 677 336 habeat
705 292 1041 335 exhortationes
1069 290 1262 347 singulis
1291 292 1605 346 hebdomadis,
1639 299 1684 337 et
1713 307 1793 350 per
1822 308 1872 339 se

235 369 369 412 faciat
395 377 443 412 ut
465 369 725 425 plurirnu1n3
752 369 996 423 aliquando
1019 368 1154 412 etiam
1178 383 1258 424 per
1281 368 1417 411 alium
1441 370 1621 425 poterit.

323 447 384 489 Vt
412 446 573 489 iustius
601 447 871 488 ohseruetur
910 452 1088 500 tempus
1125 444 1359 498 orationis,
1395 446 1666 490 obseruetur
1702 446 1813 490 illud
1846 462 1872 490 a

232 524 411 566 duobus
442 523 668 574 fratribus,
701 522 887 573 scilicet,
922 523 977 563 ab
1007 521 1234 564 ordinario
1257 523 1555 566 obseruatore
1588 531 1634 567 et
1667 525 1723 566 ab
1762 524 1868 577 ali0‚

232 613 366 654 quem
390 600 580 656 elegerit
603 607 763 642 rector:
800 599 861 640 ita
891 605 1074 642 curetur
1104 598 1347 655 diligenter
1378 607 1427 642 ut
1456 600 1658 656 praecise
1694 609 1872 658 tempus

233 677 449 719 orationis
471 677 754 720 obseruetur.

326 754 644 797 Recreationes
674 755 974 796 reformentur
1012 753 1068 794 ad
1105 752 1468 806 instructionem,
1505 768 1619 809 quae
1657 755 1763 798 data
1800 764 1872 800 est

236 813 506 886 prouinciali
531 830 760 881 Austriae,
786 837 830 872 et
854 831 1005 884 quoad
1027 829 1126 872 eius
1147 829 1244 872 fieri
1276 830 1458 886 poterit,
1490 831 1777 875 coadiutores
1799 831 1870 874 in-

234 907 393 950 tersint
417 906 788 959 recreationibus3
814 907 936 961 quod
968 914 1015 948 ut
1044 905 1138 950 fieri
1170 907 1330 962 possit,
1362 922 1479 963 quae
1508 922 1599 950 non
1627 915 1761 952 erunt
1789 924 1870 953 ne-

234 984 430 1028 cessario
461 983 611 1026 statim
641 985 834 1039 agenda,
866 984 1064 1028 referent
1097 984 1143 1026 in
1177 993 1372 1040 tempus,
1409 985 1532 1040 quod
1563 985 1770 1041 sequitur
1801 999 1869 1029 re-

235 1061 524 1104 creationem.
537 1095 544 1103 .
556 1095 583 1102 ..

323 1138 552 1181 Antonius
586 1140 593 1158 '
635 1137 787 1180 audiat
824 1137 1067 1181 lectionem
1107 1139 1434 1195 theologicam,
1476 1147 1522 1182 et
1559 1139 1727 1183 scribat
1763 1154 1869 1183 suas

234 1215 491 1267 conciones3
519 1215 562 1257 id
585 1214 620 1258 si
645 1215 794 1257 videat
816 1222 969 1258 rector
986 1215 1082 1259 fore
1099 1215 1140 1260 ei
1157 1215 1354 1268 difficile,
1374 1216 1532 1260 saltem
1551 1217 1700 1272 capita
1719 1231 1866 1260 rerum

236 1292 421 1343 scribat,
449 1299 493 1336 et
517 1293 657 1334 uerbo
680 1292 846 1335 referat
869 1292 926 1334 ad
949 1299 1187 1344 rectorem,
1213 1294 1270 1337 de
1293 1293 1458 1349 quibus
1480 1301 1550 1336 est
1571 1293 1793 1348 dicturus,
1819 1302 1869 1337 ut

233 1371 344 1413 haec
368 1369 603 1425 diligentia
627 1369 761 1411 faciat
786 1383 877 1411 non
901 1369 1147 1414 desiderari
1169 1369 1455 1426 scripturam.
1490 1372 1551 1415 Vt
1581 1372 1694 1416 haec
1724 1371 1869 1427 possit

233 1454 477 1501 praestare,
498 1447 675 1490 leuetur
699 1446 893 1502 primum
917 1447 1065 1489 officio
1098 1446 1401 1500 examinandi,
1437 1447 1602 1492 deinde
1625 1463 1734 1492 cura
1756 1449 1867 1492 olla-

234 1523 416 1567 riorum.
445 1524 533 1565 Pro
555 1523 738 1567 licentia
761 1523 947 1567 veniant
969 1538 1127 1567 omnes
1149 1523 1396 1567 constituta
1415 1526 1547 1568 hora.

323 1602 490 1645 Curam
515 1599 772 1643 ollariorum
799 1599 985 1643 habebit
1010 1602 1146 1645 Pater
1167 1602 1402 1644 Gerardus
1427 1602 1705 1646 Pastelius...

321 1680 427 1733 Quo
449 1677 521 1720 die
545 1677 836 1720 comunicant
859 1678 1036 1729 fratres,
1063 1693 1121 1722 ne
1143 1679 1276 1722 detur
1299 1678 1385 1721 illis
1407 1679 1700 1723 ientaculum.

319 1755 483 1798 Videat
508 1754 801 1810 prouincialis
823 1770 881 1797 an
904 1754 962 1798 sit
984 1754 1327 1799 interdicendus
1350 1770 1460 1799 usus
1483 1756 1686 1800 manicae
1708 1758 1869 1800 sufful-

231 1840 300 1875 tae
325 1839 508 1887 propter
532 1831 712 1887 frigoris
735 1831 961 1875 iniuriam.
988 1833 1106 1874 Dixi
1127 1835 1284 1887 postea
1317 1847 1407 1875 non
1437 1847 1530 1875 esse
1562 1833 1641 1875 lzoc
1672 1837 1868 1889 tempore

230 1908 617 1951 z’ntemnittendzmz
643 1916 673 1951 ἃ.

296 2063 312 2078 «¹¹
364 2052 470 2086 Haec
489 2058 638 2098 septem
660 2051 794 2086 ultima
814 2052 933 2087 verba
952 2051 1104 2087 Natalis
1124 2063 1240 2087 manu
1258 2051 1390 2088 addita
1408 2058 1514 2088 sunt.

301 2180 308 2198 ¹
363 2178 476 2212 Hunc
497 2178 725 2223 Antonium,
745 2179 1074 2223 concionatorem,
1102 2178 1346 2225 suspicamur
1370 2191 1448 2214 non
1473 2191 1561 2215 esse
1587 2179 1704 2215 alium
1730 2182 1779 2216 ab
1805 2192 1868 2224 eo,

227 2236 275 2271 de
294 2247 368 2283 quo
389 2237 539 2272 Natalis
559 2237 595 2272 in
613 2237 778 2283 epistola
797 2237 845 2272 ad
864 2237 1059 2283 Borgiam,
1085 2246 1127 2283 19
1146 2237 1309 2275 Octobr.
1335 2238 1424 2283 1566
1442 2238 1547 2284 data,
1567 2239 1711 2278 aiebat:
1730 2241 1867 2275 «Mtro.

229 2295 400 2330 Antonio
420 2295 628 2341 fiamengo,
647 2297 719 2331 che
738 2296 861 2342 prima
881 2297 983 2332 lesse
1008 2296 1202 2332 rhetorica
1221 2297 1259 2332 in
1278 2297 1445 2343 Vienna,
1466 2304 1505 2333 et
1523 2298 1638 2345 dopoi
1664 2299 1703 2334 in
1729 2299 1868 2345 Praga,

225 2355 406 2390 restando
425 2355 463 2389 di
484 2357 642 2401 leggere
662 2357 697 2391 la
716 2355 922 2401 rhetorica,
944 2356 976 2391 si
996 2354 1149 2402 applico
1170 2357 1284 2403 pochi
1303 2356 1399 2392 mesi
1415 2357 1548 2401 (credo
1566 2359 1638 2393 che
1657 2368 1679 2403 4
1697 2370 1719 2393 o
1738 2363 1776 2403 5)
1793 2359 1869 2394 3113

224 2415 356 2459 lingua
375 2414 545 2459 tedesca,
567 2414 790 2461 sapendone
810 2415 933 2461 prima
960 2416 1080 2450 molto
1111 2427 1222 2461 poco,
1249 2422 1289 2451 et
1313 2427 1390 2451 non
1417 2416 1596 2452 hauendo
1627 2417 1788 2463 sentito,
1819 2419 1868 2454 ne

225 2473 480 2520 philosophia,
496 2474 542 2508 ne
559 2474 768 2519 theologia,
789 2472 983 2510 comincio
1001 2486 1023 2509 a
1041 2474 1242 2521 predicare
1257 2486 1331 2510 con
1346 2476 1463 2511 molta
1479 2475 1752 2512 sodisfattione
1766 2478 1869 2513 nella

225 2538 355 2567 nostra
370 2533 546 2568 chiesa...
564 2533 683 2567 Verrii
704 2544 723 2567 a
745 2534 858 2568 Mtro.
880 2533 1052 2579 Canisio,
1073 2539 1113 2569 et
1132 2535 1167 2569 la
1187 2534 1229 2569 P.
1252 2535 1304 2570 V.
1328 2535 1471 2570 hauera
1498 2547 1567 2581 per
1596 2537 1660 2571 all'
1681 2547 1746 2571 ora
1770 2536 1868 2572 ordi-

223 2601 328 2637 nato,
348 2593 418 2627 che
438 2593 469 2627 si
489 2593 535 2626 ha
554 2591 602 2626 da
617 2592 694 2626 fare
710 2592 747 2626 di
767 2593 859 2627 lui.»
882 2593 1016 2639 Epist.
1042 2595 1090 2628 Ρ.
1112 2593 1262 2635 Nadal,
1284 2595 1355 2637 111,
1375 2594 1458 2638 265.
1479 2595 1668 2630 Eumdem
1689 2595 1869 2631 laudibus

223 2651 375 2686 extollit
391 2652 592 2694 SCHMioL,
611 2651 649 2686 in
668 2652 856 2686 Historia
879 2652 977 2698 S.J.
994 2654 1234 2699 provinciae
1249 2654 1465 2695 bohemiae,
1485 2666 1575 2701 pag.
1592 2654 1673 2696 218.
1689 2655 1757 2690 ubi
1774 2656 1871 2691 haec

226 2711 327 2744 inter
353 2710 439 2744 alia:
471 2710 604 2756 «cujus
629 2710 747 2745 etiam
779 2710 1001 2746 Conciones
1028 2711 1160 2747 multis
1186 2718 1274 2758 post
1298 2713 1409 2748 annis
1435 2713 1623 2749 Germani
1649 2714 1869 2760 Pragenses

216 2768 402 2814 jucunde,
424 2781 494 2803 nec
513 2769 596 2804 sine
616 2769 743 2812 laude,
766 2770 949 2804 memoria
969 2777 1149 2817 repetere
1166 2772 1385 2807 solebant.»
