<?xml version="1.0" encoding="UTF-8"?>
<!DOCTYPE html PUBLIC "-//W3C//DTD XHTML 1.0 Transitional//EN"
    "http://www.w3.org/TR/xhtml1/DTD/xhtml1-transitional.dtd">
<html xmlns="http://www.w3.org/1999/xhtml" xml:lang="en" lang="en">
 <head>
  <title>
</title>
<meta http-equiv="Content-Type" content="text/html;charset=utf-8" />
  <meta name='ocr-system' content='tesseract 3.04.00' />
  <meta name='ocr-capabilities' content='ocr_page ocr_carea ocr_par ocr_line ocrx_word'/>
</head>
<body>
  <div class='ocr_page' id='page_1' title='image "./epistolaephieron11nada_0849.png"; bbox 0 0 2028 3426; ppageno 0'>
   <div class='ocr_carea' id='block_1_1' title="bbox 715 261 1701 306">
    <p class='ocr_par' dir='ltr' id='par_1_1' title="bbox 715 261 1701 306">
     <span class='ocr_line' id='line_1_1' title="bbox 715 261 1701 306; baseline 0.003 -11"><span class='ocrx_word' id='word_1_1' title='bbox 715 261 1151 306; x_wconf 78' lang='lat' dir='ltr'>SUPPLEMENTUM-25</span> <span class='ocrx_word' id='word_1_2' title='bbox 1632 263 1701 298; x_wconf 84' lang='lat'>823</span> 
     </span>
    </p>
   </div>
   <div class='ocr_carea' id='block_1_2' title="bbox 84 361 1741 2640">
    <p class='ocr_par' dir='ltr' id='par_1_2' title="bbox 95 361 1741 1718">
     <span class='ocr_line' id='line_1_2' title="bbox 203 361 1740 417; baseline 0.003 -13"><span class='ocrx_word' id='word_1_3' title='bbox 203 361 293 404; x_wconf 86' lang='lat' dir='ltr'>Sed</span> <span class='ocrx_word' id='word_1_4' title='bbox 315 375 602 415; x_wconf 79' lang='lat' dir='ltr'>seponamus3</span> <span class='ocrx_word' id='word_1_5' title='bbox 628 361 793 415; x_wconf 79' lang='lat' dir='ltr'>inquis,</span> <span class='ocrx_word' id='word_1_6' title='bbox 821 363 1306 417; x_wconf 88' lang='lat' dir='ltr'>papam.—Nolumus,</span> <span class='ocrx_word' id='word_1_7' title='bbox 1329 370 1376 405; x_wconf 85' lang='lat' dir='ltr'>vt</span> <span class='ocrx_word' id='word_1_8' title='bbox 1394 378 1485 406; x_wconf 91' lang='lat' dir='ltr'>non</span> <span class='ocrx_word' id='word_1_9' title='bbox 1505 365 1740 408; x_wconf 90' lang='lat' dir='ltr'>debemus.</span> 
     </span>
     <span class='ocr_line' id='line_1_3' title="bbox 113 423 1741 496; baseline 0.002 -16"><span class='ocrx_word' id='word_1_10' title='bbox 113 439 302 492; x_wconf 81' lang='lat' dir='ltr'><strong>Depone</strong></span> <span class='ocrx_word' id='word_1_11' title='bbox 324 423 476 492; x_wconf 89' lang='lat' dir='ltr'>potius</span> <span class='ocrx_word' id='word_1_12' title='bbox 514 446 563 480; x_wconf 91' lang='lat' dir='ltr'>tu</span> <span class='ocrx_word' id='word_1_13' title='bbox 593 445 721 480; x_wconf 91' lang='lat' dir='ltr'>tuum</span> <span class='ocrx_word' id='word_1_14' title='bbox 759 438 990 491; x_wconf 88' lang='lat' dir='ltr'>iudicium;</span> <span class='ocrx_word' id='word_1_15' title='bbox 1034 440 1168 483; x_wconf 92' lang='lat' dir='ltr'>crede</span> <span class='ocrx_word' id='word_1_16' title='bbox 1205 440 1438 492; x_wconf 88' lang='lat' dir='ltr'>ecclesiae,</span> <span class='ocrx_word' id='word_1_17' title='bbox 1466 449 1514 483; x_wconf 88' lang='lat' dir='ltr'>vt</span> <span class='ocrx_word' id='word_1_18' title='bbox 1537 443 1741 496; x_wconf 89' lang='lat' dir='ltr'>symbolo</span> 
     </span>
     <span class='ocr_line' id='line_1_4' title="bbox 112 513 1740 573; baseline 0.004 -18"><span class='ocrx_word' id='word_1_19' title='bbox 112 513 357 565; x_wconf 83' lang='lat' dir='ltr'>confiteris,</span> <span class='ocrx_word' id='word_1_20' title='bbox 383 528 438 556; x_wconf 86' lang='lat' dir='ltr'>ex</span> <span class='ocrx_word' id='word_1_21' title='bbox 460 514 563 557; x_wconf 87' lang='lat' dir='ltr'>fide.</span> <span class='ocrx_word' id='word_1_22' title='bbox 588 514 718 557; x_wconf 87' lang='lat' dir='ltr'>Vide:</span> <span class='ocrx_word' id='word_1_23' title='bbox 746 524 851 557; x_wconf 91' lang='lat' dir='ltr'>sunt</span> <span class='ocrx_word' id='word_1_24' title='bbox 876 516 1031 567; x_wconf 89' lang='lat' dir='ltr'>multa,</span> <span class='ocrx_word' id='word_1_25' title='bbox 1053 515 1099 558; x_wconf 91' lang='lat' dir='ltr'>in</span> <span class='ocrx_word' id='word_1_26' title='bbox 1122 516 1304 570; x_wconf 90' lang='lat' dir='ltr'>quibus,</span> <span class='ocrx_word' id='word_1_27' title='bbox 1331 516 1367 558; x_wconf 89' lang='lat' dir='ltr'>si</span> <span class='ocrx_word' id='word_1_28' title='bbox 1391 517 1574 572; x_wconf 78' lang='lat' dir='ltr'>seponis</span> <span class='ocrx_word' id='word_1_29' title='bbox 1598 533 1740 573; x_wconf 87' lang='lat' dir='ltr'>papae</span> 
     </span>
     <span class='ocr_line' id='line_1_5' title="bbox 108 589 1733 648; baseline 0.002 -16"><span class='ocrx_word' id='word_1_30' title='bbox 108 598 154 632; x_wconf 93' lang='lat' dir='ltr'>et</span> <span class='ocrx_word' id='word_1_31' title='bbox 176 589 396 634; x_wconf 85' lang='lat' dir='ltr'>ecclesiae</span> <span class='ocrx_word' id='word_1_32' title='bbox 419 591 750 646; x_wconf 87' lang='lat' dir='ltr'>auctoritatem,</span> <span class='ocrx_word' id='word_1_33' title='bbox 778 592 887 634; x_wconf 86' lang='lat' dir='ltr'>nihil</span> <span class='ocrx_word' id='word_1_34' title='bbox 918 593 1002 636; x_wconf 88' lang='lat' dir='ltr'>erit</span> <span class='ocrx_word' id='word_1_35' title='bbox 1027 594 1097 636; x_wconf 78' lang='lat' dir='ltr'>vel</span> <span class='ocrx_word' id='word_1_36' title='bbox 1127 594 1247 648; x_wconf 89' lang='lat' dir='ltr'>quod</span> <span class='ocrx_word' id='word_1_37' title='bbox 1277 607 1366 648; x_wconf 91' lang='lat' dir='ltr'>ego</span> <span class='ocrx_word' id='word_1_38' title='bbox 1397 594 1639 637; x_wconf 74' lang='lat' dir='ltr'>defendam</span> <span class='ocrx_word' id='word_1_39' title='bbox 1662 596 1733 637; x_wconf 92' lang='lat' dir='ltr'>vel</span> 
     </span>
     <span class='ocr_line' id='line_1_6' title="bbox 110 667 1739 724; baseline 0.003 -16"><span class='ocrx_word' id='word_1_40' title='bbox 110 667 230 722; x_wconf 85' lang='lat' dir='ltr'>quod</span> <span class='ocrx_word' id='word_1_41' title='bbox 253 674 301 708; x_wconf 87' lang='lat' dir='ltr'>tu</span> <span class='ocrx_word' id='word_1_42' title='bbox 325 681 577 722; x_wconf 81' lang='lat' dir='ltr'>oppugnes3</span> <span class='ocrx_word' id='word_1_43' title='bbox 617 676 724 709; x_wconf 93' lang='lat' dir='ltr'>sunt</span> <span class='ocrx_word' id='word_1_44' title='bbox 761 669 879 710; x_wconf 89' lang='lat' dir='ltr'>enim</span> <span class='ocrx_word' id='word_1_45' title='bbox 919 670 1158 724; x_wconf 87' lang='lat' dir='ltr'>permulta,</span> <span class='ocrx_word' id='word_1_46' title='bbox 1197 683 1312 724; x_wconf 90' lang='lat' dir='ltr'>quae</span> <span class='ocrx_word' id='word_1_47' title='bbox 1350 671 1446 712; x_wconf 90' lang='lat' dir='ltr'>sola</span> <span class='ocrx_word' id='word_1_48' title='bbox 1469 671 1739 714; x_wconf 85' lang='lat' dir='ltr'>auctoritate</span> 
     </span>
     <span class='ocr_line' id='line_1_7' title="bbox 110 743 1740 802; baseline 0.002 -17"><span class='ocrx_word' id='word_1_49' title='bbox 110 743 327 787; x_wconf 90' lang='lat' dir='ltr'>ecclesiae</span> <span class='ocrx_word' id='word_1_50' title='bbox 349 752 576 795; x_wconf 82' lang='lat' dir='ltr'>constant3</span> <span class='ocrx_word' id='word_1_51' title='bbox 611 758 694 786; x_wconf 89' lang='lat' dir='ltr'>nec</span> <span class='ocrx_word' id='word_1_52' title='bbox 717 752 952 799; x_wconf 86' lang='lat' dir='ltr'>propterea</span> <span class='ocrx_word' id='word_1_53' title='bbox 984 745 1289 788; x_wconf 90' lang='lat' dir='ltr'>obediendum</span> <span class='ocrx_word' id='word_1_54' title='bbox 1313 755 1381 789; x_wconf 89' lang='lat' dir='ltr'>est</span> <span class='ocrx_word' id='word_1_55' title='bbox 1404 747 1500 790; x_wconf 90' lang='lat' dir='ltr'>sedi</span> <span class='ocrx_word' id='word_1_56' title='bbox 1524 748 1740 802; x_wconf 91' lang='lat' dir='ltr'>apostoli—</span> 
     </span>
     <span class='ocr_line' id='line_1_8' title="bbox 107 820 1734 878; baseline 0.003 -17"><span class='ocrx_word' id='word_1_57' title='bbox 107 834 202 872; x_wconf 90' lang='lat' dir='ltr'>cae,</span> <span class='ocrx_word' id='word_1_58' title='bbox 229 821 350 874; x_wconf 89' lang='lat' dir='ltr'>quod</span> <span class='ocrx_word' id='word_1_59' title='bbox 373 820 479 863; x_wconf 90' lang='lat' dir='ltr'>mihi</span> <span class='ocrx_word' id='word_1_60' title='bbox 505 820 713 864; x_wconf 84' lang='lat' dir='ltr'>videatur</span> <span class='ocrx_word' id='word_1_61' title='bbox 736 828 859 864; x_wconf 88' lang='lat' dir='ltr'>recte</span> <span class='ocrx_word' id='word_1_62' title='bbox 882 829 1018 876; x_wconf 88' lang='lat' dir='ltr'>atque</span> <span class='ocrx_word' id='word_1_63' title='bbox 1045 822 1202 865; x_wconf 91' lang='lat' dir='ltr'>ordine</span> <span class='ocrx_word' id='word_1_64' title='bbox 1225 822 1384 866; x_wconf 89' lang='lat' dir='ltr'>iubere</span> <span class='ocrx_word' id='word_1_65' title='bbox 1415 838 1532 878; x_wconf 87' lang='lat' dir='ltr'>quae</span> <span class='ocrx_word' id='word_1_66' title='bbox 1562 832 1734 876; x_wconf 90' lang='lat' dir='ltr'>censet,</span> 
     </span>
     <span class='ocr_line' id='line_1_9' title="bbox 107 894 1739 951; baseline 0.002 -12"><span class='ocrx_word' id='word_1_67' title='bbox 107 898 185 939; x_wconf 91' lang='lat' dir='ltr'>sed</span> <span class='ocrx_word' id='word_1_68' title='bbox 208 897 234 939; x_wconf 89' lang='grc'>7</span> <span class='ocrx_word' id='word_1_69' title='bbox 256 911 360 939; x_wconf 90' lang='lat' dir='ltr'>cum</span> <span class='ocrx_word' id='word_1_70' title='bbox 384 897 635 939; x_wconf 89' lang='lat' dir='ltr'>humilitate</span> <span class='ocrx_word' id='word_1_71' title='bbox 665 898 943 941; x_wconf 87' lang='lat' dir='ltr'>credendum</span> <span class='ocrx_word' id='word_1_72' title='bbox 972 900 1180 941; x_wconf 78' lang='lat' dir='ltr'>consulte</span> <span class='ocrx_word' id='word_1_73' title='bbox 1209 894 1330 942; x_wconf 90' lang='lat' dir='ltr'>illam</span> <span class='ocrx_word' id='word_1_74' title='bbox 1362 901 1527 951; x_wconf 84' lang='lat' dir='ltr'>facere,</span> <span class='ocrx_word' id='word_1_75' title='bbox 1564 900 1739 943; x_wconf 86' lang='lat' dir='ltr'>etiarnsi</span> 
     </span>
     <span class='ocr_line' id='line_1_10' title="bbox 108 972 1734 1028; baseline 0.002 -14"><span class='ocrx_word' id='word_1_76' title='bbox 108 972 326 1015; x_wconf 88' lang='lat' dir='ltr'>rationem</span> <span class='ocrx_word' id='word_1_77' title='bbox 349 987 436 1028; x_wconf 86' lang='lat' dir='ltr'>ego</span> <span class='ocrx_word' id='word_1_78' title='bbox 458 972 682 1028; x_wconf 76' lang='lat' dir='ltr'>ignorem,</span> <span class='ocrx_word' id='word_1_79' title='bbox 709 973 876 1028; x_wconf 76' lang='lat' dir='ltr'>alioqui</span> <span class='ocrx_word' id='word_1_80' title='bbox 907 974 1018 1016; x_wconf 90' lang='lat' dir='ltr'>illud</span> <span class='ocrx_word' id='word_1_81' title='bbox 1041 974 1124 1018; x_wconf 90' lang='lat' dir='ltr'>erit</span> <span class='ocrx_word' id='word_1_82' title='bbox 1154 983 1172 999; x_wconf 67' lang='lat' dir='ltr'>a</span> <span class='ocrx_word' id='word_1_83' title='bbox 1204 975 1283 1016; x_wconf 89' lang='lat' dir='ltr'>tibi</span> <span class='ocrx_word' id='word_1_84' title='bbox 1307 976 1508 1027; x_wconf 88' lang='lat' dir='ltr'>obedire,</span> <span class='ocrx_word' id='word_1_85' title='bbox 1540 977 1626 1019; x_wconf 86' lang='lat' dir='ltr'>hoc</span> <span class='ocrx_word' id='word_1_86' title='bbox 1651 984 1734 1027; x_wconf 91' lang='lat' dir='ltr'>est,</span> 
     </span>
     <span class='ocr_line' id='line_1_11' title="bbox 106 1049 1735 1107; baseline 0.002 -16"><span class='ocrx_word' id='word_1_87' title='bbox 106 1057 210 1093; x_wconf 91' lang='lat' dir='ltr'>tuae</span> <span class='ocrx_word' id='word_1_88' title='bbox 233 1049 530 1104; x_wconf 76' lang='lat' dir='ltr'>persuasioni.</span> <span class='ocrx_word' id='word_1_89' title='bbox 558 1051 695 1104; x_wconf 90' lang='lat' dir='ltr'>Quod</span> <span class='ocrx_word' id='word_1_90' title='bbox 718 1050 755 1092; x_wconf 94' lang='lat' dir='ltr'>si</span> <span class='ocrx_word' id='word_1_91' title='bbox 779 1058 899 1101; x_wconf 87' lang='lat' dir='ltr'>tuae,</span> <span class='ocrx_word' id='word_1_92' title='bbox 925 1065 1006 1093; x_wconf 91' lang='lat' dir='ltr'>cur</span> <span class='ocrx_word' id='word_1_93' title='bbox 1028 1066 1118 1093; x_wconf 90' lang='lat' dir='ltr'>non</span> <span class='ocrx_word' id='word_1_94' title='bbox 1144 1051 1295 1106; x_wconf 88' lang='lat' dir='ltr'>potius</span> <span class='ocrx_word' id='word_1_95' title='bbox 1318 1054 1481 1107; x_wconf 85' lang='lat' dir='ltr'>papae?</span> <span class='ocrx_word' id='word_1_96' title='bbox 1504 1052 1548 1094; x_wconf 93' lang='lat' dir='ltr'>in</span> <span class='ocrx_word' id='word_1_97' title='bbox 1578 1052 1649 1095; x_wconf 92' lang='lat' dir='ltr'>his</span> <span class='ocrx_word' id='word_1_98' title='bbox 1673 1061 1735 1095; x_wconf 91' lang='lat' dir='ltr'>ta-</span> 
     </span>
     <span class='ocr_line' id='line_1_12' title="bbox 97 1126 1734 1182; baseline 0.002 -15"><span class='ocrx_word' id='word_1_99' title='bbox 97 1135 221 1179; x_wconf 81' lang='lat' dir='ltr'>men,</span> <span class='ocrx_word' id='word_1_100' title='bbox 247 1140 362 1180; x_wconf 88' lang='lat' dir='ltr'>quae</span> <span class='ocrx_word' id='word_1_101' title='bbox 384 1126 671 1168; x_wconf 79' lang='lat' dir='ltr'>confirmauit</span> <span class='ocrx_word' id='word_1_102' title='bbox 693 1127 822 1169; x_wconf 84' lang='lat' dir='ltr'>sedes</span> <span class='ocrx_word' id='word_1_103' title='bbox 841 1128 1090 1182; x_wconf 86' lang='lat' dir='ltr'>apostolica</span> <span class='ocrx_word' id='word_1_104' title='bbox 1108 1128 1151 1170; x_wconf 93' lang='lat' dir='ltr'>in</span> <span class='ocrx_word' id='word_1_105' title='bbox 1171 1128 1399 1172; x_wconf 80' lang='lat' dir='ltr'>exercitiis</span> <span class='ocrx_word' id='word_1_106' title='bbox 1416 1129 1602 1181; x_wconf 91' lang='lat' dir='ltr'>nostris,</span> <span class='ocrx_word' id='word_1_107' title='bbox 1624 1129 1734 1172; x_wconf 93' lang='lat' dir='ltr'>illud</span> 
     </span>
     <span class='ocr_line' id='line_1_13' title="bbox 103 1202 1735 1260; baseline 0.003 -16"><span class='ocrx_word' id='word_1_108' title='bbox 103 1202 358 1244; x_wconf 90' lang='lat' dir='ltr'>addendum</span> <span class='ocrx_word' id='word_1_109' title='bbox 381 1204 518 1256; x_wconf 84' lang='lat' dir='ltr'>quod,</span> <span class='ocrx_word' id='word_1_110' title='bbox 543 1218 659 1257; x_wconf 87' lang='lat' dir='ltr'>quae</span> <span class='ocrx_word' id='word_1_111' title='bbox 682 1218 706 1245; x_wconf 91' lang='lat' dir='ltr'>a</span> <span class='ocrx_word' id='word_1_112' title='bbox 730 1204 836 1246; x_wconf 91' lang='lat' dir='ltr'>sede</span> <span class='ocrx_word' id='word_1_113' title='bbox 869 1204 1120 1258; x_wconf 88' lang='lat' dir='ltr'>apostolica</span> <span class='ocrx_word' id='word_1_114' title='bbox 1137 1206 1400 1260; x_wconf 76' lang='lat' dir='ltr'>probantur,</span> <span class='ocrx_word' id='word_1_115' title='bbox 1438 1220 1491 1248; x_wconf 89' lang='lat' dir='ltr'>ea</span> <span class='ocrx_word' id='word_1_116' title='bbox 1520 1205 1566 1248; x_wconf 89' lang='lat' dir='ltr'>in</span> <span class='ocrx_word' id='word_1_117' title='bbox 1596 1207 1735 1249; x_wconf 86' lang='lat' dir='ltr'>sacris</span> 
     </span>
     <span class='ocr_line' id='line_1_14' title="bbox 101 1278 1730 1338; baseline 0.004 -18"><span class='ocrx_word' id='word_1_118' title='bbox 101 1278 242 1322; x_wconf 89' lang='lat' dir='ltr'>literis</span> <span class='ocrx_word' id='word_1_119' title='bbox 264 1279 569 1323; x_wconf 88' lang='lat' dir='ltr'>continentur.</span> <span class='ocrx_word' id='word_1_120' title='bbox 611 1280 734 1334; x_wconf 92' lang='lat' dir='ltr'>Quid</span> <span class='ocrx_word' id='word_1_121' title='bbox 764 1280 904 1335; x_wconf 75' lang='lat' dir='ltr'>igitur</span> <span class='ocrx_word' id='word_1_122' title='bbox 935 1281 1048 1334; x_wconf 89' lang='lat' dir='ltr'>petis</span> <span class='ocrx_word' id='word_1_123' title='bbox 1071 1288 1119 1323; x_wconf 81' lang='lat' dir='ltr'>vt</span> <span class='ocrx_word' id='word_1_124' title='bbox 1150 1296 1242 1324; x_wconf 90' lang='lat' dir='ltr'>rem</span> <span class='ocrx_word' id='word_1_125' title='bbox 1266 1290 1310 1325; x_wconf 92' lang='lat' dir='ltr'>et</span> <span class='ocrx_word' id='word_1_126' title='bbox 1339 1297 1418 1336; x_wconf 91' lang='lat' dir='ltr'>per</span> <span class='ocrx_word' id='word_1_127' title='bbox 1446 1283 1600 1325; x_wconf 83' lang='lat' dir='ltr'>sedem</span> <span class='ocrx_word' id='word_1_128' title='bbox 1624 1298 1730 1338; x_wconf 91' lang='lat' dir='ltr'>apo-</span> 
     </span>
     <span class='ocr_line' id='line_1_15' title="bbox 101 1356 1731 1411; baseline 0.002 -13"><span class='ocrx_word' id='word_1_129' title='bbox 101 1356 308 1398; x_wconf 87' lang='lat' dir='ltr'>stolicam</span> <span class='ocrx_word' id='word_1_130' title='bbox 332 1364 376 1398; x_wconf 91' lang='lat' dir='ltr'>et</span> <span class='ocrx_word' id='word_1_131' title='bbox 400 1371 478 1411; x_wconf 87' lang='lat' dir='ltr'>per</span> <span class='ocrx_word' id='word_1_132' title='bbox 500 1371 650 1399; x_wconf 90' lang='lat' dir='ltr'>sacras</span> <span class='ocrx_word' id='word_1_133' title='bbox 673 1357 826 1400; x_wconf 78' lang='lat' dir='ltr'>literas</span> <span class='ocrx_word' id='word_1_134' title='bbox 855 1358 1165 1400; x_wconf 87' lang='lat' dir='ltr'>confirmatam</span> <span class='ocrx_word' id='word_1_135' title='bbox 1194 1358 1239 1400; x_wconf 90' lang='lat' dir='ltr'>in</span> <span class='ocrx_word' id='word_1_136' title='bbox 1264 1358 1621 1402; x_wconf 84' lang='lat' dir='ltr'>controuersiam</span> <span class='ocrx_word' id='word_1_137' title='bbox 1650 1375 1731 1402; x_wconf 87' lang='lat' dir='ltr'>vo-</span> 
     </span>
     <span class='ocr_line' id='line_1_16' title="bbox 101 1432 1731 1489; baseline 0.002 -14"><span class='ocrx_word' id='word_1_138' title='bbox 101 1447 177 1475; x_wconf 91' lang='lat' dir='ltr'>ces</span> <span class='ocrx_word' id='word_1_139' title='bbox 195 1441 240 1475; x_wconf 93' lang='lat' dir='ltr'>et</span> <span class='ocrx_word' id='word_1_140' title='bbox 256 1432 491 1485; x_wconf 85' lang='lat' dir='ltr'>iudicium,</span> <span class='ocrx_word' id='word_1_141' title='bbox 509 1434 675 1488; x_wconf 87' lang='lat' dir='ltr'>rejecta</span> <span class='ocrx_word' id='word_1_142' title='bbox 693 1433 961 1476; x_wconf 88' lang='lat' dir='ltr'>auctoritate</span> <span class='ocrx_word' id='word_1_143' title='bbox 974 1434 1236 1489; x_wconf 85' lang='lat' dir='ltr'>apostolica,</span> <span class='ocrx_word' id='word_1_144' title='bbox 1252 1435 1579 1489; x_wconf 86' lang='lat' dir='ltr'>praetermissis</span> <span class='ocrx_word' id='word_1_145' title='bbox 1594 1437 1731 1480; x_wconf 88' lang='lat' dir='ltr'>sacris</span> 
     </span>
     <span class='ocr_line' id='line_1_17' title="bbox 99 1509 1729 1567; baseline 0.003 -16"><span class='ocrx_word' id='word_1_146' title='bbox 99 1509 278 1552; x_wconf 89' lang='lat' dir='ltr'>litteris?</span> <span class='ocrx_word' id='word_1_147' title='bbox 300 1511 546 1564; x_wconf 86' lang='lat' dir='ltr'>Nunquam</span> <span class='ocrx_word' id='word_1_148' title='bbox 571 1510 780 1565; x_wconf 88' lang='lat' dir='ltr'>equidem</span> <span class='ocrx_word' id='word_1_149' title='bbox 805 1510 1021 1565; x_wconf 80' lang='lat' dir='ltr'>cogitaui,</span> <span class='ocrx_word' id='word_1_150' title='bbox 1042 1511 1235 1565; x_wconf 88' lang='lat' dir='ltr'>inquies.</span> <span class='ocrx_word' id='word_1_151' title='bbox 1259 1511 1382 1566; x_wconf 91' lang='lat' dir='ltr'>Quid</span> <span class='ocrx_word' id='word_1_152' title='bbox 1401 1525 1511 1566; x_wconf 87' lang='lat' dir='ltr'>ergo</span> <span class='ocrx_word' id='word_1_153' title='bbox 1535 1519 1603 1554; x_wconf 91' lang='lat' dir='ltr'>est</span> <span class='ocrx_word' id='word_1_154' title='bbox 1621 1527 1729 1567; x_wconf 88' lang='lat' dir='ltr'>qua-</span> 
     </span>
     <span class='ocr_line' id='line_1_18' title="bbox 97 1586 1728 1642; baseline 0.004 -15"><span class='ocrx_word' id='word_1_155' title='bbox 97 1594 295 1641; x_wconf 89' lang='lat' dir='ltr'>propter,</span> <span class='ocrx_word' id='word_1_156' title='bbox 328 1601 468 1641; x_wconf 91' lang='lat' dir='ltr'>quum</span> <span class='ocrx_word' id='word_1_157' title='bbox 499 1587 666 1629; x_wconf 90' lang='lat' dir='ltr'>bullam</span> <span class='ocrx_word' id='word_1_158' title='bbox 701 1586 994 1641; x_wconf 89' lang='lat' dir='ltr'>apostolicam</span> <span class='ocrx_word' id='word_1_159' title='bbox 1024 1587 1154 1642; x_wconf 91' lang='lat' dir='ltr'>legis,</span> <span class='ocrx_word' id='word_1_160' title='bbox 1182 1588 1227 1629; x_wconf 90' lang='lat' dir='ltr'>in</span> <span class='ocrx_word' id='word_1_161' title='bbox 1251 1602 1339 1642; x_wconf 92' lang='lat' dir='ltr'>qua</span> <span class='ocrx_word' id='word_1_162' title='bbox 1362 1594 1604 1642; x_wconf 87' lang='lat' dir='ltr'>Vtrumque</span> <span class='ocrx_word' id='word_1_163' title='bbox 1626 1604 1728 1632; x_wconf 90' lang='lat' dir='ltr'>con-</span> 
     </span>
     <span class='ocr_line' id='line_1_19' title="bbox 95 1662 1728 1718; baseline 0.002 -14"><span class='ocrx_word' id='word_1_164' title='bbox 95 1670 199 1715; x_wconf 86' lang='lat' dir='ltr'>stat,</span> <span class='ocrx_word' id='word_1_165' title='bbox 225 1662 252 1706; x_wconf 89' lang='lat'>8</span> <span class='ocrx_word' id='word_1_166' title='bbox 276 1663 570 1705; x_wconf 89' lang='lat' dir='ltr'>nihilominus</span> <span class='ocrx_word' id='word_1_167' title='bbox 593 1670 682 1706; x_wconf 85' lang='lat' dir='ltr'>tarn</span> <span class='ocrx_word' id='word_1_168' title='bbox 706 1663 921 1705; x_wconf 83' lang='lat' dir='ltr'>atrociter</span> <span class='ocrx_word' id='word_1_169' title='bbox 953 1663 1218 1718; x_wconf 80' lang='lat' dir='ltr'>pronuntias</span> <span class='ocrx_word' id='word_1_170' title='bbox 1247 1666 1464 1708; x_wconf 85' lang='lat' dir='ltr'>aduersus</span> <span class='ocrx_word' id='word_1_171' title='bbox 1494 1667 1728 1710; x_wconf 86' lang='lat' dir='ltr'>exercitia?</span> 
     </span>
    </p>

    <p class='ocr_par' dir='ltr' id='par_1_3' title="bbox 90 1739 1738 2169">
     <span class='ocr_line' id='line_1_20' title="bbox 181 1739 1738 1796; baseline 0.003 -14"><span class='ocrx_word' id='word_1_172' title='bbox 181 1740 407 1795; x_wconf 76' lang='lat' dir='ltr'>Quocirca</span> <span class='ocrx_word' id='word_1_173' title='bbox 444 1754 676 1795; x_wconf 88' lang='lat' dir='ltr'>nunquam</span> <span class='ocrx_word' id='word_1_174' title='bbox 710 1739 939 1784; x_wconf 80' lang='lat' dir='ltr'>existimes</span> <span class='ocrx_word' id='word_1_175' title='bbox 976 1740 1041 1782; x_wconf 89' lang='lat' dir='ltr'>sic</span> <span class='ocrx_word' id='word_1_176' title='bbox 1071 1755 1141 1783; x_wconf 88' lang='lat' dir='ltr'>me</span> <span class='ocrx_word' id='word_1_177' title='bbox 1169 1755 1250 1796; x_wconf 91' lang='lat' dir='ltr'>pro</span> <span class='ocrx_word' id='word_1_178' title='bbox 1289 1742 1516 1785; x_wconf 82' lang='lat' dir='ltr'>exercitiis</span> <span class='ocrx_word' id='word_1_179' title='bbox 1553 1744 1738 1795; x_wconf 48' lang='lat' dir='ltr'>dicere,</span> 
     </span>
     <span class='ocr_line' id='line_1_21' title="bbox 92 1817 1723 1875; baseline 0.003 -17"><span class='ocrx_word' id='word_1_180' title='bbox 92 1817 218 1870; x_wconf 88' lang='lat' dir='ltr'>quasi</span> <span class='ocrx_word' id='word_1_181' title='bbox 241 1818 298 1860; x_wconf 91' lang='lat' dir='ltr'>de</span> <span class='ocrx_word' id='word_1_182' title='bbox 321 1832 367 1859; x_wconf 90' lang='lat' dir='ltr'>re</span> <span class='ocrx_word' id='word_1_183' title='bbox 391 1823 683 1860; x_wconf 87' lang='lat' dir='ltr'>controuersa</span> <span class='ocrx_word' id='word_1_184' title='bbox 706 1817 994 1871; x_wconf 85' lang='lat' dir='ltr'>contendam,</span> <span class='ocrx_word' id='word_1_185' title='bbox 1027 1818 1106 1860; x_wconf 89' lang='lat' dir='ltr'>sed</span> <span class='ocrx_word' id='word_1_186' title='bbox 1136 1818 1197 1860; x_wconf 89' lang='lat' dir='ltr'>ita</span> <span class='ocrx_word' id='word_1_187' title='bbox 1215 1820 1410 1861; x_wconf 55' lang='lat' dir='ltr'>,tandem</span> <span class='ocrx_word' id='word_1_188' title='bbox 1435 1819 1627 1875; x_wconf 79' lang='lat' dir='ltr'>(etiamsi</span> <span class='ocrx_word' id='word_1_189' title='bbox 1653 1821 1723 1863; x_wconf 92' lang='lat' dir='ltr'>in—</span> 
     </span>
     <span class='ocr_line' id='line_1_22' title="bbox 90 1893 1723 1949; baseline 0.002 -14"><span class='ocrx_word' id='word_1_190' title='bbox 90 1893 212 1935; x_wconf 91' lang='lat' dir='ltr'>uitus</span> <span class='ocrx_word' id='word_1_191' title='bbox 235 1893 279 1935; x_wconf 93' lang='lat' dir='ltr'>id</span> <span class='ocrx_word' id='word_1_192' title='bbox 302 1894 462 1936; x_wconf 89' lang='lat' dir='ltr'>faciam</span> <span class='ocrx_word' id='word_1_193' title='bbox 480 1901 663 1949; x_wconf 88' lang='lat' dir='ltr'>propter</span> <span class='ocrx_word' id='word_1_194' title='bbox 685 1894 749 1937; x_wconf 90' lang='lat' dir='ltr'>rei</span> <span class='ocrx_word' id='word_1_195' title='bbox 777 1893 1110 1949; x_wconf 85' lang='lat' dir='ltr'>indignitatem)</span> <span class='ocrx_word' id='word_1_196' title='bbox 1139 1903 1188 1937; x_wconf 87' lang='lat' dir='ltr'>vt</span> <span class='ocrx_word' id='word_1_197' title='bbox 1217 1896 1418 1938; x_wconf 90' lang='lat' dir='ltr'>solemus</span> <span class='ocrx_word' id='word_1_198' title='bbox 1446 1898 1502 1939; x_wconf 93' lang='lat' dir='ltr'>de</span> <span class='ocrx_word' id='word_1_199' title='bbox 1530 1898 1619 1941; x_wconf 90' lang='lat' dir='ltr'>fide</span> <span class='ocrx_word' id='word_1_200' title='bbox 1643 1899 1723 1940; x_wconf 83' lang='lat' dir='ltr'>ad-</span> 
     </span>
     <span class='ocr_line' id='line_1_23' title="bbox 90 1970 1721 2027; baseline 0.003 -15"><span class='ocrx_word' id='word_1_201' title='bbox 90 1984 249 2014; x_wconf 91' lang='lat' dir='ltr'>uersus</span> <span class='ocrx_word' id='word_1_202' title='bbox 271 1970 540 2021; x_wconf 84' lang='lat' dir='ltr'>haereticos,</span> <span class='ocrx_word' id='word_1_203' title='bbox 565 1985 647 2026; x_wconf 91' lang='lat' dir='ltr'>pro</span> <span class='ocrx_word' id='word_1_204' title='bbox 671 1971 928 2014; x_wconf 85' lang='lat' dir='ltr'>obedientia</span> <span class='ocrx_word' id='word_1_205' title='bbox 950 1972 1114 2013; x_wconf 90' lang='lat' dir='ltr'>summi</span> <span class='ocrx_word' id='word_1_206' title='bbox 1138 1972 1365 2027; x_wconf 82' lang='lat' dir='ltr'>pontificis</span> <span class='ocrx_word' id='word_1_207' title='bbox 1386 1973 1505 2015; x_wconf 90' lang='lat' dir='ltr'>idem</span> <span class='ocrx_word' id='word_1_208' title='bbox 1528 1973 1546 1998; x_wconf 76' lang='lat' dir='ltr'>b</span> <span class='ocrx_word' id='word_1_209' title='bbox 1564 1982 1721 2018; x_wconf 90' lang='lat' dir='ltr'>contra</span> 
     </span>
     <span class='ocr_line' id='line_1_24' title="bbox 90 2046 1722 2104; baseline 0.004 -16"><span class='ocrx_word' id='word_1_210' title='bbox 90 2046 404 2090; x_wconf 86' lang='lat' dir='ltr'>schismaticos</span> <span class='ocrx_word' id='word_1_211' title='bbox 426 2055 442 2072; x_wconf 76' lang='lat'><strong>⁶</strong></span> <span class='ocrx_word' id='word_1_212' title='bbox 478 2061 630 2102; x_wconf 88' lang='lat' dir='ltr'>agere.</span> <span class='ocrx_word' id='word_1_213' title='bbox 665 2049 954 2102; x_wconf 76' lang='lat' dir='ltr'>Quamquam</span> <span class='ocrx_word' id='word_1_214' title='bbox 983 2049 1040 2091; x_wconf 89' lang='lat' dir='ltr'>de</span> <span class='ocrx_word' id='word_1_215' title='bbox 1069 2056 1114 2091; x_wconf 91' lang='lat' dir='ltr'>te</span> <span class='ocrx_word' id='word_1_216' title='bbox 1142 2063 1230 2104; x_wconf 88' lang='lat' dir='ltr'>ego</span> <span class='ocrx_word' id='word_1_217' title='bbox 1255 2049 1369 2090; x_wconf 90' lang='lat' dir='ltr'>nihil</span> <span class='ocrx_word' id='word_1_218' title='bbox 1397 2051 1609 2102; x_wconf 87' lang='lat' dir='ltr'>censebo,</span> <span class='ocrx_word' id='word_1_219' title='bbox 1643 2052 1722 2093; x_wconf 90' lang='lat' dir='ltr'>sed</span> 
     </span>
     <span class='ocr_line' id='line_1_25' title="bbox 91 2123 1138 2169; baseline 0.005 -5"><span class='ocrx_word' id='word_1_220' title='bbox 91 2129 265 2166; x_wconf 90' lang='lat' dir='ltr'>tantum</span> <span class='ocrx_word' id='word_1_221' title='bbox 283 2125 340 2167; x_wconf 94' lang='lat' dir='ltr'>de</span> <span class='ocrx_word' id='word_1_222' title='bbox 363 2123 451 2166; x_wconf 90' lang='lat' dir='ltr'>tuis</span> <span class='ocrx_word' id='word_1_223' title='bbox 480 2123 567 2166; x_wconf 91' lang='lat' dir='ltr'>illis</span> <span class='ocrx_word' id='word_1_224' title='bbox 589 2124 793 2168; x_wconf 90' lang='lat' dir='ltr'>censuris</span> <span class='ocrx_word' id='word_1_225' title='bbox 816 2124 1138 2169; x_wconf 90' lang='lat' dir='ltr'>celeberrimis.</span> 
     </span>
    </p>

    <p class='ocr_par' dir='ltr' id='par_1_4' title="bbox 84 2200 1718 2640">
     <span class='ocr_line' id='line_1_26' title="bbox 176 2200 1718 2259; baseline 0.001 -15"><span class='ocrx_word' id='word_1_226' title='bbox 176 2200 267 2244; x_wconf 88' lang='lat' dir='ltr'>Sed</span> <span class='ocrx_word' id='word_1_227' title='bbox 289 2214 391 2255; x_wconf 85' lang='lat' dir='ltr'>age,</span> <span class='ocrx_word' id='word_1_228' title='bbox 413 2201 469 2243; x_wconf 91' lang='lat' dir='ltr'>ad</span> <span class='ocrx_word' id='word_1_229' title='bbox 487 2215 580 2244; x_wconf 89' lang='lat' dir='ltr'>rem</span> <span class='ocrx_word' id='word_1_230' title='bbox 598 2200 819 2243; x_wconf 90' lang='lat' dir='ltr'>cominus.</span> <span class='ocrx_word' id='word_1_231' title='bbox 844 2203 967 2256; x_wconf 88' lang='lat' dir='ltr'>Lege</span> <span class='ocrx_word' id='word_1_232' title='bbox 985 2202 1046 2244; x_wconf 86' lang='lat' dir='ltr'>fo.</span> <span class='ocrx_word' id='word_1_233' title='bbox 1076 2214 1114 2244; x_wconf 85' lang='grc' dir='ltr'>Ι.</span> <span class='ocrx_word' id='word_1_234' title='bbox 1136 2202 1195 2244; x_wconf 89' lang='lat' dir='ltr'>fa.</span> <span class='ocrx_word' id='word_1_235' title='bbox 1218 2214 1259 2244; x_wconf 85' lang='lat'>2:</span> <span class='ocrx_word' id='word_1_236' title='bbox 1286 2204 1427 2245; x_wconf 68' lang='lat' dir='ltr'>«Cum</span> <span class='ocrx_word' id='word_1_237' title='bbox 1447 2203 1566 2245; x_wconf 87' lang='lat' dir='ltr'>filius</span> <span class='ocrx_word' id='word_1_238' title='bbox 1583 2204 1718 2259; x_wconf 87' lang='lat' dir='ltr'>Igna-</span> 
     </span>
     <span class='ocr_line' id='line_1_27' title="bbox 89 2277 1718 2335; baseline 0.004 -17"><span class='ocrx_word' id='word_1_239' title='bbox 89 2277 177 2319; x_wconf 89' lang='lat' dir='ltr'>tius</span> <span class='ocrx_word' id='word_1_240' title='bbox 199 2277 255 2319; x_wconf 94' lang='lat' dir='ltr'>de</span> <span class='ocrx_word' id='word_1_241' title='bbox 279 2277 450 2332; x_wconf 89' lang='lat' dir='ltr'>Loyola</span> <span class='ocrx_word' id='word_1_242' title='bbox 492 2279 528 2317; x_wconf 80' lang='lat'>¹»</span> <span class='ocrx_word' id='word_1_243' title='bbox 556 2284 642 2320; x_wconf 89' lang='lat' dir='ltr'>etc.</span> <span class='ocrx_word' id='word_1_244' title='bbox 680 2277 804 2332; x_wconf 93' lang='lat' dir='ltr'>Quid</span> <span class='ocrx_word' id='word_1_245' title='bbox 833 2285 897 2329; x_wconf 94' lang='lat' dir='ltr'>tu,</span> <span class='ocrx_word' id='word_1_246' title='bbox 924 2278 960 2320; x_wconf 91' lang='lat' dir='ltr'>si</span> <span class='ocrx_word' id='word_1_247' title='bbox 999 2279 1115 2333; x_wconf 91' lang='lat' dir='ltr'>Xpo.</span> <span class='ocrx_word' id='word_1_248' title='bbox 1160 2279 1324 2333; x_wconf 89' lang='lat' dir='ltr'>placet,</span> <span class='ocrx_word' id='word_1_249' title='bbox 1365 2280 1418 2321; x_wconf 89' lang='lat' dir='ltr'>fis</span> <span class='ocrx_word' id='word_1_250' title='bbox 1456 2287 1640 2335; x_wconf 88' lang='lat' dir='ltr'>repente</span> <span class='ocrx_word' id='word_1_251' title='bbox 1662 2281 1718 2324; x_wconf 92' lang='lat' dir='ltr'>de</span> 
     </span>
     <span class='ocr_line' id='line_1_28' title="bbox 87 2354 1716 2412; baseline 0.002 -18"><span class='ocrx_word' id='word_1_252' title='bbox 87 2354 300 2410; x_wconf 81' lang='lat' dir='ltr'>theologo</span> <span class='ocrx_word' id='word_1_253' title='bbox 322 2356 490 2405; x_wconf 89' lang='lat' dir='ltr'>rethor,</span> <span class='ocrx_word' id='word_1_254' title='bbox 531 2355 587 2398; x_wconf 88' lang='lat' dir='ltr'>de</span> <span class='ocrx_word' id='word_1_255' title='bbox 627 2355 762 2397; x_wconf 88' lang='lat' dir='ltr'>fratre</span> <span class='ocrx_word' id='word_1_256' title='bbox 800 2356 1061 2405; x_wconf 52' lang='lat' dir='ltr'>satanshoc</span> <span class='ocrx_word' id='word_1_257' title='bbox 1084 2361 1168 2407; x_wconf 89' lang='lat' dir='ltr'>est,</span> <span class='ocrx_word' id='word_1_258' title='bbox 1207 2355 1515 2398; x_wconf 88' lang='lat' dir='ltr'>aduersarius?</span> <span class='ocrx_word' id='word_1_259' title='bbox 1545 2356 1716 2412; x_wconf 86' lang='lat' dir='ltr'>Legisti</span> 
     </span>
     <span class='ocr_line' id='line_1_29' title="bbox 86 2430 1714 2487; baseline 0.002 -16"><span class='ocrx_word' id='word_1_260' title='bbox 86 2430 288 2473; x_wconf 86' lang='lat' dir='ltr'>fortassis</span> <span class='ocrx_word' id='word_1_261' title='bbox 305 2430 366 2473; x_wconf 92' lang='lat' dir='ltr'>ibi</span> <span class='ocrx_word' id='word_1_262' title='bbox 389 2430 752 2475; x_wconf 88' lang='lat' dir='ltr'>beneuolentiam</span> <span class='ocrx_word' id='word_1_263' title='bbox 781 2432 838 2474; x_wconf 90' lang='lat' dir='ltr'>ab</span> <span class='ocrx_word' id='word_1_264' title='bbox 862 2445 1055 2486; x_wconf 87' lang='lat' dir='ltr'>persona</span> <span class='ocrx_word' id='word_1_265' title='bbox 1080 2431 1443 2475; x_wconf 87' lang='lat' dir='ltr'>aduersariorum</span> <span class='ocrx_word' id='word_1_266' title='bbox 1473 2433 1659 2487; x_wconf 89' lang='lat' dir='ltr'>captari,</span> <span class='ocrx_word' id='word_1_267' title='bbox 1687 2436 1714 2476; x_wconf 82' lang='grc'><strong>9</strong></span> 
     </span>
     <span class='ocr_line' id='line_1_30' title="bbox 84 2506 1713 2564; baseline 0.002 -16"><span class='ocrx_word' id='word_1_268' title='bbox 84 2506 120 2548; x_wconf 87' lang='lat' dir='ltr'>si</span> <span class='ocrx_word' id='word_1_269' title='bbox 143 2506 241 2550; x_wconf 92' lang='lat' dir='ltr'>illos</span> <span class='ocrx_word' id='word_1_270' title='bbox 263 2507 309 2549; x_wconf 91' lang='lat' dir='ltr'>in</span> <span class='ocrx_word' id='word_1_271' title='bbox 333 2507 503 2559; x_wconf 91' lang='lat' dir='ltr'>odium,</span> <span class='ocrx_word' id='word_1_272' title='bbox 529 2507 574 2549; x_wconf 91' lang='lat' dir='ltr'>in</span> <span class='ocrx_word' id='word_1_273' title='bbox 598 2507 829 2564; x_wconf 90' lang='lat' dir='ltr'>inuidiam,</span> <span class='ocrx_word' id='word_1_274' title='bbox 870 2508 917 2549; x_wconf 91' lang='lat' dir='ltr'>in</span> <span class='ocrx_word' id='word_1_275' title='bbox 954 2507 1339 2563; x_wconf 89' lang='lat' dir='ltr'>contemptionem</span> <span class='ocrx_word' id='word_1_276' title='bbox 1376 2508 1475 2550; x_wconf 93' lang='lat' dir='ltr'>illos</span> <span class='ocrx_word' id='word_1_277' title='bbox 1514 2509 1713 2551; x_wconf 89' lang='lat' dir='ltr'>adduce-</span> 
     </span>
     <span class='ocr_line' id='line_1_31' title="bbox 85 2583 1708 2640; baseline 0.002 -16"><span class='ocrx_word' id='word_1_278' title='bbox 85 2598 199 2626; x_wconf 90' lang='lat' dir='ltr'>mus.</span> <span class='ocrx_word' id='word_1_279' title='bbox 225 2585 382 2639; x_wconf 91' lang='lat' dir='ltr'>Itaque</span> <span class='ocrx_word' id='word_1_280' title='bbox 404 2599 495 2626; x_wconf 91' lang='lat' dir='ltr'>non</span> <span class='ocrx_word' id='word_1_281' title='bbox 517 2584 684 2639; x_wconf 91' lang='lat' dir='ltr'>putasti</span> <span class='ocrx_word' id='word_1_282' title='bbox 706 2584 814 2627; x_wconf 83' lang='lat' dir='ltr'>satis</span> <span class='ocrx_word' id='word_1_283' title='bbox 832 2586 1071 2639; x_wconf 87' lang='lat' dir='ltr'>probatum</span> <span class='ocrx_word' id='word_1_284' title='bbox 1089 2583 1143 2626; x_wconf 87' lang='lat' dir='ltr'>iri</span> <span class='ocrx_word' id='word_1_285' title='bbox 1163 2591 1205 2627; x_wconf 92' lang='lat' dir='ltr'>te</span> <span class='ocrx_word' id='word_1_286' title='bbox 1224 2584 1533 2627; x_wconf 87' lang='lat' dir='ltr'>aduersarium</span> <span class='ocrx_word' id='word_1_287' title='bbox 1553 2599 1708 2640; x_wconf 88' lang='lat' dir='ltr'>agere,</span> 
     </span>
    </p>
   </div>
   <div class='ocr_carea' id='block_1_3' title="bbox 153 2720 1704 2757">
    <p class='ocr_par' dir='ltr' id='par_1_5' title="bbox 153 2720 1704 2757">
     <span class='ocr_line' id='line_1_32' title="bbox 153 2720 1704 2757; baseline 0.001 -2"><span class='ocrx_word' id='word_1_288' title='bbox 153 2731 171 2747; x_wconf 77' lang='lat' dir='ltr'>a</span> <span class='ocrx_word' id='word_1_289' title='bbox 219 2721 325 2756; x_wconf 84' lang='lat' dir='ltr'>illud</span> <span class='ocrx_word' id='word_1_290' title='bbox 342 2722 421 2756; x_wconf 83' lang='lat' dir='ltr'>erit</span> <span class='ocrx_word' id='word_1_291' title='bbox 438 2722 544 2756; x_wconf 80' lang='lat' dir='ltr'>illud</span> <span class='ocrx_word' id='word_1_292' title='bbox 563 2733 639 2756; x_wconf 82' lang='lat' dir='ltr'>mS.</span> <span class='ocrx_word' id='word_1_293' title='bbox 695 2723 760 2748; x_wconf 92' lang='lat' dir='ltr'>—b</span> <span class='ocrx_word' id='word_1_294' title='bbox 787 2720 966 2757; x_wconf 88' lang='lat' dir='ltr'>Obscure</span> <span class='ocrx_word' id='word_1_295' title='bbox 992 2725 1207 2755; x_wconf 86' lang='lat' dir='ltr'>exaratum.</span> <span class='ocrx_word' id='word_1_296' title='bbox 1259 2730 1324 2747; x_wconf 77' lang='lat'>-0</span> <span class='ocrx_word' id='word_1_297' title='bbox 1350 2721 1611 2755; x_wconf 78' lang='lat' dir='ltr'>schismaticis</span> <span class='ocrx_word' id='word_1_298' title='bbox 1629 2732 1704 2756; x_wconf 89' lang='lat' dir='ltr'>ms.</span> 
     </span>
    </p>
   </div>
   <div class='ocr_carea' id='block_1_4' title="bbox 79 2821 1707 3045">
    <p class='ocr_par' dir='ltr' id='par_1_6' title="bbox 79 2821 1707 3045">
     <span class='ocr_line' id='line_1_33' title="bbox 151 2821 1707 2869; baseline 0.002 -14"><span class='ocrx_word' id='word_1_299' title='bbox 151 2821 160 2841; x_wconf 89' lang='lat'><strong>¹</strong></span> <span class='ocrx_word' id='word_1_300' title='bbox 213 2821 320 2856; x_wconf 89' lang='lat' dir='ltr'>Haec</span> <span class='ocrx_word' id='word_1_301' title='bbox 339 2828 430 2857; x_wconf 88' lang='lat' dir='ltr'>sunt</span> <span class='ocrx_word' id='word_1_302' title='bbox 449 2822 569 2867; x_wconf 87' lang='lat' dir='ltr'>prima</span> <span class='ocrx_word' id='word_1_303' title='bbox 584 2822 704 2856; x_wconf 89' lang='lat' dir='ltr'>verba</span> <span class='ocrx_word' id='word_1_304' title='bbox 723 2821 939 2856; x_wconf 88' lang='lat' dir='ltr'>litterarum</span> <span class='ocrx_word' id='word_1_305' title='bbox 964 2821 1265 2867; x_wconf 87' lang='lat' dir='ltr'>apostolicarum</span> <span class='ocrx_word' id='word_1_306' title='bbox 1293 2822 1402 2856; x_wconf 87' lang='lat' dir='ltr'>Pauli</span> <span class='ocrx_word' id='word_1_307' title='bbox 1421 2822 1488 2866; x_wconf 88' lang='lat'>111,</span> <span class='ocrx_word' id='word_1_308' title='bbox 1519 2834 1618 2869; x_wconf 87' lang='lat' dir='ltr'>quae</span> <span class='ocrx_word' id='word_1_309' title='bbox 1638 2823 1707 2858; x_wconf 86' lang='lat' dir='ltr'>ini-</span> 
     </span>
     <span class='ocr_line' id='line_1_34' title="bbox 79 2879 1707 2929; baseline 0.001 -14"><span class='ocrx_word' id='word_1_310' title='bbox 79 2879 134 2914; x_wconf 90' lang='lat' dir='ltr'>tio</span> <span class='ocrx_word' id='word_1_311' title='bbox 151 2879 242 2915; x_wconf 87' lang='lat' dir='ltr'>libri</span> <span class='ocrx_word' id='word_1_312' title='bbox 259 2881 532 2916; x_wconf 86' lang='lat' dir='ltr'>exercitiorum</span> <span class='ocrx_word' id='word_1_313' title='bbox 547 2881 671 2927; x_wconf 91' lang='lat' dir='ltr'>posita</span> <span class='ocrx_word' id='word_1_314' title='bbox 686 2886 789 2926; x_wconf 87' lang='lat' dir='ltr'>sunt,</span> <span class='ocrx_word' id='word_1_315' title='bbox 806 2882 973 2926; x_wconf 87' lang='lat' dir='ltr'>allegata</span> <span class='ocrx_word' id='word_1_316' title='bbox 990 2892 1012 2915; x_wconf 90' lang='lat' dir='ltr'>a</span> <span class='ocrx_word' id='word_1_317' title='bbox 1031 2880 1246 2916; x_wconf 82' lang='lat' dir='ltr'>Pedrochio</span> <span class='ocrx_word' id='word_1_318' title='bbox 1266 2881 1305 2916; x_wconf 90' lang='lat' dir='ltr'>in</span> <span class='ocrx_word' id='word_1_319' title='bbox 1320 2893 1388 2916; x_wconf 86' lang='lat' dir='ltr'>sua</span> <span class='ocrx_word' id='word_1_320' title='bbox 1406 2893 1585 2925; x_wconf 89' lang='lat' dir='ltr'>censura,</span> <span class='ocrx_word' id='word_1_321' title='bbox 1606 2894 1707 2929; x_wconf 91' lang='lat' dir='ltr'>quae</span> 
     </span>
     <span class='ocr_line' id='line_1_35' title="bbox 79 2938 1706 2986; baseline 0.002 -12"><span class='ocrx_word' id='word_1_322' title='bbox 79 2938 235 2984; x_wconf 90' lang='lat' dir='ltr'>quidem</span> <span class='ocrx_word' id='word_1_323' title='bbox 250 2941 369 2975; x_wconf 88' lang='lat' dir='ltr'>verba</span> <span class='ocrx_word' id='word_1_324' title='bbox 387 2952 436 2974; x_wconf 87' lang='lat' dir='ltr'>ex</span> <span class='ocrx_word' id='word_1_325' title='bbox 454 2940 547 2975; x_wconf 82' lang='lat' dir='ltr'>folio</span> <span class='ocrx_word' id='word_1_326' title='bbox 568 2939 631 2983; x_wconf 90' lang='lat'>1.⁰‚</span> <span class='ocrx_word' id='word_1_327' title='bbox 653 2939 752 2975; x_wconf 88' lang='lat' dir='ltr'>faeie</span> <span class='ocrx_word' id='word_1_328' title='bbox 779 2940 831 2974; x_wconf 72' lang='lat'>1.⁸</span> <span class='ocrx_word' id='word_1_329' title='bbox 855 2939 1018 2986; x_wconf 87' lang='lat' dir='ltr'>praefati</span> <span class='ocrx_word' id='word_1_330' title='bbox 1049 2940 1173 2975; x_wconf 87' lang='lat' dir='ltr'>libelli</span> <span class='ocrx_word' id='word_1_331' title='bbox 1203 2939 1433 2986; x_wconf 87' lang='lat' dir='ltr'>deprompta</span> <span class='ocrx_word' id='word_1_332' title='bbox 1460 2940 1582 2977; x_wconf 88' lang='lat' dir='ltr'>fuere.</span> <span class='ocrx_word' id='word_1_333' title='bbox 1605 2941 1706 2977; x_wconf 88' lang='lat' dir='ltr'>Vide</span> 
     </span>
     <span class='ocr_line' id='line_1_36' title="bbox 79 2997 1706 3045; baseline 0.002 -13"><span class='ocrx_word' id='word_1_334' title='bbox 79 3008 177 3043; x_wconf 86' lang='lat' dir='ltr'>quae</span> <span class='ocrx_word' id='word_1_335' title='bbox 196 2997 242 3032; x_wconf 86' lang='lat' dir='ltr'>ad</span> <span class='ocrx_word' id='word_1_336' title='bbox 259 3009 341 3033; x_wconf 89' lang='lat' dir='ltr'>rem</span> <span class='ocrx_word' id='word_1_337' title='bbox 359 2998 632 3034; x_wconf 88' lang='lat' dir='ltr'>annotavimus</span> <span class='ocrx_word' id='word_1_338' title='bbox 651 2998 813 3034; x_wconf 88' lang='lat' dir='ltr'>edentes</span> <span class='ocrx_word' id='word_1_339' title='bbox 843 3010 1047 3033; x_wconf 88' lang='lat' dir='ltr'>censuram</span> <span class='ocrx_word' id='word_1_340' title='bbox 1081 2998 1383 3033; x_wconf 86' lang='lat' dir='ltr'>Pedrochianam</span> <span class='ocrx_word' id='word_1_341' title='bbox 1411 2999 1512 3045; x_wconf 83' lang='lat' dir='ltr'>apud</span> <span class='ocrx_word' id='word_1_342' title='bbox 1544 3000 1706 3035; x_wconf 84' lang='lat' dir='ltr'>POLAN-</span> 
     </span>
    </p>
   </div>
   <div class='ocr_carea' id='block_1_5' title="bbox 76 3056 791 3104">
    <p class='ocr_par' dir='ltr' id='par_1_7' title="bbox 76 3056 791 3104">
     <span class='ocr_line' id='line_1_37' title="bbox 76 3056 791 3104; baseline 0.003 -14"><span class='ocrx_word' id='word_1_343' title='bbox 76 3062 182 3101; x_wconf 85' lang='lat' dir='ltr'>CUM,</span> <span class='ocrx_word' id='word_1_344' title='bbox 210 3056 375 3101; x_wconf 81' lang='lat' dir='ltr'>Chron.‚</span> <span class='ocrx_word' id='word_1_345' title='bbox 399 3057 471 3104; x_wconf 78' lang='grc' dir='ltr'>ΙΙΙ,</span> <span class='ocrx_word' id='word_1_346' title='bbox 497 3056 583 3104; x_wconf 84' lang='lat' dir='ltr'>5o3‚&#39;</span> <span class='ocrx_word' id='word_1_347' title='bbox 601 3063 733 3092; x_wconf 91' lang='lat' dir='ltr'>annot.</span> <span class='ocrx_word' id='word_1_348' title='bbox 754 3056 791 3092; x_wconf 90' lang='lat'>3.</span> 
     </span>
    </p>
   </div>
  </div>
 </body>
</html>
