2028 3426
354 203 423 247 644
827 202 981 236 ΡΑΤΒιε
1009 202 1254 236 HiERONYMI
1284 201 1434 238 NADAL

311 319 374 356 re,
399 311 444 348 et
468 304 542 347 hic
566 312 635 348 est
661 319 795 348 uerus
820 305 995 346 fructus
1018 311 1035 328 ³
1058 303 1384 359 poenitentiae,
1415 317 1501 347 nec
1530 303 1659 347 aliter
1693 304 1792 346 uult
1821 305 1951 348 Deus

310 383 460 426 delere
483 382 667 424 habitus
691 397 745 425 ex
770 388 957 437 peccato
980 387 1265 437 comparatos
1292 382 1323 422 ¹.

397 460 445 501 In
481 458 955 509 determinationibus,
989 457 1025 501 si
1063 464 1132 500 est
1173 458 1424 501 consolatio
1463 457 1507 500 in
1547 458 1713 514 aliqua,
1744 466 1790 502 et
1824 459 1948 502 uenit

310 536 544 588 desolatio,
570 551 622 579 ea
646 550 743 579 esse
766 535 882 577 solet
905 534 1193 577 confirmatio
1215 535 1378 591 prioris
1400 534 1434 580 b.

400 615 537 656 Facta
560 612 760 668 generali
786 611 1089 664 confessione,
1117 627 1207 655 non
1232 619 1302 655 est
1324 613 1591 668 scrupulose
1621 614 1870 669 agendum,
1899 621 1947 655 ut

310 705 490 745 semper
516 689 709 733 uelimus
732 688 883 743 aliqua
907 696 1095 744 peccata
1116 689 1328 745 neglecta
1350 689 1574 741 confiteri,
1597 690 1670 732 uel
1689 689 1843 742 oblita,
1869 691 1947 732 sed

311 767 556 822 quietanda
582 774 650 809 est
673 765 966 809 conscientia.
991 765 1179 822 Cogitet
1207 779 1256 808 se
1286 767 1546 810 confessum
1571 766 1719 818 toties,
1747 773 1841 808 tum
1865 781 1947 821 ge—

312 843 538 895 neraliter,
573 851 617 886 et
651 843 853 886 adhibita
886 843 1067 899 quidem
1106 842 1348 886 sufficienti
1386 843 1638 900 diligentia,
1681 843 1803 886 aliud
1837 844 1948 887 nihil

313 920 499 975 requirit
523 928 537 945 ⁰
561 922 688 963 Deus
705 919 738 962 d.

401 998 447 1042 Si
488 997 705 1040 seruirem
745 1012 834 1054 ego
862 997 1055 1054 principi
1085 998 1297 1050 seculari,
1330 997 1418 1040 iam
1440 997 1544 1040 olim
1584 999 1640 1041 ab
1673 1013 1728 1041 eo
1764 998 1947 1042 fuissem

311 1074 574 1127 iustitiatus,
596 1090 755 1118 verum
779 1074 930 1118 seruio
949 1074 1007 1128 ei,
1029 1082 1116 1119 etc.
1143 1075 1353 1118 Intellexi
1369 1074 1536 1119 dixisse
1559 1075 1684 1117 illum
1711 1083 1948 1132 propterea

311 1153 431 1207 quod
455 1152 692 1196 miserator
715 1160 760 1196 et
783 1152 1056 1196 misericors.
1079 1153 1212 1195 Valet
1230 1166 1340 1196 uero
1359 1152 1619 1195 huiusmodi
1640 1152 1874 1197 meditatio
1892 1154 1947 1195 ad
2009 1190 2011 1194 .

310 1230 534 1272 tollendos
558 1231 814 1285 scrupulos.

397 1308 560 1350 Narrat
587 1307 727 1349 uitam
751 1322 897 1359 suam,
926 1322 1005 1350 sua
1030 1315 1233 1363 peccata,
1260 1307 1617 1362 persecutiones,
1639 1321 1859 1358 carceres,
1880 1307 1947 1349 in-

309 1384 563 1436 firmitates,
589 1384 651 1426 ita
674 1392 829 1428 mouet
853 1384 964 1427 mire
988 1393 1017 1427 0.
1047 1384 1146 1428 2711·
1170 1387 1325 1428 Mouet
1348 1398 1475 1436 uero,
1497 1384 1595 1428 siue
1614 1385 1736 1440 quod
1758 1384 1948 1428 uidean—
2008 1399 2021 1437 ,-

310 1469 382 1504 tur
406 1469 471 1504 tot
494 1463 686 1504 effectus
707 1461 881 1518 gratiae
903 1462 989 1506 Dei
1013 1477 1091 1518 per
1121 1462 1263 1518 illum,
1298 1462 1396 1504 siue
1426 1463 1548 1516 quod
1577 1476 1756 1518 semper
1783 1469 1853 1506 est
1881 1463 1947 1506 fe·
2012 1449 2017 1497 s

310 1553 446 1582 ruens
475 1538 520 1581 in
553 1539 951 1595 contemplatione,
986 1539 1107 1594 quod
1139 1538 1384 1581 maximum
1415 1539 1554 1582 habet
1583 1547 1862 1582 momentum
1891 1540 1947 1582 ad

308 1615 556 1659 efficaciam
589 1616 828 1670 sermonis,
864 1616 1016 1659 omnia
1046 1631 1158 1660 uero
1192 1623 1406 1672 operatur
1435 1615 1619 1672 spiritus
1648 1616 1847 1675 Domini,
1873 1616 1947 1659 cui

309 1693 365 1736 sit
389 1693 534 1749 gloria
561 1693 605 1735 in
630 1707 813 1736 aeuum.
2010 1747 2028 1752 ..

398 1763 500 1813 Nori
525 1772 640 1814 solet
663 1771 899 1815 attendere
922 1772 978 1814 ad
1001 1786 1070 1823 ea,
1097 1785 1213 1826 quae
1236 1778 1479 1814 narrantur
1501 1772 1556 1814 de
1579 1771 1794 1827 gustibus
1817 1771 1947 1827 spiri-
2011 1808 2028 1823 ¹,

309 1848 508 1890 tualibus
531 1848 577 1890 in
608 1848 832 1902 oratione,
864 1850 944 1892 sed
974 1849 1120 1891 solum
1151 1849 1206 1892 ad
1229 1848 1502 1893 soliditatem
1527 1850 1793 1900 sententiae,
1819 1848 1947 1904 quasi
1995 1864 2007 1891 1

310 1924 520 1969 uideatur
545 1925 753 1977 innuere,
780 1927 869 1969 hoc
892 1940 993 1970 esse
1016 1926 1342 1977 necessarium,
1370 1940 1461 1968 non
1485 1925 1596 1968 illud
1619 1925 1642 1967 s.
2007 1910 2009 1914 Α

398 2004 524 2046 Deus
547 2011 707 2045 contra
730 2002 967 2046 nobiscum
991 2003 1104 2059 agit,
1132 2017 1265 2058 quam
1286 2003 1424 2045 huius
1441 2003 1582 2046 seculi
1602 2003 1822 2054 homines,
1845 2017 1946 2045 nam
1997 2004 2007 2067 ’ὲ

380 2126 396 2141 ²¹
447 2115 556 2150 Haec
574 2126 596 2159 4
617 2116 736 2150 verba
756 2115 905 2151 addidit
925 2116 1015 2150 Nat.
1069 2117 1135 2142 —b
1163 2115 1422 2151 Emendatum
1440 2128 1462 2151 a
1481 2116 1575 2152 Nat.
1601 2128 1650 2151 ex
1670 2128 1716 2152 ea
1734 2119 1788 2151 est
1807 2115 1948 2162 confir·
1993 2121 2005 2139 ⁴

311 2175 436 2209 matio
452 2174 608 2219 prioris
629 2176 866 2211 necessario.
924 2194 958 2200 —
972 2184 987 2202 c
1014 2174 1273 2210 Emendatum
1291 2187 1313 2210 a
1332 2175 1425 2210 Nat.
1450 2186 1497 2210 ex
1519 2176 1708 2221 requiret.
1763 2195 1795 2200 -
1810 2176 1828 2201 d
1855 2175 1947 2210 Post
1997 2180 2005 2219 l

309 2233 407 2267 hanc
424 2235 706 2279 paragraphum
726 2235 822 2269 haee
837 2240 1069 2280 sequuntur,
1084 2245 1106 2269 a
1121 2233 1211 2269 Nat.
1229 2234 1449 2270 obliterata:
1472 2235 1836 2270 Perseuerandum:
1853 2246 1948 2268 nam

310 2292 436 2338 Deus,
465 2291 652 2338 qui‘lzaec
673 2293 991 2340 gratificaturus
1014 2297 1085 2338 est,
1109 2293 1270 2329 maiora
1295 2297 1349 2329 est
1369 2294 1697 2341 gratificaturzffi‚
1719 2294 1871 2329 donata
1890 2296 1947 2328 ta-

309 2363 399 2386 men
418 2363 464 2386 ex
484 2352 642 2387 iustitia
661 2353 928 2387 distributiua
951 2352 1069 2399 (quae
1089 2356 1223 2388 tamen
1242 2357 1324 2388 iota
1338 2354 1484 2401 gratia
1510 2355 1637 2400 ipsius
1661 2354 1828 2397 nititur)
1845 2354 1950 2399 quod
1982 2371 1985 2375 v

308 2411 459 2445 iustum
478 2415 533 2447 est
548 2414 623 2457 1)νο
641 2412 811 2452 meritis,
828 2416 905 2458 pro
924 2413 1136 2454 laboribus,
1153 2413 1269 2448 addit
1282 2415 1493 2459 praeterca
1512 2416 1667 2459 semper
1683 2413 1794 2447 ultra
1813 2424 1860 2447 ex
1877 2424 1949 2447 sua
1980 2426 1999 2454 χ,

310 2470 604 2507 misericordia.
629 2472 669 2506 In
685 2472 874 2517 margine:
894 2473 965 2507 Lu·
983 2472 1007 2506 i.
1030 2484 1065 2507 e.
1086 2473 1289 2519 Ignatius.
1343 2492 1371 2498 -
1389 2483 1404 2499 0
1431 2472 1524 2507 Post
1543 2473 1615 2507 hoc
1635 2472 1743 2509 verb.
1765 2472 1872 2517 prius
1893 2472 1945 2506 ita
1976 2472 1989 2523 2'

309 2531 560 2577 sequebatur:
578 2531 662 2566 Hoc
680 2542 752 2578 ego
772 2531 1015 2577 interpret-or
1034 2532 1300 2578 illumfacere
1319 2533 1372 2567 ad
1389 2531 1613 2578 exemplum
1635 2531 1774 2572 Pauli,
1791 2530 1949 2566 tametsi

311 2590 375 2625 illi
401 2601 479 2625 non
504 2589 595 2636 fuit
612 2590 792 2636 sructuS,
819 2591 876 2626 bis
905 2593 945 2626 in
969 2593 1069 2627 actis
1093 2592 1394 2638 Apostolorum:
1415 2590 1505 2637 fuit
1531 2594 1665 2626 tamen
1695 2591 1803 2626 haud
1833 2589 1948 2625 dubie
1977 2583 1995 2634 {ae

310 2650 416 2684 alias
443 2649 669 2684 uberrimus
689 2653 764 2695 per
787 2651 889 2685 hanc
909 2652 1107 2685 rationem
1132 2651 1386 2694 exhortandi,
1408 2650 1474 2685 ubi
1497 2653 1638 2685 nactus
1661 2653 1748 2685 erat
1767 2649 1948 2696 benigni·
1976 2656 1986 2691 ᾗ

312 2712 434 2744 tatem
461 2709 716 2752 auditormm
733 2721 833 2756 quae
859 2721 878 2744 a
904 2710 994 2744 Nat.
1013 2709 1220 2745 obliterata
1239 2715 1342 2745 sunt.
1393 2711 1455 2736 —f
1479 2709 1591 2744 Prius
1616 2709 1670 2744 ita
1694 2709 1944 2755 sequebatur:
1967 2716 1988 2758 f*

309 2771 344 2802 et
364 2768 465 2804 milti
479 2769 679 2815 probatur
697 2769 766 2803 hoc
785 2769 826 2803 in
849 2768 1014 2814 primis;
1032 2781 1127 2803 nam
1144 2770 1248 2814 quod
1261 2771 1416 2809 contra,
1432 2769 1598 2804 uidetur
1612 2780 1658 2803 ex
1672 2768 1810 2814 inopia
1829 2767 1948 2813 spiri·
1975 2764 1989 2813 J*

310 2830 371 2861 tus
392 2827 610 2874 proficisci,
631 2828 699 2862 ubi
724 2827 846 2863 uerba
872 2831 942 2862 tua
967 2839 1047 2862 non
1072 2831 1164 2862 sunt
1187 2827 1378 2874 efficacia,
1407 2827 1486 2862 nisi
1506 2828 1657 2873 perdas
1681 2830 1831 2862 secreta
1854 2829 1945 2869 tua,
1966 2827 1986 2878 *j

309 2898 408 2931 qnae
427 2887 499 2922 tibi
517 2888 560 2921 in
579 2887 763 2922 oratione
778 2886 1046 2933 gratificatur
1066 2888 1185 2921 Deus.
1212 2887 1319 2921 Haec
1344 2892 1474 2921 autem
1493 2885 1719 2921 obliteravit
1739 2886 1828 2920 Nat.

382 3012 391 3030 ¹
444 3011 505 3046 Cf.
530 3011 678 3047 Chron.
703 3012 749 3046 P.
771 3011 948 3054 Natalis,
971 3012 1099 3058 Epist.
1121 3012 1168 3046 P.
1191 3011 1340 3052 Nadal,
1363 3011 1392 3056 1,
1417 3019 1470 3056 17,
1493 3022 1530 3045 n.
1551 3020 1609 3055 45.

1937 3339 1972 3426 Be».-
