2028 3426
354 228 422 273 834
932 227 1067 262 Emsr.
1097 226 1139 261 P.
1170 226 1322 262 NADAL

304 331 570 385 petendam,
598 343 688 384 quo
714 328 869 373 referri
894 329 1045 379 debet,
1072 336 1118 371 et
1143 327 1187 370 id
1211 327 1394 383 quidem
1419 343 1498 384 per
1529 327 1642 380 eius,
1677 343 1767 384 quo
1791 330 1950 372 fruen-

306 409 413 449 dum
437 414 522 458 est,
549 407 833 450 voluntatem
857 413 902 448 et
926 405 1161 448 rationem.
1189 405 1277 448 Vbi
1302 404 1444 461 igitur
1466 406 1523 450 de
1545 405 1619 448 illa
1637 420 1727 449 non
1747 413 1945 458 constat,

307 484 380 527 illa
406 484 517 527 ratio
541 483 733 539 primum
759 490 827 527 est
850 481 1133 540 expedienda
1151 482 1362 538 prudenti
1387 496 1438 525 ac
1462 481 1536 538 pio
1558 482 1670 534 viro,
1693 497 1782 538 qua
1806 484 1946 526 ratio—

309 575 364 603 ne
388 568 599 604 creatura
628 561 845 603 Vtendum
877 559 950 612 sit;
975 567 1020 602 et
1043 559 1166 615 prius
1189 573 1323 614 quam
1353 561 1439 602 hoc
1469 560 1562 611 fiat,
1590 559 1703 601 nihil
1725 560 1948 605 definien-

303 640 427 689 dum3
461 639 583 693 quod
616 629 698 680 nos
721 638 953 680 docemus.
980 637 1053 679 Ad
1083 638 1197 679 haec
1227 639 1233 689 l
1261 637 1630 692 quandoquidem
1662 638 1943 681 voluntatem

306 715 389 758 Dei
413 715 456 757 in
483 716 619 759 rebus
642 715 751 770 ipsis
775 723 1013 770 praecepta
1037 714 1225 766 faciunt,
1251 721 1400 756 tamen
1427 714 1561 758 etiam
1587 714 1775 757 consilia
1798 715 1943 758 mani-

305 794 489 843 festant,
516 807 618 834 nam
644 799 883 847 praecepta
905 799 949 834 et
969 791 1076 846 quid
1099 791 1143 833 in
1169 791 1304 834 rebus
1322 791 1513 846 diligere
1530 792 1699 834 debeas
1722 792 1946 847 praescri-

306 871 436 922 bunt,
462 877 506 913 et
536 869 643 924 quid
672 868 769 911 sine
798 870 933 924 culpa
961 868 1152 924 diligere
1187 882 1275 910 non
1307 868 1473 923 possis3
1507 867 1695 911 consilia
1721 882 1827 911 vero
1858 870 1945 911 hoc

305 948 449 989 solum
477 945 776 1002 praecipiunt,
802 956 849 987 vt
873 961 929 989 ne
953 953 1302 988 contemnantur
1325 959 1441 1000 quae
1465 946 1784 990 consuluntur.
1807 947 1946 988 Prae-

306 1032 373 1068 ter
403 1026 530 1076 haec,
556 1023 697 1067 libera
727 1023 858 1066 nobis
880 1022 1030 1065 omnia
1060 1022 1239 1077 reliquit
1262 1024 1387 1065 Deus
1411 1030 1579 1073 noster,
1606 1023 1727 1077 quod
1751 1023 1807 1064 ad
1829 1022 1945 1065 obli-

305 1101 535 1157 gationem
556 1100 731 1144 attinet.
754 1101 898 1143 Deme
921 1099 1062 1155 igitur
1086 1101 1197 1142 haec
1220 1114 1245 1140 a
1269 1099 1505 1150 creaturis,
1527 1098 1642 1140 nihil
1665 1098 1750 1142 erit
1768 1098 1813 1141 in
1836 1099 1946 1155 ipsis

305 1185 580 1233 quapropter
620 1191 751 1218 vnam
791 1176 942 1232 potius
981 1191 1114 1231 quam
1155 1176 1286 1218 aliam
1320 1190 1539 1232 cogamur
1572 1175 1756 1231 eligere.
1790 1177 1945 1231 Atque

307 1270 388 1298 nos
414 1255 488 1297 illa
511 1253 789 1310 seponimus,
816 1254 890 1295 vbi
915 1253 1107 1296 dicimus
1134 1254 1281 1308 «quod
1309 1253 1354 1295 in
1383 1253 1533 1304 nobis,
1571 1254 1692 1307 quod
1726 1253 1769 1295 in
1805 1253 1945 1295 libera

306 1340 459 1375 nostra
478 1333 729 1381 voluntate,
751 1331 795 1373 in
814 1331 958 1373 libero
978 1330 1164 1373 arbitrio
1182 1330 1365 1382 situm»,
1387 1333 1475 1373 hoc
1493 1338 1577 1381 est,
1597 1331 1635 1373 si
1653 1338 1942 1386 praeceptum

305 1425 394 1453 non
418 1416 503 1461 est,
526 1409 596 1454 180
619 1417 667 1450 vt
690 1409 763 1451 illa
783 1408 1047 1465 seligamus3
1070 1408 1193 1460 item,
1215 1416 1440 1463 quatenus
1464 1423 1552 1450 non
1573 1416 1680 1451 sunt
1699 1407 1939 1463 prohibita.

306 1489 478 1542 Itaque,
506 1501 622 1542 quae
647 1500 730 1528 nec
755 1486 880 1528 iubet
903 1487 1030 1529 Deus
1053 1492 1100 1527 vt
1129 1500 1348 1537 amemus,
1375 1499 1458 1529 nec
1482 1485 1606 1527 iubet
1629 1493 1677 1527 vt
1701 1499 1790 1527 non
1820 1499 1943 1527 ame-

306 1579 423 1616 mus,
451 1563 559 1619 quid
583 1563 745 1606 mirum
771 1563 807 1605 si
830 1577 913 1605 nos
941 1562 986 1604 in
1016 1562 1090 1605 illa
1119 1562 1425 1606 indifferenter
1457 1563 1670 1614 feramur,
1703 1570 1748 1606 et
1776 1561 1885 1617 quid
1919 1576 1944 1604 a

305 1641 436 1684 nobis
459 1641 598 1684 amari
620 1640 729 1683 velit
753 1642 879 1684 Deus
902 1639 1182 1695 inquiramus
1206 1639 1250 1681 in
1276 1639 1347 1682 his
1370 1640 1522 1691 rebus,
1548 1654 1661 1694 quas
1696 1641 1823 1683 Deus
1846 1638 1942 1694 ipse

304 1718 615 1762 indifferentes
638 1717 769 1760 nobis
792 1716 898 1759 facit
921 1717 1197 1760 luculenter?
1227 1717 1381 1771 Atque
1412 1717 1525 1760 adeo
1555 1731 1626 1760 res
1659 1730 1713 1758 eo
1736 1715 1867 1767 redit,
1894 1722 1943 1756 vt

304 1795 482 1838 nescias
506 1810 596 1850 quo
620 1803 663 1838 te
693 1801 859 1850 vertas,
891 1808 982 1848 quo
1015 1793 1165 1849 potius
1199 1793 1395 1836 animum
1427 1793 1611 1836 adiicias
1641 1800 1784 1835 tuum.
1814 1793 1942 1835 Haec

305 1888 415 1916 vero
439 1882 509 1916 est
533 1887 667 1927 quam
691 1885 774 1914 nos
796 1870 1142 1914 indifferentiam
1169 1870 1377 1913 dicimus.

394 1951 457 1993 At
480 1949 619 1992 dicas:
646 1949 814 1992 scimus
836 1949 1115 1992 voluntatem
1140 1947 1224 1990 Dei
1248 1962 1327 2003 per
1351 1947 1553 1990 consilia:
1590 1962 1729 2002 quare
1759 1947 1942 1989 indiffe-

303 2027 494 2071 rentiam
521 2026 593 2070 182
624 2026 839 2068 inducere
870 2040 958 2068 non
989 2026 1220 2067 debemus.
1258 2026 1331 2067 Ad
1360 2027 1446 2068 hoc
1475 2024 1580 2067 audi
1614 2024 1723 2079 quid
1759 2024 1837 2066 tibi
1869 2039 1940 2067 re-

305 2105 568 2160 spondeam.
596 2105 722 2146 Deus
745 2118 823 2158 per
840 2102 1026 2145 consilia
1043 2102 1157 2144 nihil
1181 2102 1414 2158 praecipit,
1440 2101 1525 2144 nisi
1545 2110 1592 2144 vt
1615 2117 1672 2146 ne
1694 2102 1769 2144 illa
1787 2115 1940 2157 asper-

304 2196 479 2225 nemur.
502 2183 597 2224 Nos
619 2195 726 2223 vero
751 2182 837 2222 hoc
860 2179 1083 2230 addimus,
1105 2187 1152 2220 vt
1177 2179 1249 2222 illa
1272 2179 1315 2221 in
1340 2180 1568 2221 communi
1587 2180 1779 2234 quadam
1804 2177 1940 2221 animi

303 2258 605 2314 propensione
628 2258 850 2314 eligamus
873 2264 1010 2311 atque
1038 2256 1083 2299 in
1117 2255 1252 2299 animi
1276 2257 1417 2299 nostri
1449 2256 1803 2312 praeparatione,
1836 2270 1938 2298 nam

305 2336 347 2377 id
368 2336 446 2378 dat
469 2335 605 2379 etiam
630 2333 931 2378 indifferentia
954 2333 1153 2385 humilis,
1176 2348 1309 2389 quam
1329 2347 1547 2376 conamur
1565 2333 1792 2376 adhibere.
1815 2334 1941 2376 Con-

301 2413 410 2455 sulit
433 2412 616 2467 quidem
637 2414 766 2455 'Deus
790 2411 796 2467 Ι
821 2417 1152 2466 paupertatem,
1179 2425 1270 2453 non
1296 2410 1527 2466 praecipit3
1564 2425 1654 2453 non
1688 2410 1941 2453 castitatem

303 2480 541 2542 caelibem,
569 2497 704 2543 atque
728 2489 840 2532 adeo
863 2487 1003 2530 addit:
1034 2489 1162 2531 «Non
1186 2502 1345 2532 omnes
1374 2487 1559 2543 capiunt
1589 2489 1776 2530 verbum
1800 2487 1937 2530 istud.

301 2566 394 2621 Qui
418 2573 567 2621 potest
589 2579 765 2621 capere,
787 2564 934 2621 capiat
963 2567 1018 2606 ¹.»
1041 2565 1271 2607 Admonet
1293 2564 1427 2608 etiam
1447 2564 1741 2607 aedificaturo
1760 2563 1938 2615 turrim,

302 2652 349 2684 vt
373 2650 582 2698 sumptus
605 2642 726 2686 ineat
759 2641 995 2693 rationem,
1022 2641 1098 2697 qui
1122 2649 1330 2697 sumptus
1353 2642 1409 2683 ad
1435 2641 1590 2683 turrim
1615 2655 1915 2683 consumman

301 2721 402 2761 dam
429 2719 625 2761 sufficiat
649 2720 682 2769 ‘·',
703 2720 789 2761 hoc
812 2726 896 2769 est,
919 2733 1027 2760 num
1052 2718 1247 2773 Spiritus
1269 2719 1482 2769 Sanctus,
1505 2718 1580 2773 qui
1604 2717 1728 2760 illum
1753 2717 1941 2774 impellit

300 2797 356 2837 ad
381 2795 584 2848 consilia,
612 2803 787 2837 tantum
811 2795 986 2850 gratiae
1011 2795 1072 2836 illi
1097 2795 1378 2850 polliceatur,
1415 2803 1463 2837 vt
1495 2794 1787 2837 consiliorum
1820 2789 1938 2837 diffi-
2002 2790 2006 2806 '

301 2874 533 2924 cultatem,
561 2872 823 2928 praesertim
855 2873 1179 2927 perfectorum,
1211 2872 1255 2914 id
1279 2880 1362 2924 est,
1389 2886 1561 2922 eorum,
1588 2886 1703 2926 quae
1726 2887 1804 2927 per
1834 2878 1938 2914 vota

373 3038 380 3056 ¹
435 3038 619 3082 MATTH.,
649 3037 753 3080 XIX,
779 3046 831 3083 11,
859 3046 917 3072 12.
1405 3042 1418 3059 ²
1470 3038 1589 3082 Luc„
1609 3038 1716 3083 XIV,
1736 3039 1793 3076 28.
