2028 3426
353 239 424 277 360
829 242 984 278 PATms
1010 242 1254 278 Hmnouvm
1280 241 1431 277 NADAL
1967 234 1998 309 v*

1980 310 1990 327 1

312 342 409 386 uier
431 357 501 396 ea,
527 357 643 399 quae
665 344 722 386 ad
743 343 1003 387 huiusmodi
1025 341 1275 386 ministeria
1295 342 1443 400 magis
1460 345 1802 389 accommodata
1817 345 1948 392 vide·
1966 336 1999 395 {-

310 422 497 464 buntur.
1971 414 1993 426 ''

876 553 938 582 DE
972 552 1377 583 CONUERSATIONE
1977 535 2001 575 a}

1971 589 2001 616 ,Α

394 655 539 696 Erunt
577 651 971 705 conuersationes‚
1007 666 1123 707 quae
1156 665 1261 695 cum
1293 653 1495 696 externis
1534 654 1777 708 habentur,
1817 654 1944 701 iuxta
1973 642 2003 703 ῗ,

301 729 678 774 consuetudinem
709 735 753 773 et
782 728 1041 772 institutum
1073 728 1331 782 Societatis,
1368 743 1484 785 quae
1511 744 1591 774 eas
1622 745 1780 776 omnes
1802 733 1942 777 refert
1969 725 2003 779 ’ξ-

302 808 357 850 ad
382 806 647 863 spiritualia,
674 813 719 867 et
739 806 796 848 ad
818 805 1014 861 aliquam
1037 805 1288 849 animarum
1311 806 1568 851 Vtilitatem:
1595 807 1777 851 dabitur
1800 808 1942 866 igitur

300 898 451 940 opera,
488 891 537 926 vt
567 883 775 939 quamuis
799 896 904 925 cum
928 883 1210 926 secularibus
1233 884 1289 927 de
1312 883 1594 928 secularibus
1617 884 1753 929 rebus
1776 893 1941 943 agatur
1982 876 2005 939 ³]

300 962 438 1019 (quod
461 976 598 1016 saepe
622 959 846 1015 contingit
875 966 921 1004 et
943 959 1164 1016 expedit),
1190 974 1368 1017 semper
1391 967 1544 1006 tamen
1573 961 1734 1017 aliquis
1765 963 1941 1007 fructus

298 1038 544 1094 spiritualis
572 1037 677 1081 inde
704 1036 924 1093 capiatur,
955 1051 1011 1080 ex
1047 1036 1117 1089 iis,
1154 1052 1269 1093 quae
1309 1037 1354 1080 in
1389 1038 1548 1082 eadem
1582 1039 1934 1084 conuersatione
1974 1054 1993 1090 Q

300 1123 517 1171 aguntur,
539 1130 648 1157 ansa
671 1121 866 1171 sumpta.
1990 1112 1993 1114 ’

860 1247 923 1277 DE
950 1247 1162 1278 RATIONE
1191 1247 1364 1278 VICTUS

383 1347 584 1391 Tametsi
608 1346 722 1389 ratio
746 1346 882 1389 huius
904 1347 1066 1390 domus
1089 1361 1143 1389 ea
1165 1346 1238 1402 sit,
1265 1354 1314 1390 vt
1336 1347 1524 1404 regulae
1548 1363 1709 1392 omnes
1732 1348 1934 1394 Societa-
1984 1399 1989 1402 ,

295 1426 350 1468 tis
373 1425 606 1468 obseruari
629 1439 721 1467 non
746 1423 938 1479 possint,
965 1438 1019 1468 eo
1050 1423 1192 1466 maior
1221 1423 1458 1480 diligentia
1486 1432 1555 1469 est
1584 1425 1854 1479 adhibenda,
1886 1433 1936 1469 vt

292 1517 447 1545 earum
471 1502 731 1557 regularum
755 1500 1015 1545 obseruatio
1038 1515 1129 1543 non
1152 1500 1403 1554 omittatur,
1432 1515 1550 1558 quae
1572 1503 1808 1547 obseruari
1830 1517 1932 1560 pos-
1977 1485 1987 1538 s

291 1587 412 1622 sunt.
441 1580 654 1622 Habeant
675 1586 692 1603 ³
714 1578 854 1634 igitur
877 1577 1089 1622 distincta
1111 1592 1194 1620 sua
1217 1584 1420 1634 tempora
1443 1579 1680 1636 surgendi,
1706 1581 1933 1636 pranden-

290 1657 351 1709 di,
378 1656 617 1709 coenandi,
644 1655 782 1699 eundi
805 1654 1026 1707 cubitum,
1053 1662 1141 1698 etc.

380 1734 638 1777 Portionem
663 1734 866 1777 habeant
887 1740 932 1775 et
961 1732 1133 1776 victum
1163 1732 1494 1789 quotidianum,
1527 1733 1673 1789 qualis
1701 1735 1816 1778 solet
1847 1736 1930 1779 ha-

290 1812 383 1854 beri
423 1812 468 1854 in
506 1810 711 1866 collegiis
747 1809 1003 1862 Societatis3
1045 1823 1129 1853 nec
1170 1817 1356 1866 propter
1395 1810 1740 1864 abundantiam,
1776 1811 1814 1855 si
1840 1826 1930 1868 qua

290 1896 425 1940 esset,
451 1895 737 1944 praetereant
759 1886 1044 1942 disciplinam
1067 1889 1217 1930 victus
1237 1884 1503 1942 quotidiani.
1984 1893 1993 1915 ἵ

376 1967 590 2008 Habeant
612 1963 629 1988 ¹³
653 1975 831 2020 tempus
855 1963 1155 2007 constitutum
1176 1978 1202 2006 a
1219 1963 1528 2008 celebratione
1545 1964 1784 2008 missarum
1802 1966 1925 2009 iuxta

288 2042 636 2086 constitutiones
660 2040 916 2085 Societatis.

376 2120 450 2162 Ad
473 2118 685 2161 conuiuia
708 2118 953 2161 amicorum
978 2132 1070 2160 non
1094 2117 1179 2160 nisi
1215 2131 1317 2160 raro
1346 2125 1393 2160 et
1422 2132 1527 2160 cum
1558 2118 1779 2174 spirituali
1809 2120 1926 2163 vtili-

288 2204 378 2240 tate
406 2196 552 2238 ibunt.
587 2196 660 2238 Ad
690 2194 930 2250 prandium
962 2195 1085 2250 legat
1114 2208 1231 2237 vnus
1262 2194 1447 2250 aliquod
1478 2202 1616 2252 caput
1647 2195 1756 2238 noui
1786 2203 1926 2241 testa-

288 2273 425 2316 menti
448 2273 518 2315 vel
541 2272 725 2315 alterius
747 2271 847 2313 libri
873 2270 950 2326 pii,
977 2270 1054 2326 qui
1078 2271 1228 2313 statim
1251 2271 1419 2327 poterit
1441 2271 1640 2316 assidere
1663 2287 1835 2327 mense;
1867 2275 1924 2317 ad

286 2351 419 2392 finem
444 2364 566 2400 vero,
594 2357 698 2391 ante
721 2348 907 2404 gratias,
934 2348 1058 2404 legat
1082 2347 1244 2403 aliquis
1274 2349 1665 2405 martyrologium,
1698 2349 1735 2393 is
1764 2349 1923 2394 videli-

283 2434 372 2478 cet,
408 2426 484 2482 qui
518 2426 710 2482 primum
747 2426 881 2468 linem
915 2424 1184 2469 comedendi
1219 2425 1397 2468 fecerit.
1435 2426 1707 2470 Sacerdotes
1739 2434 1925 2472 seruent

285 2503 662 2547 consuetudinem
691 2502 892 2558 quotidie
921 2501 1198 2554 celebrandi,
1236 2502 1321 2545 nisi
1351 2502 1409 2545 sit
1431 2502 1706 2559 legittimum
1730 2503 1909 2560 impedi-

285 2588 502 2623 mentum.
1885 2627 1887 2630 ,

373 2659 558 2699 Fratres
580 2657 884 2699 confiteantur
913 2664 956 2700 et
988 2655 1329 2700 communicent
1358 2657 1383 2699 8
1413 2671 1594 2713 quoque
1622 2657 1694 2701 die
1722 2664 1767 2700 et
1795 2657 1921 2701 festis

281 2733 647 2785 solemnioribus,
674 2741 722 2774 vt
744 2740 813 2775 est
836 2733 1078 2777 Societatis
1101 2733 1406 2778 consuetudo.

368 2812 588 2855 Seruetur
610 2810 895 2852 consuetudo
917 2809 1220 2854 abstinentiae
1242 2809 1315 2852 die
1337 2809 1531 2854 veneris.

368 2888 418 2928 P.
447 2889 618 2930 Acosta
639 2886 750 2928 nihil
773 2885 894 2928 aliud
917 2886 1109 2942 accipiet
1132 2894 1211 2928 aut
1243 2893 1367 2942 petet
1401 2887 1704 2932 eleemosinae
1734 2902 1759 2930 a
1788 2902 1915 2931 com-

346 3065 361 3080 a
414 3053 485 3088 Ms.
506 3052 659 3088 habeat.
715 3053 778 3079 ——b
809 3052 1052 3087 Ms.lzabeat.
