2028 3426
603 228 876 264 MONUMENTA
902 229 1111 263 ITALmE—
1124 237 1144 271 5
1576 239 1638 266 111

5 315 7 333 ⁵
32 343 45 388 ᾗ
64 330 255 373 maxima
279 329 507 372 tribulatio
529 329 589 381 id,
611 330 732 384 quod
754 330 956 385 pontifex
975 330 1257 385 approbauit;
1279 338 1324 373 et
1343 338 1491 374 tamen
1512 339 1580 374 est
1598 347 1689 374 ma·

28 458 32 462 ¹
65 406 231 450 ximum
255 405 541 458 beneficium,
569 407 691 461 quod
713 406 938 449 Dominus
960 408 1086 449 Deus
1106 406 1329 462 praestitit
1358 406 1503 458 nobis,
1538 414 1587 449 ut
1616 409 1689 450 hic

65 484 231 526 Romae
254 482 331 540 fiat
353 481 600 537 capitulum
622 484 852 538 generale,
878 490 922 525 et
945 484 1076 526 sedes
1098 483 1342 538 apostolica
1365 483 1592 527 examinet
1618 485 1694 526 res'

48 566 241 610 ⁴nostras
263 566 307 600 et
331 558 559 610 reformet,
588 566 637 601 ut
659 559 750 600 sint
773 559 952 601 maioris
969 559 1268 602 auctoritatis,
1290 561 1390 614 Ego
1408 574 1489 615 pro
1511 575 1583 603 me
1611 561 1687 602 fir-

63 635 191 678 miter
213 635 349 678 credo
371 622 507 689 quod,
529 635 564 688 si
585 635 825 678 iuissemus
844 637 899 678 ad
918 635 1202 691 Hispaniam,
1217 643 1262 678 et
1279 636 1478 678 schisma
1496 644 1541 680 et
1559 651 1687 679 scan-

61 712 160 754 dala
185 711 376 754 fuissent
398 718 496 754 orta
518 727 609 754 non
632 726 793 767 pauca,
820 715 1028 768 Agamus
1050 727 1162 768 ergo
1179 715 1278 756 Deo
1301 713 1487 769 gratias.

98 843 100 845 ‚
147 789 274 839 Item,
301 787 385 830 fuit
408 788 714 844 interrogatus
736 789 1038 844 supradictus,
1059 789 1095 831 si
1114 790 1332 845 magister
1345 791 1545 847 Jacobus
1565 792 1686 846 Lay-

63 878 144 906 nez
166 864 223 906 sit
245 864 440 907 vicarius
463 865 518 907 de
549 865 661 909 iure.
695 865 947 921 Respondit
977 867 1097 920 quod
1128 866 1271 909 credit
1298 868 1419 922 quod
1449 882 1555 919 non,
1584 868 1688 922 quia

48 940 218 994 &doctor
238 940 351 992 eius,
379 940 450 982 uir
471 942 648 993 doctus,
676 943 764 984 hoc
787 943 994 984 affirmat.
1023 944 1107 994 2.⁰,
1128 943 1246 1002 vquia
1268 944 1418 987 bullae
1448 958 1536 985 non
1557 945 1686 998 loqu-

63 1023 198 1058 untur
219 1017 275 1060 de
291 1016 475 1070 vicario,
502 1033 582 1073 per
605 1033 717 1073 quas
741 1020 966 1061 hactenus
989 1018 1158 1061 fuimus
1181 1019 1441 1075 gubernati.
1469 1020 1553 1074 3.⁰,
1583 1020 1687 1076 quia

61 1092 406 1136 constitutiones
428 1101 534 1136 sunt
557 1094 604 1136 in
627 1094 739 1137 fieri:
766 1110 859 1137 non
882 1102 988 1138 sunt
1012 1096 1160 1139 factae
1182 1111 1205 1138 a
1229 1102 1326 1138 tota
1349 1096 1591 1149 Societate,
1613 1099 1686 1140 uel

62 1183 88 1212 a
109 1170 439 1223 fundatoribus3
467 1177 511 1214 et
541 1171 604 1213 sic
637 1171 832 1215 confessi
854 1186 1013 1214 sumus
1046 1173 1166 1227 apud
1195 1173 1243 1215 S.
1277 1173 1391 1216 Sfem
1418 1172 1548 1216 Sicut
1577 1188 1687 1228 ergo

61 1245 405 1290 constitutiones
427 1261 516 1290 non
541 1256 647 1290 sunt
670 1248 949 1290 auctoritatis
972 1249 1028 1292 de
1051 1249 1164 1302 iure,
1190 1249 1254 1292 sic
1277 1264 1361 1293 nec
1384 1249 1581 1292 vicarius
1607 1264 1688 1305 per

61 1336 136 1365 eas
158 1322 319 1364 factus.
346 1324 394 1365 In
427 1325 511 1366 hoc
541 1324 722 1368 remitto
750 1339 821 1368 me
843 1325 1022 1380 scriptis
1051 1325 1178 1378 meis,
1197 1326 1411 1378 iustitiae,
1438 1326 1618 1370 veritati
1643 1335 1688 1370 et

61 1397 338 1441 doctoribus.

147 1475 275 1526 Item,
303 1476 387 1518 fuit
404 1476 712 1533 interrogatus
736 1493 791 1520 an
815 1479 886 1521 ius
908 1479 1194 1551 gubernandi
1218 1480 1491 1523 deuoluatur
1514 1456 1570 1522 ad
1593 1481 1687 1541 pri·¹

62 1564 156 1593 mos
179 1552 460 1604 fundatores,
487 1555 575 1596 hac
598 1555 706 1598 sede
731 1565 934 1597 uacante.
958 1556 1206 1611 Respondit
1223 1557 1345 1610 quod
1364 1556 1445 1608 sic,
1467 1563 1512 1609 et
1530 1557 1684 1599 remit-

62 1626 130 1679 tit,
157 1635 206 1670 ut
228 1643 380 1684 supra,
407 1631 603 1684 ueritati3
636 1640 681 1674 et
717 1631 755 1673 si
777 1646 868 1674 non
906 1634 1125 1684 crederet,
1158 1648 1247 1675 non
1288 1635 1474 1677 auderet
1512 1641 1683 1688 petere,

36 1764 39 1765 γ
61 1704 184 1747 salua
206 1705 497 1749 conscientia.
525 1709 727 1763 Insuper,
749 1708 866 1751 sicut
889 1724 1064 1764 semper
1086 1709 1214 1760 dixit,
1240 1724 1323 1765 pro
1348 1711 1468 1752 bono
1490 1708 1616 1766 pacis
1640 1718 1685 1754 et

8 1832 11 1842 ,
60 1782 289 1824 charitatis
307 1790 375 1825 est
398 1787 657 1836 cont'entus,
687 1793 735 1827 ut
757 1785 973 1841 magister
990 1787 1189 1842 Jacobus
1212 1788 1393 1842 Laynez
1416 1794 1598 1831 maneat
1618 1787 1684 1829 vi-

9 1891 11 1897 .
49 1848 221 1910 carius,
250 1866 298 1901 ut
329 1860 413 1901 fuit
444 1862 682 1913 hactenus,
724 1876 779 1904 ex
816 1862 1147 1914 beneuolentia,
1185 1864 1428 1906 dummodo
1459 1865 1685 1919 gubernet

9 1949 11 1994 j
62 1946 163 1976 cum
185 1934 282 1977 aliis
305 1936 460 1991 primis
484 1938 815 1990 fundatoribus,
841 1946 885 1981 et
907 1946 1124 1994 sequatur
1145 1939 1361 1999 suffragia
1385 1940 1565 1982 maioris
1582 1955 1684 1995 par-

9 2000 26 2026 '⁷
62 2009 132 2062 tis,
157 2019 201 2053 et
223 2013 312 2054 hoc
335 2027 480 2067 usque
502 2015 558 2057 ad
580 2015 846 2057 electionem
866 2015 1107 2070 praepositi
1125 2016 1364 2071 generalis,
1387 2031 1491 2058 nam
1510 2017 1682 2072 guber—

9 2097 11 2116 2
46 2101 166 2130 *nare
183 2102 262 2143 per
281 2103 437 2132 omnes
456 2092 681 2146 professos
698 2099 817 2134 esset
835 2106 1000 2147 magna
1019 2093 1241 2144 confusio,
1263 2092 1456 2136 maxime
1482 2099 1683 2148 tempore

61 2164 244 2219 capituli
267 2166 508 2221 generalis,
535 2175 580 2211 et
603 2167 790 2210 dubium
814 2176 883 2211 est
906 2169 1026 2223 quod
1049 2169 1230 2210 durabit
1253 2183 1333 2224 per
1356 2167 1526 2224 aliquot
1556 2185 1682 2213 men—

9 2258 11 2262 ·
61 2253 146 2294 ses,
171 2242 314 2285 donec
333 2243 444 2284 fiant
463 2244 813 2287 ’constitutiones
835 2252 878 2287 et
902 2244 986 2287 alia
1009 2253 1113 2287 ante
1137 2246 1404 2288 electionem
1436 2246 1679 2301 generalis.

6 2344 13 2374 2
51 2316 244 2372 'Insuper
267 2319 502 2362 honestius
520 2327 588 2364 est
609 2328 656 2362 ut
673 2321 898 2376 gubernet
917 2335 1020 2363 cum
1040 2321 1194 2377 primis
1214 2322 1531 2364 fundatoribus
1549 2337 1682 2377 quarn

6 2417 13 2443 ς
51 2383 161 2435 ⁴curn
183 2394 296 2446 aliis,
323 2402 367 2437 et
390 2395 426 2438 si
455 2395 714 2451 indigemus
743 2411 878 2453 opera
907 2413 1080 2449 eorum,
1114 2399 1401 2440 [iocabuntur
1435 2399 1490 2441 ad
1521 2412 1683 2441 consu—

61 2467 258 2525 lendum,
280 2486 370 2533 non
395 2479 545 2530 tam-en
568 2474 624 2515 ad
647 2473 974 2518 diffiniendum.
1000 2476 1129 2532 Haec
1152 2473 1282 2517 facile
1304 2475 1414 2517 fient
1437 2489 1541 2516 cum
1560 2474 1683 2517 iusti-

60 2543 136 2596 tia,
161 2546 448 2607 charitate-et
471 2549 526 2590 ad
549 2549 907 2593 aedificationem
931 2550 1187 2594 Societatis.

61 2618 65 2619 ⁷
147 2623 261 2678 Ego,
288 2625 459 2680 Jannes
497 2626 553 2669 (le
592 2627 807 2678 Polanco,
833 2626 1049 2681 exscripsi
1088 2627 1347 2683 supradicta
1385 2643 1440 2671 ex
1476 2627 1679 2683 originali

11 2729 14 2736 .
61 2699 268 2752 quodam,
295 2700 464 2756 scripto
488 2717 624 2744 manu
648 2702 788 2758 ipsius
812 2703 1017 2758 magistri
1042 2703 1288 2746 Bobadilla.

148 2776 245 2831 Ego
261 2778 462 2833 Jacobus
486 2779 666 2834 Laynez
687 2779 778 2835 legi
809 2794 864 2821 ex
887 2780 1045 2823 eodem
1070 2779 1295 2835 originali,
1324 2787 1372 2821 ut
1402 2780 1682 2835 exciperetur

4 2852 17 2876 ²=
63 2863 89 2892 a
110 2851 324 2907 magistro
343 2854 555 2897 Polanco.
