2028 3426
15 381 36 399 :5

14 398 35 415 ὰ.»

31 419 44 431 ι.

14 438 30 457 T'*

430 278 704 313 MONUMENTA
730 286 986 314 PnovmclAE
1011 277 1346 321 RHENANAE-54
1572 275 1646 310 *331

71 394 204 435 quem
228 393 514 427 communem
534 379 742 421 omnibus
764 379 865 421 libri
882 378 926 420 in
950 378 1141 434 singulis
1170 376 1461 420 facultatibus
1491 391 1700 419 commu-

15 466 37 491 '³‘
70 472 149 501 nes
171 464 217 499 et
238 456 481 499 necessarii
504 455 783 498 scholasticis
806 455 970 498 nostris
989 455 1217 498 fratribus:
1239 454 1312 497 alii
1330 469 1486 497 omnes
1505 455 1698 496 conclu-—

14 503 37 548 :i

19 649 35 675 τ

69 535 233 576 dantur
250 533 296 574 in
313 533 493 588 aliquod
510 532 785 583 cubiculum,
808 532 939 574 cuius
957 533 1131 574 clauem
1154 532 1319 574 habeat
1336 530 1692 581 bibliotecarius',

68 617 114 653 et
135 610 390 665 ingressum
413 609 632 652 concedat
660 623 715 651 ex
744 609 994 664 prescripto
1032 608 1233 659 rectoris,
1275 607 1441 662 quibus
1468 606 1699 650 videbitur

68 687 403 730 concedendus.

157 762 460 806 Subminister
482 762 592 805 nulli
615 763 689 805 det
710 761 1004 817 penitentiam
1027 761 1111 804 nisi
1134 776 1190 805 ex
1212 759 1526 803 commissione
1557 775 1691 815 supe-

19 830 35 874 »Ῐ
67 839 210 891 rioris,
237 840 357 895 quod
379 853 480 881 cum
506 838 654 890 faciet,
680 838 799 881 dicat
821 839 988 883 diserte
1004 853 1053 882 se
1075 853 1130 881 ex
1152 837 1467 880 commissione
1489 837 1695 892 superio-

67 916 127 958 ris
149 915 194 957 id
218 916 379 959 facere.

120 1017 125 1025 ·
153 991 325 1036 Diebus
347 992 516 1044 ieiunii,
543 991 619 1046 qui
642 991 896 1034 inseruiunt
924 999 967 1034 et
990 992 1149 1047 legunt
1171 990 1341 1046 primae
1369 1005 1568 1042 mensae,
1596 1005 1690 1033 non

63 1059 242 1111 sumant
264 1068 558 1121 ientaculum;
585 1069 705 1123 quod
727 1068 762 1110 si
786 1068 994 1112 videatur
1015 1082 1172 1123 graue,
1205 1068 1416 1110 obseruet
1444 1067 1689 1122 diligenter

2 1179 26 1191 ,.
64 1144 282 1197 minister,
306 1152 355 1186 vt
377 1146 627 1188 succedant
649 1144 732 1187 sibi
756 1152 913 1187 mutuo
936 1144 1132 1187 vicissim
1154 1158 1310 1186 omnes
1334 1144 1390 1186 ad
1417 1143 1493 1186 illa
1516 1143 1687 1185 munia.

151 1222 288 1265 Nullo
310 1222 415 1264 anni
438 1229 637 1278 tempore
655 1221 977 1265 intermittatur
993 1220 1256 1264 exercitium
1282 1221 1532 1276 corporale,
1553 1220 1691 1263 etiam

52 1299 197 1354 'plena
218 1298 381 1342 hieme.

150 1375 202 1416 In
224 1375 297 1419 die
334 1375 703 1418 Circumcisionis
740 1388 896 1417 omnes
934 1375 1095 1417 fratres
1132 1389 1222 1416 non
1246 1374 1456 1417 omittant
1484 1388 1682 1415 commu-

66 1452 233 1495 nicare.

149 1530 255 1572 Non
278 1529 511 1572 omittatur
531 1528 606 1571 illa
629 1529 912 1572 consuetudo
934 1527 1219 1570 sortitionum
1242 1535 1517 1579 sanctorum,
1544 1534 1589 1569 et
1611 1528 1691 1569 de-

1 1612 9 1667 A'
59 1613 167 1649 uote
188 1607 284 1651 fiat.

150 1684 300 1727 Omne
337 1683 537 1725 studium
559 1689 604 1726 et
641 1682 877 1738 diligentia
905 1681 1172 1724 adhibeatur
1201 1681 1322 1737 apud
1361 1681 1663 1724 reuerendissi

0 1750 6 1764 ²
60 1774 199 1811 mum,
225 1767 274 1802 vt
297 1767 472 1802 ematur
494 1760 654 1802 domus
677 1758 908 1814 angularis
932 1758 1150 1802 cemiterii
1173 1758 1297 1800 iuxta
1319 1758 1579 1813 collegium.

148 1837 432 1881 Obseruetur
460 1844 509 1879 vt
544 1837 718 1887 fratres,
759 1835 1014 1877 immediate
1051 1843 1293 1889 antequam
1330 1833 1687 1884 communicent,

0 1968 6 1971 .
59 1915 254 1956 habeant
277 1914 574 1969 quadrantem
596 1914 750 1964 horae,
776 1926 866 1966 quo
890 1920 1035 1954 orent:
1069 1911 1334 1954 tantundem
1363 1912 1560 1954 habeant
1585 1919 1689 1965 post

0 1998 3 2000 '
59 1990 447 2034 communionem.

145 2068 407 2121 Antequam
448 2067 606 2109 fratres
643 2073 865 2110 renouent
902 2072 1023 2117 vota,
1049 2071 1178 2108 curet
1207 2063 1501 2120 prouincialis
1533 2079 1611 2119 per
1635 2078 1687 2107 se

59 2145 127 2188 vel
152 2160 230 2200 per
252 2143 388 2186 alium
410 2150 459 2185 vt
482 2144 781 2195 emendentur
798 2142 979 2198 scripta,
1000 2157 1024 2184 e
1040 2141 1206 2196 quibus
1229 2149 1334 2184 vota
1352 2141 1558 2192 recitant,
1582 2155 1687 2182 nam

2 2256 5 2257 γ
57 2222 206 2265 solent
233 2221 396 2264 variari
419 2217 599 2275 alioqui.

148 2298 313 2342 Nullus
336 2304 550 2340 externus
572 2296 805 2348 inuitetur,
838 2310 921 2339 nec
944 2296 1000 2338 ad
1023 2295 1257 2351 primitias,
1290 2309 1373 2337 nec
1397 2295 1452 2337 ad
1475 2302 1686 2337 votorum

58 2375 415 2427 renouationem3
442 2381 487 2418 et
510 2381 661 2417 tamen
678 2372 830 2416 licebit
853 2372 1094 2430 aliquando
1116 2372 1310 2427 aliquem
1340 2379 1577 2415 externum
1602 2373 1682 2413 ad-

0 2489 2 2493 ,
58 2452 239 2494 modum
263 2450 525 2494 familiarem
548 2458 593 2494 et
615 2450 804 2506 dignum
827 2464 880 2492 eo
903 2449 1066 2501 officio,
1096 2456 1142 2492 et
1163 2450 1282 2491 vnde
1304 2448 1473 2502 aliquid
1506 2449 1683 2490 fructus

56 2527 300 2583 spiritualis
322 2534 543 2583 speretur,
568 2527 762 2569 inuitare
783 2526 916 2569 etiam
940 2525 984 2568 in
1008 2525 1261 2578 refectorio,
1281 2526 1360 2567 sed
1383 2540 1501 2568 raro.

145 2606 215 2648 Ne
243 2603 497 2646 inuitentur
525 2603 715 2659 amplius
737 2602 1025 2646 conuictores
1054 2602 1109 2644 ad
1138 2602 1326 2644 classem
1358 2600 1678 2655 theologicam.

145 2682 261 2724 Cum
283 2679 542 2724 venerimus
564 2695 590 2722 a
613 2678 987 2722 reuerendissimo
1014 2680 1044 2731 ¹,
1069 2678 1153 2721 erit
1182 2677 1420 2721 dicendum
1456 2677 1529 2718 vbi
1560 2678 1678 2718 laua-

56 2771 181 2800 crum
205 2757 263 2799 sit
285 2757 540 2800 locandum.

126 2903 135 2922 ¹
186 2899 246 2935 Cf.
266 2899 391 2944 Epist.
415 2899 462 2934 P.
484 2898 634 2939 Nadal,
654 2898 725 2943 111,
742 2896 823 2942 337,
845 2896 930 2941 390,
949 2896 1016 2931 ubi
1046 2907 1173 2931 sermo
1204 2901 1264 2930 est
1294 2895 1342 2930 de
1361 2895 1500 2929 itinere
1527 2893 1683 2941 Natalis¹

54 2958 448 3003 Aschaffenburgum,
467 2956 515 2991 ad
533 2955 780 2991 invisendum
799 2957 928 2992 R.mum
952 2954 1285 3000 archiepiscopum
1305 2959 1344 2987 et
1365 2954 1574 2988 electorem
1598 2964 1677 2987 mo-

49 3017 254 3061 guntinum
274 3016 476 3051 Danielem
492 3015 657 3050 Brendel
676 3016 723 3050 ab
743 3015 961 3059 Homburg,
981 3019 1020 3049 et
1038 3025 1125 3048 cum
1145 3024 1190 3048 eo
1213 3013 1261 3047 de
1281 3012 1437 3057 collegii
1457 3011 1679 3057 moguntini

53 3075 278 3111 fundatione
295 3074 593 3121 colloquendum
604 3101 611 3109 .
