2028 3426
666 223 1043 261 INSTRUCTioNEs—
1053 227 1096 261 61
1575 230 1645 275 607

63 325 143 379 qui
165 339 321 367 omnes
343 340 432 367 vno
455 327 705 380 eodemque
729 325 816 367 cibi
839 340 1008 382 genere
1031 334 1076 370 et
1108 328 1312 382 obsequii
1345 330 1478 371 modo
1508 338 1690 373 vtantur

69 386 259 444 facilius.

155 477 360 534 Singulis
381 479 541 521 diebus
565 494 591 520 a
614 479 801 534 prandio
824 487 869 523 et
891 493 1031 522 coena
1055 480 1330 523 mundentur
1352 496 1549 534 mensae,
1581 497 1691 525 con—

61 555 321 609 'danturque
343 555 558 599 omniaet
580 571 687 598 vasa
709 563 753 599 et
776 555 975 598 mantilia
997 555 1042 597 in
1066 556 1214 598 locum
1244 571 1394 610 suum,
1427 558 1504 612 qui
1533 574 1693 602 neces-

67 631 185 673 sario
207 632 443 675 habendus
465 632 548 675 erit
571 632 695 674 iuxta
718 632 1022 684 refectorium,
1048 633 1120 675 vel
1143 633 1186 674 in
1214 633 1470 685 refectorio,
1503 635 1539 677 si
1567 649 1692 677 com—

66 709 197 751 mode
219 708 316 750 fieri
339 715 504 763 potest.

153 784 369 840 Quotidie
391 786 634 828 abluantur
667 793 771 829 ante
803 787 1040 842 prandium
1075 795 1120 830 et
1152 786 1327 842 vesperi
1360 795 1465 829 ante
1504 802 1687 830 coenam

65 861 218 914 ciathi,
244 870 288 905 et
310 862 528 905 coclearia
552 865 842 914 mundentur,
869 863 906 905 si
935 863 1022 905 illis
1052 863 1119 906 vsi
1151 863 1336 907 fuerint.
1368 863 1556 918 Reliqua
1583 879 1691 907 vasa

61 952 209 992 aquae
236 946 280 981 et
310 938 402 981 vini
431 938 501 981 bis
533 939 579 980 in
617 940 900 983 hebdomada
937 941 1228 983 mundentur.
1266 941 1402 995 Quod
1439 940 1475 982 si
1513 939 1691 996 saepius

64 1029 180 1070 opus
203 1014 352 1066 fuerit,
379 1015 579 1058 iudicent
607 1016 876 1071 superiores.

152 1092 391 1147 Oportune
428 1091 644 1147 incipiant
672 1107 855 1136 mensae
886 1093 1042 1145 sterni,
1075 1093 1136 1135 ita
1166 1100 1212 1135 vt
1240 1101 1395 1148 parata
1423 1093 1513 1136 sint
1541 1094 1690 1136 omnia

66 1182 168 1209 curn
191 1168 444 1223 pulsabitur
467 1170 716 1223 quadrante
739 1176 843 1211 ante
865 1169 1105 1225 prandium
1132 1177 1149 1194 ²²
1170 1176 1216 1212 et
1238 1183 1443 1221 coenam,
1467 1185 1558 1224 quo
1580 1178 1689 1214 tem-

66 1258 172 1299 pore
194 1244 410 1300 incipient
431 1259 592 1300 aquam
616 1260 844 1301 apponere
866 1253 912 1290 et
935 1246 1104 1288 vinum.

151 1322 277 1364 Ordo
307 1322 601 1377 praeparandi
630 1337 830 1365 mensam
853 1323 928 1365 hic
954 1323 1054 1366 erit:
1081 1330 1128 1365 vt
1157 1323 1247 1366 sint
1268 1325 1457 1366 orbiculi
1486 1339 1566 1380 pro
1594 1325 1687 1367 sin-

62 1397 197 1452 gulis,
224 1413 275 1441 ac
297 1413 442 1454 super,
457 1413 732 1454 unoquoque
756 1406 948 1454 ponatur
970 1400 1113 1454 panis,
1139 1414 1276 1455 supra
1298 1415 1459 1455 panem
1483 1407 1568 1447 642
1591 1416 1686 1444 ma-

63 1474 169 1528 pula
192 1474 472 1529 complicata,
504 1482 609 1517 ante
638 1472 892 1518 orbiculum
921 1482 1072 1519 autem
1103 1476 1314 1519 cultellus
1333 1491 1444 1519 *cum
1472 1478 1678 1520 cocleari.

150 1552 267 1593 Cum
285 1551 527 1607 apponitur
544 1552 736 1607 primum
756 1553 992 1604 ferculum,
1014 1554 1135 1607 quod
1157 1553 1433 1608 antipastum
1453 1568 1683 1606 vocamus,

11 1668 14 1670 .
56 1635 165 1671 ante
192 1630 345 1671 orbem
374 1628 594 1684 cuiusque
622 1628 865 1680 locabitur,
891 1637 936 1671 et
959 1631 1080 1684 quod
1103 1629 1325 1685 reliquum
1348 1631 1483 1674 fuerit
1512 1632 1582 1674 vel
1612 1646 1685 1673 os-

60 1704 176 1746 sium
199 1707 269 1748 vei
295 1706 541 1758 fructuum,
568 1712 674 1757 etc.,
701 1705 746 1747 in
769 1706 892 1748 disco
912 1714 1168 1762 reponatur,
1190 1707 1282 1761 qui,
1306 1707 1377 1748 vbi
1396 1708 1583 1750 scutella
1605 1709 1684 1750 ad-

54 1782 217 1833 fertur,
243 1790 494 1834 amouetur3
521 1782 595 1824 illa
617 1797 724 1825 vero
746 1797 882 1838 super
904 1784 1059 1826 orbem
1083 1784 1346 1826 collocatur.

145 1859 403 1914 Antequam
427 1858 704 1901 absoluerint
721 1859 969 1914 appositam
994 1861 1144 1911 offam,
1170 1876 1228 1904 ne
1246 1849 1580 1915 'expectandum
1603 1861 1678 1912 sit,

59 1936 305 1978 afferantur
328 1950 485 1978 carnes
506 1936 578 1979 vel
601 1935 747 1990 pisces
771 1937 842 1979 vel
863 1950 951 1978 oua
968 1936 1013 1977 in
1036 1936 1176 1988 disco,
1202 1951 1336 1991 quem
1370 1936 1680 1991 vnusquisque

57 2017 162 2054 ante
185 2011 437 2053 orbiculum
460 2019 644 2063 statuet,
670 2019 946 2067 acceptoque
969 2027 1025 2055 ex
1047 2027 1101 2056 eo
1123 2013 1240 2064 cibo,
1267 2028 1320 2055 eo
1344 2015 1464 2068 quod
1493 2028 1681 2068 supere-

59 2086 115 2129 rit
137 2087 182 2129 in
205 2087 381 2130 discum
407 2088 617 2143 reposito,
642 2089 817 2130 discum
843 2088 1044 2131 orbiculo
1069 2089 1315 2145 cooperiet,
1337 2097 1382 2133 et
1400 2090 1682 2145 promouebit

13 2161 16 2163 “
52 2164 113 2206 ad
136 2163 266 2207 aliam
290 2179 475 2208 mensae
496 2172 684 2219 partem.

147 2241 268 2282 Vasa
289 2240 381 2282 vini
404 2240 493 2282 sint
521 2240 804 2284 mediocriter
836 2241 1042 2297 grandia,
1078 2249 1126 2284 vt
1157 2242 1312 2284 vinum
1342 2242 1537 2297 capiant,
1564 2244 1684 2296 quod

18 2316 19 2319 ’
57 2316 202 2358 tribus
225 2318 280 2359 ad
304 2316 535 2359 minimum
562 2317 669 2359 satis
692 2317 748 2359 sit
766 2318 821 2359 ad
844 2318 1309 2382 vnamxrefectionem,
1331 2334 1383 2362 ea
1406 2319 1510 2369 sint,
1533 2319 1569 2361 si
1588 2319 1683 2361 fieri

60 2392 218 2447 possit,
244 2409 298 2437 ex
321 2401 496 2436 stanno.

145 2470 265 2512 Vasa
286 2484 430 2524 aquae
452 2470 541 2512 sint
565 2470 685 2513 intus
707 2479 751 2513 et
773 2471 880 2513 foris
904 2471 1098 2524 vitriata,
1125 2471 1265 2513 ciathi
1288 2486 1394 2514 vero
1417 2471 1513 2514 eius
1543 2485 1673 2525 capa-

59 2545 220 2597 citatis,
237 2560 328 2601 quo
346 2546 454 2588 satis
471 2546 528 2589 sit
546 2554 594 2587 vt
607 2547 707 2601 quis
725 2547 948 2590 ordinarie
965 2549 1104 2591 semel
1122 2548 1261 2600 bibat,
1284 2561 1365 2589 nec
1383 2548 1437 2588 ad
1457 2561 1680 2588 summum

58 2621 311 2677 implendus
330 2623 389 2664 sit
411 2624 605 2677 cyathus
629 2622 661 2665 ¹³.

145 2703 231 2744 643
252 2699 325 2740 Ad
347 2701 612 2754 apponenda
635 2715 741 2742 vasa
764 2700 858 2741 vini
881 2707 926 2743 et
947 2715 1090 2755 aquae
1113 2702 1222 2742 fiant
1254 2700 1434 2754 quidam
1465 2707 1678 2753 tanquam

58 2775 248 2817 orbiculi
272 2790 326 2819 ex
348 2776 490 2830 ligno,
517 2776 578 2818 ita
599 2777 821 2827 excauati,
850 2784 898 2818 vt
920 2778 1051 2819 bases
1074 2791 1282 2819 vasorum
1306 2790 1465 2830 capere
1487 2774 1675 2829 possint:

29 2854 34 2857 ’
56 2851 92 2892 si
115 2850 176 2898 ita
198 2852 294 2893 fieri
317 2866 407 2894 non
429 2861 596 2907 posset,
620 2853 810 2896 tabellae
828 2853 946 2896 idem
969 2854 1060 2896 fere
1078 2853 1387 2908 praestabunt.
1410 2852 1679 2906 Apponatur

123 2973 139 2988 ²¹
187 2961 208 2996 3
227 2964 345 2998 verba
364 2963 636 3009 praecedentia
657 2964 731 2998 alia
752 2976 865 2999 manu
885 2970 1040 2998 exarata
1056 2969 1157 2998 sunt.
1213 2965 1276 2988 —b
1303 2963 1324 2996 o
1344 2964 1412 2998 ult,
1432 2963 1549 2996 verba
1570 2961 1680 3003 addi-

53 3024 93 3053 ta
112 3021 317 3065 posterius,
