2028 3426
341 271 409 308 224
791 287 794 290 -
811 263 965 299 Pin-ais
992 264 1028 298 H
1033 270 1233 298 ιειῑοΝΥΜι
1260 262 1411 298 NADAL

292 364 476 409 stitutae
493 365 722 421 potentiae
745 364 911 407 auxilio
934 363 1133 419 speciali,
1153 377 1244 418 quo
1266 363 1364 406 sine
1387 363 1442 406 ad
1464 364 1617 407 lumen
1638 363 1748 407 illud
1771 364 1916 408 coele-

290 449 358 486 ste
375 441 485 484 nihil
504 442 676 498 operari
696 449 900 497 possunt,
918 440 1204 496 operationes
1221 441 1418 484 habeant
1435 448 1452 465 ³
1469 427 1651 496 quidem
1671 439 1917 496 potentiam
1955 462 1957 464 ·
1977 476 1982 479 ,

290 519 461 561 bonum
485 518 714 574 operandi,
741 533 829 560 non
855 517 1033 572 quidem
1058 530 1113 559 ex
1135 530 1200 568 se,
1231 530 1316 560 nec
1343 515 1390 558 in
1418 516 1620 573 potentia
1647 516 1916 573 propinqua,

289 597 368 639 sed
392 597 580 638 eandem
598 594 770 638 scilicet
794 594 987 638 retinent
1005 593 1269 649 potentiam,
1291 607 1381 648 qua
1398 593 1416 618 b
1439 607 1542 636 cum
1562 593 1732 636 iustitia
1748 600 1793 636 et
1810 608 1916 650 gra-

291 672 349 714 tia
373 679 477 715 ante
517 679 748 727 peccatum
775 671 911 713 libere
948 670 1279 713 concurrebant
1303 670 1359 712 ad
1397 684 1533 726 opera
1561 671 1681 713 bona
1703 679 1748 713 et
1777 670 1915 714 uitam

288 756 515 792 aeternam
543 749 898 804 promerendam.
926 746 975 790 Si
997 745 1138 802 igitur
1162 746 1427 790 restituatur
1449 746 1597 803 gratia
1625 761 1677 790 ac
1701 747 1809 790 unio
1831 747 1917 791 Dei

289 825 333 867 in
357 825 522 877 anima,
548 825 661 867 uiuit
685 824 831 866 anima
854 825 968 876 Deo,
994 831 1040 867 et
1062 823 1324 868 debilitatur
1346 824 1601 880 aegritudo.

378 903 500 958 Quid
533 902 672 955 igitur
694 901 777 944 erit
817 901 998 943 tandem
1037 908 1310 957 quapropter
1345 916 1437 944 non
1460 901 1635 958 possint
1657 901 1719 944 illi
1742 900 1916 957 gratiae

287 978 490 1021 assentiri
515 977 741 1034 potentiae
764 984 808 1020 et
831 976 1083 1032 cooperari?
1106 977 1200 1019 Erit
1224 977 1363 1034 igitur
1392 977 1467 1021 illa
1490 974 1748 1034 cooperatio
1779 976 1915 1020 meri-

289 1064 382 1098 tum
409 1055 528 1097 uitae
552 1064 777 1105 aeternae,
804 1068 894 1108 quo
916 1053 1042 1096 ducit
1069 1054 1232 1111 gratia:
1264 1062 1309 1099 et
1332 1054 1512 1111 quidem
1537 1054 1573 1098 si
1598 1056 1717 1097 hanc
1747 1054 1914 1097 uerita-

289 1141 377 1175 tem
403 1147 492 1174 non
515 1131 753 1174 admittant
782 1130 1014 1184 haeretici,
1041 1131 1087 1174 in
1109 1132 1358 1175 horrendas
1380 1145 1479 1175 sese
1508 1131 1758 1175 coniiciunt
1788 1138 1914 1176 tene-

287 1211 405 1257 bras,
437 1217 572 1264 atque
607 1207 1024 1264 pernitiosissimam
1056 1208 1400 1265 blasphemiam,
1442 1210 1590 1252 Deum
1630 1208 1802 1252 scilicet
1831 1222 1915 1251 nos

287 1286 477 1328 iniustos
501 1285 697 1340 quidem,
718 1292 763 1328 et
779 1284 927 1341 reipsa
944 1284 1285 1338 abominabiles,
1305 1286 1474 1330 habere
1492 1294 1639 1329 tamen
1661 1299 1741 1341 pro
1762 1284 1911 1330 iustis.

287 1364 391 1405 Non
416 1363 554 1418 igitur
577 1369 762 1418 peccata
786 1369 941 1405 nostra
964 1361 1067 1404 tulit
1089 1361 1321 1406 Christus?
1343 1377 1432 1405 non
1457 1362 1675 1407 satisfecit
1703 1377 1783 1418 pro
1805 1361 1915 1404 illis?

286 1441 450 1482 Adhuc
474 1439 518 1481 in
542 1439 740 1495 peccatis
772 1440 950 1481 sumus?
972 1438 1344 1483 Miserabilissimi
1372 1454 1530 1483 sumus
1559 1438 1761 1482 omnium
1783 1452 1911 1482 crea-

285 1525 500 1568 turarum,
521 1517 557 1559 si
576 1531 732 1559 sumus
750 1516 794 1558 in
813 1515 1027 1572 peccatis.
1043 1518 1144 1574 Jam
1162 1516 1358 1560 iniustus
1376 1524 1445 1561 est
1462 1518 1604 1570 Deus,
1625 1515 1701 1571 qui
1719 1531 1811 1559 non
1829 1530 1911 1572 pu·-

283 1594 376 1636 niat
399 1594 663 1649 (secundum
687 1592 914 1635 hominem
943 1593 1137 1648 loquor);
1167 1592 1392 1645 iniustior,
1425 1607 1564 1649 quum
1596 1593 1806 1637 Christus
1827 1607 1911 1649 pro

283 1670 412 1713 nobis
433 1670 701 1714 satisfecerit
723 1669 999 1726 plenissime,
1025 1669 1062 1713 si
1086 1684 1178 1713 non
1201 1671 1353 1714 demat
1376 1672 1593 1714 offensam
1616 1684 1668 1713 ac
1691 1669 1907 1723 remittat;

276 1748 368 1802 jam
397 1747 514 1790 enim
546 1748 808 1791 recordatur
838 1755 1146 1803 peccatorum,
1188 1747 1264 1802 qui
1296 1747 1469 1792 scilicet
1498 1747 1758 1800 offenditur,
1792 1761 1908 1803 quae

280 1832 347 1867 est
370 1839 545 1867 summa
567 1838 619 1866 ac
646 1824 1043 1868 uehementissima
1065 1824 1333 1877 recordatio,
1360 1831 1447 1868 etc.

369 1902 441 1943 Ad
460 1902 589 1954 haec,
616 1900 652 1944 si
675 1915 766 1943 non
788 1900 1036 1957 imputatur
1057 1909 1293 1957 peccatum
1317 1915 1397 1957 per
1414 1901 1664 1953 Christum,
1687 1900 1794 1956 quid
1817 1900 1906 1957 igi-

282 1985 368 2029 tur,
395 1979 598 2031 obsecro,
624 1986 776 2022 manet
805 1978 981 2034 peccati
1013 1980 1145 2034 culpa
1168 1986 1212 2023 et
1245 1993 1336 2021 non
1365 1986 1517 2023 reatus
1547 1979 1620 2022 uel
1648 1977 1907 2035 imputatio?

280 2054 421 2110 Igitur
445 2055 503 2106 id,
530 2056 650 2110 quod
672 2055 916 2111 pessimum
940 2063 1052 2109 erat,
1078 2063 1123 2100 et
1141 2056 1262 2111 quod
1280 2057 1378 2100 Deo
1396 2055 1698 2099 abominabile
1719 2056 1820 2111 (hoc
1837 2062 1907 2100 est

279 2133 441 2188 culpa),
474 2147 564 2174 non
592 2132 756 2176 meruit
794 2133 1004 2176 Christus
1034 2142 1084 2175 ut
1121 2134 1340 2185 deleatur,
1372 2134 1452 2178 sed
1482 2134 1627 2176 solum
1657 2133 1782 2188 quod
1803 2133 1905 2175 Deo

279 2217 475 2263 gratum,
503 2210 622 2264 quod
641 2209 808 2251 iustum
834 2217 903 2253 est
926 2212 1026 2267 (hoc
1049 2217 1117 2254 est
1134 2211 1310 2266 poena),
1332 2210 1377 2253 id
1394 2211 1540 2254 solum
1559 2209 1723 2254 meruit
1745 2208 1902 2278 deleri.

278 2288 321 2341 Q
329 2285 401 2329 uid
424 2286 563 2341 igitur
586 2287 796 2329 Christus
814 2286 1080 2343 promeruit?
1098 2288 1224 2344 (adeo
1242 2287 1361 2330 enirn
1382 2288 1664 2331 truculenter
1681 2286 1775 2343 agit
1794 2287 1905 2330 hae-

278 2362 460 2416 reticus,
497 2371 542 2405 ut
573 2378 661 2406 non
693 2365 837 2406 solum
869 2363 1076 2407 meritum
1106 2371 1310 2408 nostrum
1334 2365 1477 2416 tollat,
1508 2364 1588 2408 sed
1618 2363 1722 2420 Xpi.
1753 2362 1905 2419 etiam)

275 2439 359 2482 sibi
382 2439 562 2494 quidem
602 2455 685 2484 nec
707 2440 897 2496 gloriam
936 2455 1019 2485 nec
1043 2440 1235 2497 gratiam
1275 2440 1538 2497 promeruit,
1569 2440 1650 2485 sed
1679 2447 1904 2495 utranque

276 2516 448 2571 accepit
470 2532 495 2559 a
520 2518 653 2559 Patre
692 2519 863 2572 absque
887 2517 1060 2569 merito,
1087 2518 1208 2572 quod
1237 2517 1322 2560 fuit
1343 2517 1734 2574 gloriosissimum.
1761 2516 1905 2560 Nobis

276 2601 422 2635 tamen
447 2593 483 2636 si
506 2608 595 2635 non
619 2594 781 2637 meruit
806 2594 996 2650 gratiam
1015 2601 1058 2638 et
1081 2594 1288 2650 gloriam,
1313 2593 1421 2649 quid
1444 2594 1585 2650 igitur
1608 2593 1794 2638 meruit?
1817 2593 1902 2637 Sa-

275 2670 495 2714 tisfecitne
519 2685 597 2726 pro
621 2673 827 2727 peccato?
855 2672 933 2714 sed
963 2671 1072 2714 nihil
1103 2679 1333 2727 praeterea
1370 2671 1640 2727 promeruit?
1680 2670 1901 2727 (quando-

274 2747 451 2801 quidem
476 2762 556 2789 nos
574 2747 883 2790 reconciliauit
902 2750 1030 2803 Deo).
1057 2749 1156 2804 Jam
1173 2747 1314 2804 igitur
1332 2747 1604 2791 iustificatus
1623 2761 1711 2804 ego
1728 2746 1774 2790 in
1793 2761 1902 2802 gra-

274 2824 376 2865 tiam
402 2823 613 2866 restituor
637 2824 721 2868 Dei
744 2832 787 2867 et
811 2825 1066 2867 amicitiam.
1095 2825 1219 2880 Quid
1241 2824 1401 2882 igitur?
1424 2839 1523 2867 sum
1548 2824 1721 2867 amicus
1743 2823 1829 2867 Dei
1854 2830 1901 2867 et

274 2899 501 2943 inimicus?
525 2902 654 2944 Adeo
676 2909 783 2943 sunt
807 2902 1038 2954 uecordes,
1067 2910 1115 2945 ut
1132 2917 1221 2945 non
1240 2902 1388 2945 solum
1407 2900 1710 2957 blasphemias
1727 2899 1897 2951 dicant,

272 2978 349 3019 sed
374 2976 455 3018 sibi
479 2976 671 3020 inuicem
697 2978 948 3033 pugnantia
972 2992 1060 3020 non
1086 2978 1288 3023 sentiunt
1309 2993 1357 3022 se
1380 2978 1666 3021 confirmare.

343 3080 357 3094 ²¹
407 3071 547 3106 habent
567 3083 637 3106 ms.
692 3073 756 3099 —b
783 3083 883 3117 quae
903 3084 973 3107 ms.
