2028 3426
370 250 434 302 124
838 257 991 292 Parius
1017 256 1260 291 HIERONYMI
1286 255 1437 291 NADAL

321 373 472 402 uanno
494 358 570 414 qui
594 358 712 402 nella
735 358 893 413 lingua
915 358 1001 400 che
1024 358 1186 399 furono
1217 355 1388 408 seritte,
1424 370 1510 399 con
1545 371 1634 400 una
1665 357 1949 402 traduction

319 435 474 487 latina,
501 436 613 478 satta
636 435 853 490 alquanto
876 434 919 476 in
951 435 1081 484 freta,
1113 433 1344 497 benche'e
1372 433 1520 477 fidele.
1551 433 1823 478 Aduertimo
1844 449 1945 490 per

320 514 420 556 VV.
447 513 529 557 SS.
559 514 663 555 R.¹¹'c
687 513 770 554 che
793 512 916 554 dette
938 509 1252 553 constitutioni
1281 523 1371 552 non
1408 524 1520 554 sono
1548 518 1719 555 serrate
1748 511 1804 554 ne
1835 511 1949 556 han&

317 589 343 631 l’
367 589 524 632 ultima
548 603 682 632 mano
711 589 827 630 della
857 585 1141 642 Compagnia
1173 592 1218 629 et
1256 585 1388 629 insin’
1421 587 1581 630 adesso
1618 587 1694 643 piu
1729 595 1880 643 presto
1945 571 1949 624 ζ

315 681 440 710 semo
478 664 718 721 gouernati
755 679 835 720 per
872 664 912 705 la
952 654 1146 706 formula
1182 663 1239 706 de
1271 670 1426 705 nostro
1459 663 1667 706 instituto
1704 671 1939 708 contenut

315 744 432 787 nelle
456 743 588 794 bolle,
615 750 660 786 et
684 756 762 797 per
785 739 812 782 1’
841 739 1090 783 obedienza
1117 739 1222 782 delli
1251 739 1488 795 superiori,
1520 747 1566 784 et
1599 741 1762 783 alc-une
1794 741 1944 798 regol

313 822 396 863 6116
419 820 494 875 qui
519 833 638 862 uano
657 818 701 860 in
720 817 904 860 italiano
921 824 953 858 a.
977 815 1247 859 Aduertimo
1265 816 1399 860 etiarn
1418 818 1502 859 che
1520 816 1556 859 si
1575 817 1599 860 ὲ
1617 817 1721 860 data
1737 817 1925 862 commis
1943 871 1945 875 Ι

312 898 438 941 sione
462 897 535 939 alli
559 894 734 938 absenti
758 893 964 950 professi,
989 900 1034 935 et
1056 892 1130 937 alli
1155 892 1351 948 presenti
1374 893 1420 935 in
1444 894 1603 946 Roma,
1635 895 1719 938 che
1747 883 1941 954 ogniun

314 982 493 1017 notasse
517 973 587 1015 6ἰό
610 974 695 1015 6116
718 970 955 1022 dubitassi,
982 985 1009 1014 o
1032 971 1060 1012 li
1083 971 1253 1026 paressi
1277 984 1408 1026 sopra
1432 978 1591 1025 queste
1619 970 1949 1022 constitution'

308 1059 352 1094 et
377 1067 433 1095 ne
463 1052 505 1094 la
539 1049 680 1106 prima
715 1049 846 1104 plena
884 1046 1260 1104 congregatione,
1292 1049 1407 1090 oltra
1440 1048 1486 1090 d’
1511 1047 1681 1104 eligere
1718 1048 1949 1104 preposit

309 1128 538 1184 generale,
565 1128 624 1169 ha
647 1127 704 1170 de
727 1124 974 1168 conuenire
998 1131 1151 1167 nostra
1174 1124 1458 1180 Compagnia
1490 1139 1572 1180 per
1592 1133 1762 1181 questo
1792 1113 1938 1169 effett

309 1206 352 1247 d’
379 1205 592 1247 assetarle
615 1203 656 1244 d’
683 1202 876 1245 accordo
901 1208 946 1244 et
977 1214 1142 1243 eomun
1172 1215 1330 1256 parere
1359 1200 1404 1243 in
1437 1201 1586 1256 quello
1615 1202 1700 1246 6116
1729 1201 1766 1245 si
1794 1201 1941 1258 giudi

309 1284 444 1326 ehera
466 1280 652 1323 secondo
675 1280 705 1321 l’
730 1279 993 1334 esperz'enza
1011 1277 1030 1303 b
1052 1277 1370 1330 conueniente,
1397 1285 1441 1322 et
1457 1279 1530 1321 all’
1550 1279 1661 1321 hora
1678 1279 1948 1335 9109011611,Υ

306 1375 330 1401 a
348 1366 507 1414 questa
525 1364 652 1399 santa
672 1356 795 1400 sedia
819 1362 850 1397 ⁰.
871 1356 941 1398 De
959 1355 1092 1398 modo
1110 1356 1212 1407 che,
1240 1353 1310 1398 cio
1335 1356 1421 1398 che
1443 1355 1666 1398 comanda
1683 1356 1731 1400 S.
1753 1356 1847 1400 SA&
1867 1370 1914 1412 p
1936 1363 1944 1408 ζ

306 1437 490 1487 adesso,
533 1447 811 1490 pensauamo
849 1434 917 1475 far
955 1432 1000 1475 in
1039 1433 1197 1486 breue,
1239 1432 1451 1476 hauendo
1487 1432 1683 1488 imposto
1732 1434 1760 1475 l'
1786 1433 1944 1477 ultim

308 1527 440 1555 mano
463 1527 488 1554 a
511 1517 670 1567 queste
693 1524 799 1553 cose
822 1523 906 1552 eon
930 1517 1109 1552 maturo
1131 1508 1332 1564 giudieio
1349 1509 1466 1552 della
1483 1510 1841 1566 congregatione
1862 1525 1949 1568 ge.

308 1591 475 1634 nerale.
504 1590 609 1631 Pur
634 1589 682 1629 in
706 1590 816 1630 tutto
838 1587 910 1629 sia
929 1588 1058 1644 faita
1089 1586 1133 1628 la
1160 1586 1344 1628 volmztc‘z
1371 1586 1424 1628 de
1451 1586 1499 1629 S.
1533 1587 1648 1639 831²,
1685 1588 1777 1630 alla
1813 1571 1943 1644 qual·

304 1672 478 1722 sempre
501 1666 753 1708 vbedz'remo
776 1664 1070 1706 lzmnilmente
1093 1677 1212 1705 come
1235 1663 1356 1708 fideli
1379 1664 1538 1720 figlioii
1561 1671 1605 1709 et
1633 1664 1754 1708 serui
1776 1666 1876 1708 suoi
1896 1679 1946 1709 e

304 1745 347 1786 di
371 1752 532 1799 questa
555 1750 686 1786 santa
708 1741 834 1786 sedia
855 1739 892 1786 d.
1261 1732 1276 1739 ⁵
1822 1758 1843 1765 ·
1922 1790 1928 1795 .

393 1822 433 1864 A
455 1828 600 1876 tergo:
623 1819 675 1876 [si
694 1817 1037 1875 presentarono]
1056 1825 1071 1842 0
1093 1817 1160 1860 «le
1180 1818 1333 1872 regole
1351 1823 1395 1862 et
1414 1818 1743 1871 constitutioni,
1759 1819 1930 1875 quand·

305 1900 331 1939 l'
357 1898 518 1941 ordino
542 1896 636 1939 cosi
663 1897 806 1939 Paulo
829 1897 899 1949 4.⁰
929 1905 1084 1949 1557.»

371 2063 386 2078 ιι
439 2052 548 2087 Prius
574 2053 617 2086 in
645 2051 818 2086 italiano
843 2053 880 2085 et
910 2053 1029 2096 sopra
1056 2051 1158 2084 tutto
1183 2060 1255 2084 con
1280 2049 1320 2084 la
1346 2049 1432 2096 lege
1457 2049 1623 2085 interna
1640 2051 1747 2086 della
1767 2051 1935 2095 charita,

299 2123 397 2159 quae
422 2111 551 2146 deleta
570 2116 660 2145 sunt
679 2111 728 2145 ab
754 2110 800 2145 iis
820 2109 952 2144 verbis
977 2111 1014 2144 et
1037 2112 1174 2155 sopra.
1226 2110 1292 2135 —b
1320 2109 1432 2154 Quae
1458 2108 1602 2144 italicis
1623 2109 1765 2146 litteris
1783 2110 1937 2153 damus,

299 2178 388 2207 sunt
413 2171 676 2216 autographae
703 2167 862 2204 Polanci
886 2167 1198 2204 emendationes.
1255 2177 1319 2196 -ο
1346 2167 1472 2214 Prius,
1493 2174 1580 2215 post
1599 2170 1695 2204 haec
1721 2170 1774 2205 ita
1797 2180 1938 2217 seque

299 2233 428 2266 batur:
465 2228 549 2265 Cosi
584 2230 707 2264 etiam
739 2229 773 2262 si
803 2230 959 2264 domena
992 2228 1216 2275 ragionare
1234 2227 1274 2262 d'
1299 2228 1442 2262 alcune
1461 2239 1545 2263 cose
1569 2229 1634 2263 che
1657 2240 1752 2263 sono
1771 2232 1849 2275 per
1867 2241 1911 2265 u
1935 2234 1938 2236 “

300 2293 432 2326 notate
452 2289 553 2325 uelle
573 2289 712 2324 lettere
737 2287 967 2333 apostolice,·
984 2298 1084 2334 quae
1107 2286 1314 2322 obliterata
1333 2293 1437 2322 sunt.
1489 2288 1555 2314 —d
1583 2287 1694 2323 Prius
1713 2289 1765 2325 ita
1783 2288 1917 2324 desine
1932 2294 1939 2306 ²

298 2411 440 2454 tempo,
467 2408 554 2448 noi,
581 2418 686 2442 come
714 2407 804 2441 ueri
829 2409 865 2441 et
882 2405 1001 2452 fideli
1018 2405 1175 2452 figlioli
1199 2408 1235 2440 et
1258 2406 1369 2441 serui
1392 2407 1439 2441 de
1462 2417 1536 2441 sua
1562 2406 1808 2442 beatitudine
1831 2410 1868 2443 et
1890 2399 1945 2443 ds

298 2472 433 2515 questa
460 2470 578 2502 santa
608 2465 732 2507 seclia,
760 2465 802 2499 in
827 2467 927 2499 tutto
952 2465 1175 2500 obediremo
1199 2465 1474 2501 Izumilmente.
1527 2475 1590 2492 —0
1617 2465 1769 2501 Primus
1797 2477 1908 2502 versu
1932 2483 1940 2491 ν

299 2528 375 2573 legi
395 2526 543 2574 nequit,
564 2537 611 2561 eo
628 2524 731 2572 quod
750 2529 882 2559 assuta
900 2523 954 2565 ibi
973 2523 1091 2559 fuerit
1108 2525 1252 2560 charta.
