2028 3426
345 274 411 310 182
814 272 967 308 PATms
994 271 1235 306 Hienonvm
1262 269 1414 304 NADAL

907 443 1311 488 MONUMENTA

401 538 463 568 AD
487 537 702 568 TERTIAM
727 534 1172 568 coNGREGArioNEM
1196 533 1490 564 GENERALEM
1515 533 1814 565 SPECTANTIA

1074 655 1149 700 m

684 745 775 786 PP.
814 742 1131 787 NICOLAUS
1165 741 1528 785 BOBADILLA

788 833 847 862 ET
871 832 1110 863 CLAUDIUS
1135 831 1428 862 MATTHAEUS

824 928 983 966 ROMAE,
1005 919 1050 955 23
1067 927 1228 955 Aemus
1250 917 1340 964 1573
1360 919 1385 954 ¹.

399 1007 447 1044 P.
469 1004 721 1041 Mercuriani
738 1004 966 1039 electionem
985 1003 1030 1038 in
1043 1001 1319 1049 praepositum
1335 994 1570 1050 genercilem
1588 1000 1817 1050 legitimam

973 1061 1233 1109 profitentur.

1028 1173 1179 1250 Jesus.
1241 1247 1243 1249 Ι

384 1303 598 1346 Rationes
635 1309 680 1345 et
718 1315 882 1344 causae
912 1300 1207 1345 ostendentes
1234 1299 1450 1356 optimam
1480 1298 1620 1344 fuisse
1651 1297 1919 1344 electionem
1946 1295 1947 1299 ’

294 1382 346 1424 R.
376 1383 426 1423 P.
450 1379 667 1424 Euerardi
690 1377 735 1421 in
757 1377 1063 1434 praepositum
1087 1377 1346 1434 generalem
1364 1375 1613 1421 ‘Societatis
1629 1377 1757 1434 Jesu.
1784 1377 1923 1421 Anno
1943 1395 1946 1399 ·

298 1469 424 1512 1573-

910 1531 998 1575 Die
1027 1544 1082 1586 23
1105 1530 1291 1587 Aprilis.

377 1612 426 1654 In
454 1611 626 1668 primis,
652 1609 757 1666 quia
786 1608 938 1652 omnia
965 1608 1183 1665 suffragia
1211 1616 1340 1652 erant
1369 1619 1444 1662 47,
1474 1614 1519 1652 et
1548 1607 1633 1650 fuit
1671 1608 1844 1652 electus
1872 1606 1920 1651 in
1944 1620 1946 1624 ·

288 1689 432 1745 primo
455 1687 674 1731 scrutinio
699 1698 753 1740 27
771 1685 1016 1743 suffragiis.
1945 1672 1950 1684 ⁶

377 1767 591 1811 Secunda
616 1764 730 1808 ratio
751 1770 835 1818 est,
862 1763 968 1819 quia
989 1762 1076 1806 fuit
1098 1762 1259 1807 electio
1283 1762 1439 1807 libera:
1465 1761 1658 1818 Hispani
1689 1768 1916 1816 erant-27:
1944 1797 1945 1800 ,

289 1843 402 1895 Itali,
423 1842 544 1887 Galli
567 1849 612 1885 et
634 1841 853 1886 Germani
873 1842 1059 1885 fuerunt
1083 1853 1154 1894 203
1179 1847 1225 1883 et
1247 1855 1404 1883 omnes
1426 1839 1634 1884 nationes
1658 1831 1920 1884 hassuerunt
1946 1850 1949 1856 ¹

288 1920 505 1977 suffragia
523 1935 603 1977 pro
626 1918 828 1976 generali
851 1933 960 1962 suae
989 1917 1204 1970 nationis,
1229 1924 1274 1961 et
1304 1924 1455 1961 tamen
1485 1916 1581 1973 ipse
1609 1917 1733 1960 solus
1760 1915 1920 1960 habuit
1943 1950 1947 1954 .

292 2010 363 2051 27,
396 1997 572 2041 etiamsi
605 2011 698 2039 non
726 1996 783 2040 sit
812 1995 1053 2051 hispanus,
1085 1994 1190 2050 quia
1229 2009 1345 2038 vnus
1381 1993 1567 2050 spiritus
1595 1994 1742 2037 bonus
1772 2001 1842 2037 est
1873 1993 1921 2038 in

288 2083 381 2118 tota
403 2075 631 2119 Societate
647 2076 775 2132 Jesu.

377 2153 455 2206 3·⁸
520 2151 642 2195 Talis
665 2158 734 2194 est
757 2158 803 2194 et
828 2157 954 2194 tanta
986 2149 1071 2192 fuit
1101 2149 1351 2192 consolatio
1379 2156 1424 2193 et
1446 2147 1614 2192 laetitia
1642 2148 1687 2190 in
1717 2150 1802 2191 hac
1825 2148 1920 2192 ele-
1942 2170 1949 2204 ;

287 2228 452 2282 ctione,
481 2237 569 2271 tam
593 2228 638 2271 in
662 2228 892 2272 Societate
913 2242 1049 2283 quam
1073 2234 1216 2279 extra,
1241 2233 1289 2268 vt
1311 2225 1552 2270 manifeste
1572 2222 1782 2268 ostendat
1797 2224 1951 2268 illam»

286 2306 425 2349 fuisse
448 2321 472 2348 a
495 2305 654 2361 spiritu
677 2305 862 2349 Sancto.

374 2382 445 2436 4²²
508 2385 560 2425 R.
590 2385 640 2426 P.
670 2382 932 2425 Euerardus
953 2390 1022 2425 est
1044 2396 1100 2424 ex
1123 2379 1325 2424 inferiori
1347 2379 1611 2433 Germania,
1632 2378 1793 2436 partim
1817 2378 1918 2436 gal-

286 2460 372 2513 lus,
398 2459 560 2515 partim
585 2473 845 2516 germanus,
871 2458 1036 2516 poterit
1059 2457 1302 2514 plurimum
1325 2456 1484 2500 iuuare
1506 2464 1744 2512 Vtramque
1767 2455 1921 2499 natio·¹
1950 2445 1953 2478 3
1988 2462 1998 2517 ’ζ

285 2552 405 2588 nem,
431 2538 487 2579 ab
510 2536 749 2580 haereticis
773 2536 1001 2590 infestam,
1028 2542 1073 2580 et
1089 2535 1221 2578 valde
1238 2542 1492 2591 granatam.

373 2614 563 2670 Quinta,
592 2614 846 2658 Paternitas
867 2628 950 2656 sua
967 2620 1035 2656 est
1052 2612 1120 2655 vir
1138 2611 1255 2668 pius,
1281 2620 1485 2654 maturae
1507 2611 1685 2664 aetatis,
1711 2611 1913 2667 integer-

285 2692 511 2747 rimaeque
534 2691 669 2743 vitae,
695 2699 739 2734 et
762 2706 898 2735 sanae
921 2690 1170 2734 doctrinae.
1208 2688 1349 2733 Nouit
1371 2697 1416 2734 et
1445 2696 1514 2733 est
1536 2695 1750 2745 expertus
1778 2702 1850 2732 res
1869 2693 1915 2730 et
1942 2722 1949 2727 .

286 2768 468 2824 negotia
497 2767 738 2812 Societatis
763 2769 891 2825 JeSU,
919 2767 1003 2810 fuit
1041 2774 1188 2811 rector
1227 2765 1409 2822 collegii
1443 2764 1658 2809 Perusiae
1696 2765 1740 2808 in
1770 2762 1913 2816 Italia,
1943 2794 1947 2827 1
1988 2750 2003 2810 ,³

356 2911 364 2931 ¹
418 2912 474 2945 Ex
494 2911 704 2957 archetypo
723 2921 743 2945 a
763 2910 805 2944 P.
840 2909 1042 2944 Bobadilla
1061 2908 1207 2944 dictato
1234 2913 1274 2944 et
1303 2919 1325 2943 a
1354 2908 1398 2943 P.
1420 2907 1583 2944 Claudio
1607 2907 1803 2943 Matthaeo
1826 2905 1915 2942 sub·
1939 2930 1943 2935 .
1987 2876 2002 2893 d

284 2971 441 3016 scripto,
461 2970 499 3005 in
518 2969 653 3004 codice
674 2969 733 3005 De
751 2969 866 3004 rebus
883 2980 1023 3016 congr.
1040 2979 1134 3016 gen.
1157 2968 1191 3003 [—
1204 2968 1245 3009 V,
1265 2966 1411 3014 duplici
1425 2967 1492 3003 fol.
1516 2965 1582 3002 183
1600 2967 1672 3012 (71,
1693 2967 1793 3012 207),
1813 2965 1914 3001 inter
1933 2958 1948 3004 ,’
1991 2999 2004 3019 .-

286 3034 533 3063 monumenta
562 3027 636 3063 3,ae
667 3027 981 3074 congregationis
1010 3026 1219 3073 generalis.
1252 3025 1351 3061 Vide
1388 3025 1660 3062 annotationes
1689 3024 1738 3060 ad
1767 3024 1914 3060 calcem
1977 3019 2008 3041 ‘³'

284 3087 397 3132 liujus
416 3087 550 3133 scripti
569 3087 731 3134 positas.
