2028 3426
684 239 1098 274 SUPPLEMENTUM-2
1103 246 1122 281 5
1605 235 1670 279 841

93 355 145 384 ac
162 340 467 396 suscipienda,
489 341 613 395 quod
632 340 646 396 l
675 340 844 382 vtinam
869 347 959 381 tam
979 339 1106 381 fieret
1129 339 1184 380 ab
1208 337 1418 380 omnibus
1443 339 1718 392 frequenter,

89 433 223 473 quam
252 425 320 460 est
357 418 639 473 exploratum
679 416 904 458 rarissime
937 414 1187 467 obseruari;
1219 414 1329 457 satis
1366 414 1486 456 enim
1525 414 1718 456 habetur

91 495 245 550 vulgo,
260 501 324 546 vt,
341 493 376 536 si
396 508 512 548 quae
529 493 761 549 eliguntur
779 492 925 534 media
943 493 998 534 ad
1011 492 1146 535 finem
1159 492 1327 534 ducere
1342 490 1516 545 possint
1533 504 1718 544 quoquo

90 577 238 626 pacto,
265 578 313 612 vt
341 571 378 613 si
404 570 551 613 obiter
574 571 630 613 de
653 570 743 612 fine
771 576 935 624 agatur
958 575 1025 618 ,mk
1049 579 1095 616 ῶς
1129 574 1161 607 ἐν
1180 572 1354 619 παρέργῳ)
1378 566 1587 622 primaria
1611 580 1721 608 vero

55 641 62 646 ¹
90 661 199 689 cura
222 648 278 689 ad
302 646 448 690 media
471 646 728 698 adhibetur,
756 645 884 701 quasi
907 647 963 688 ad
986 645 1097 686 illud
1120 645 1338 694 alludant,
1365 644 1486 698 quod
1507 643 1640 685 etiam
1666 644 1722 684 ab

89 723 283 766 ethnicis
306 723 535 766 irridetur:

183 801 250 843 «O
274 799 416 852 ciues,
443 799 586 851 ciues,
614 801 873 854 quaerenda
895 799 1088 855 pecunia
1113 797 1303 853 primum
1323 804 1408 848 est,

179 877 336 920 Virtus
358 884 461 932 post
485 891 696 918 nummos
726 878 780 918 ’.υ

182 953 380 996 Primum
415 968 527 995 vxor
560 953 757 1006 ducitur,
784 953 1077 1008 magistratus
1100 951 1340 1007 expetitur,
1366 949 1721 993 ecclesiasticum

91 1030 362 1073 beneficium
402 1045 454 1073 ac
485 1030 618 1073 etiam
658 1030 961 1086 episcopatus,
993 1028 1029 1071 si
1074 1030 1190 1084 Xpo.
1230 1029 1389 1082 placet,
1427 1027 1637 1078 ambitur,
1675 1034 1723 1067 vt

92 1108 202 1150 haec
225 1114 462 1162 postquam
488 1107 549 1149 sis
573 1114 824 1158 assecutus,
853 1107 907 1150 191
927 1113 969 1147 te
989 1105 1147 1148 iuuent
1163 1106 1217 1147 ad
1238 1105 1580 1160 promerendam
1599 1119 1719 1146 sem-

91 1183 311 1239 piternam
337 1184 614 1226 felicitatem.

180 1261 254 1303 Ad
278 1261 497 1316 regulam,
525 1261 580 1303 ad
603 1260 816 1303 amussim
841 1266 1073 1315 praeterea
1091 1258 1276 1314 spiritus
1294 1272 1345 1300 ac
1363 1257 1567 1301 veritatis
1585 1265 1720 1312 atque

90 1336 400 1379 institutorum
440 1338 722 1380 orthodoxae
754 1336 907 1380 matris
941 1336 1159 1379 ecclesiae
1195 1334 1439 1378 electiones
1476 1333 1721 1376 examinari

92 1413 314 1456 iubemus:
342 1428 462 1466 eum,
488 1413 565 1468 qui
588 1413 716 1468 eligit
745 1414 866 1468 quod
903 1414 959 1455 ab
988 1411 1178 1455 ecclesia
1209 1426 1396 1453 romana
1426 1410 1482 1452 sit
1505 1410 1718 1460 alienum,

89 1491 307 1533 continuo
325 1491 638 1546 explodamus.
663 1490 711 1533 Si
729 1504 837 1533 vero
861 1490 982 1545 quod
1006 1503 1108 1531 curn
1132 1488 1352 1530 institutis
1370 1487 1586 1530 ecclesiae
1610 1501 1721 1528 con—

90 1574 195 1620 stat,
228 1567 418 1623 elegerit
447 1567 564 1621 quis,
592 1568 672 1609 sed
704 1574 852 1609 tamen
885 1565 1105 1609 eiusmodi
1128 1572 1197 1608 est
1219 1565 1293 1606 illa
1317 1564 1494 1614 electio,
1521 1578 1636 1618 quae
1669 1578 1724 1605 ex

92 1658 201 1687 vero
224 1643 408 1699 spiritus
432 1643 652 1686 instinctu
676 1658 766 1685 non
785 1642 1115 1698 proficiscatur,
1136 1641 1182 1683 in
1200 1641 1284 1692 his,
1306 1641 1342 1684 si
1360 1656 1414 1683 eo
1434 1655 1723 1696 progressum

92 1728 176 1772 est,
198 1721 322 1775 quod
344 1719 574 1762 immutari
593 1735 683 1762 non
702 1719 851 1772 liceat,
877 1727 925 1760 vt
943 1719 979 1761 si
1004 1719 1104 1774 quis
1126 1719 1264 1761 sacris
1288 1726 1355 1761 est
1380 1717 1614 1759 ordinibus
1637 1716 1741 1757 ini-.

97 1797 248 1849 tiatus,
279 1797 285 1855 Ι
315 1797 350 1840 si
373 1797 474 1851 quis
497 1810 680 1839 vxorem
700 1796 894 1848 duxerit,
922 1795 1349 1853 matrimoniumque
1379 1792 1722 1844 consummarit,

92 1874 351 1916 huiusmodi
374 1877 490 1918 bene
514 1888 694 1929 sperare
712 1873 937 1924 iubemus,
959 1873 1194 1915 hortamur
1212 1879 1276 1922 vt,
1298 1886 1414 1927 quae
1434 1870 1635 1912 fortassis
1664 1876 1726 1913 te-

94 1965 215 1994 mere
238 1958 374 2005 atque
398 1950 648 2007 improuide
672 1956 985 2005 susceperunt,
1012 1948 1236 2005 probitate
1260 1948 1378 1991 vitae
1411 1955 1548 2002 atque
1581 1946 1724 1989 actio-

97 2041 202 2069 num
228 2028 410 2070 solertia
433 2027 696 2070 annitantur
720 2026 950 2070 resarcire:
986 2041 1077 2068 non
1110 2027 1367 2069 defuturam
1398 2024 1484 2067 illis
1513 2024 1598 2068 Dei
1623 2038 1726 2079 gra-

94 2104 216 2156 tiam,
243 2119 331 2159 qua
354 2104 526 2160 possint
549 2111 732 2155 statum,
759 2103 835 2158 qui
859 2119 883 2146 a
902 2105 1018 2158 Xpo.
1042 2103 1257 2158 probatus
1275 2110 1359 2153 est,
1383 2101 1513 2152 tueri,
1536 2114 1589 2142 ac
1608 2100 1728 2141 illius

97 2187 240 2223 status
260 2188 500 2236 praecepta
519 2182 759 2233 seruando,
782 2181 837 2222 ad
860 2180 996 2222 vitam
1016 2179 1194 2235 ingredi
1213 2186 1457 2221 aeternam.
1479 2176 1557 2221 Sin
1578 2184 1728 2219 autem

96 2257 322 2313 integrum
349 2265 416 2300 est
439 2257 483 2299 id
507 2264 696 2308 mutare,
723 2258 843 2311 quod
868 2264 1035 2300 temere
1058 2255 1294 2311 elegerint,
1318 2262 1453 2308 atque
1476 2252 1728 2309 improvide

94 2335 162 2376 vel
187 2334 370 2376 omnino
397 2349 485 2376 non
510 2349 566 2377 ex
588 2333 687 2388 puri
707 2333 889 2389 spiritus
911 2334 1068 2385 ductu,
1091 2333 1162 2376 vel
1179 2346 1292 2387 puro
1311 2333 1476 2374 affectu
1496 2331 1550 2372 ad
1570 2330 1724 2380 finem3

95 2410 139 2451 id
178 2410 398 2453 maturius
437 2409 815 2453 considerandum
854 2417 988 2464 atque
1032 2408 1358 2451 consulendum
1405 2407 1475 2451 193
1517 2406 1726 2461 proponi-

97 2501 196 2529 mus
219 2496 251 2539 ³,
278 2486 491 2529 adhibitis
515 2485 886 2528 meditationibus
910 2487 979 2528 vel
1003 2486 1058 2527 ad
1083 2484 1414 2539 temperandos,
1453 2484 1524 2526 vel
1553 2483 1609 2523 ad
1632 2482 1730 2523 abi-

97 2565 270 2618 gendos
294 2578 461 2619 prauos
486 2564 675 2606 affectus
696 2572 741 2605 et
764 2564 820 2604 ad
842 2562 925 2605 rite
958 2570 1002 2606 et
1024 2562 1096 2617 pie
1120 2560 1378 2616 eligendum
1413 2559 1728 2603 accommoda-

97 2638 168 2681 tis.
196 2642 252 2682 Et
275 2642 359 2683 hoc
384 2640 566 2695 quidem
601 2639 894 2694 praecipuum
926 2646 994 2681 est
1032 2637 1319 2679 instructoris
1351 2636 1565 2686 officium,
1593 2649 1728 2690 quem

97 2730 327 2771 nunquam
356 2732 444 2759 non
468 2717 734 2759 adhibemus
757 2717 814 2758 ad
830 2715 1059 2766 exercitia,
1080 2723 1127 2756 vt
1144 2720 1527 2769 praemonstrator
1545 2712 1728 2765 quidam

97 2792 153 2834 sit
177 2806 231 2836 ac
255 2795 554 2849 paedagogus
578 2793 692 2844 eius,
720 2792 796 2846 qui
820 2799 1071 2835 exercetur.

167 2939 183 2955 a
232 2929 490 2964 Emendatum
512 2940 533 2963 a
554 2929 644 2964 Nat.
665 2939 713 2962 ex
735 2927 1022 2973 praecipimus.

173 3036 181 3054 ¹
235 3036 415 3070 HORATn
434 3035 638 3081 epistolae,
659 3033 726 3069 lib.
750 3034 780 3078 I,
801 3033 915 3079 epist.
938 3033 968 3076 l,
990 3044 1089 3067 vers.
1113 3030 1170 3076 53,
1191 3039 1248 3075 54.
