2028 3426
102 0 149 33 Ὗ,

79 43 89 58 ⁸¹.
118 54 122 57 .

6 0 57 177 ³*
78 153 85 183 ι

155 215 158 222 ,

10 179 37 205 ’ἦ

22 198 51 222 (ζ

609 295 884 330 MONUMENTA
910 294 1178 338 IrAmAE—17
1597 292 1662 327 163

24 393 37 455 l
83 396 457 444 constitutionum
481 405 623 452 parte,
651 396 724 440 uel
753 395 1009 446 statuimus,
1037 395 1109 437 uel
1127 401 1347 437 statutum
1372 393 1707 435 confirmamus.

8 487 12 490 '
43 493 47 496 ’
88 475 208 520 Nulli
227 490 252 518 e
269 474 434 516 nostris
452 474 698 516 succedere
715 479 864 528 potest
882 471 1092 515 morienti
1110 471 1184 514 uel
1201 471 1362 513 domus
1381 470 1453 513 uel
1471 470 1712 525 collegium

92 553 211 608 quod
237 558 389 593 tamen
413 550 458 592 in
477 549 700 605 plerisque
717 548 1017 604 religionibus
1036 547 1290 603 legitimum
1307 554 1376 589 est
1399 556 1444 590 et
1463 546 1710 601 usitatum).

81 627 218 690 (Nulli
238 626 544 683 praescribere
566 640 808 681 possumus
833 632 880 667 ut
902 626 1039 668 donet
1057 623 1272 668 Societati
1295 625 1412 666 bona
1430 638 1526 666 sua.
1549 625 1615 665 Ea
1640 639 1716 665 au-

85 713 172 749 tem
193 703 268 746 ubi
290 710 397 746 sunt
419 702 731 745 distribuenda
750 703 885 758 (quod
907 708 1010 744 ante
1035 715 1203 743 annum
1224 699 1479 756 praecipere
1499 714 1589 741 non
1607 713 1711 754 pos—

87 795 241 825 sumus
263 795 318 823 ex
340 779 566 831 instituto,
593 794 648 822 ex
670 778 896 821 constanti
918 777 1052 820 etiam
1077 792 1160 820 usu
1185 785 1290 819 ante
1319 775 1551 819 biennium
1581 791 1715 818 num-

86 872 217 914 quam
241 856 452 911 solemus)
477 855 717 899 Societatis
740 863 808 898 est
831 854 1152 910 praescribere,
1180 862 1245 906 ut,
1272 868 1388 908 quae
1411 853 1507 896 iure
1537 853 1623 896 sibi
1641 853 1696 895 de

24 964 28 965 ν
86 933 263 985 bentur,
284 948 337 977 ea
354 931 496 975 nostri
513 932 786 988 pauperibus
805 931 1092 982 distribuant,
1107 930 1276 973 Christi
1294 929 1532 973 consilium
1550 944 1713 985 sequu-

47 1024 49 1026 ’
89 1011 137 1063 ti;
157 1009 373 1053 rationem
405 1022 514 1051 uero
538 1016 836 1064 cognatorum
855 1008 928 1050 uel
947 1008 1148 1050 affinium
1165 1009 1334 1051 habere
1357 1007 1539 1062 quidem
1563 1022 1714 1063 posse,

40 1131 42 1133 ,
92 1088 169 1131 sed
192 1101 278 1142 qua
302 1099 522 1141 pauperes
543 1091 650 1127 sunt
672 1085 908 1148 duntaxat.
937 1084 1247 1139 Praecipimus
1265 1083 1406 1140 igitur
1417 1091 1467 1126 ut
1485 1099 1565 1126 sua
1588 1085 1713 1136 dent,

92 1163 469 1220 quemadmodum
493 1163 624 1204 docet
641 1161 867 1212 Christus,
889 1167 954 1214 ut,
976 1162 1095 1215 quod
1119 1160 1313 1203 consulit
1337 1162 1394 1203 ad
1417 1161 1538 1215 quod
1561 1162 1712 1227 horta3

93 1247 164 1283 tur
201 1242 368 1295 Xpus.‚
394 1239 439 1280 id
463 1254 509 1282 re
532 1245 830 1292 exequantur.
871 1237 994 1292 Quid
1023 1237 1164 1293 igitur
1192 1245 1352 1293 petunt
1380 1238 1474 1280 isti?
1497 1238 1604 1292 quid
1633 1238 1717 1280 sibi

95 1317 272 1360 uolunt?
295 1331 403 1358 num
431 1322 482 1358 ut
516 1316 796 1371 locupletum
820 1322 1120 1370 cognatorum
1151 1315 1314 1369 opibus
1337 1314 1479 1357 nostri
1507 1330 1605 1368 sua,
1631 1317 1718 1357 hoc

92 1402 159 1438 est
176 1408 440 1449 pauperum,
467 1393 555 1436 273
574 1394 693 1434 bona
711 1393 1018 1435 accumulent?
1037 1393 1101 1444 Id,
1122 1391 1252 1433 nobis
1270 1391 1582 1447 probantibus,
1603 1407 1716 1434 nun-

93 1485 225 1526 quam
247 1469 431 1521 tacient,
462 1469 547 1511 nisi
586 1468 788 1511 fortassis
816 1476 999 1524 propter
1038 1469 1300 1511 scandalum
1328 1468 1610 1520 euitandum,
1645 1470 1718 1512 uel

57 1587 60 1590 ,
95 1547 376 1590 uexationem
415 1546 720 1590 redimendam
759 1545 1109 1601 permittendum
1148 1545 1192 1587 id
1230 1546 1303 1589 uel
1340 1545 1601 1600 patiendum
1633 1545 1717 1587 ali-

83 1624 272 1680 quando
309 1637 612 1667 censeremus.
655 1622 798 1665 Cuius
820 1623 955 1665 etiam
980 1623 1043 1666 rei
1066 1622 1113 1664 in
1151 1623 1473 1665 constitutione
1506 1624 1718 1665 admone-

95 1710 207 1743 mur.
234 1699 588 1742 Disertissimum
608 1706 677 1743 est
695 1707 829 1754 atque
851 1699 1257 1755 praeclarissimum
1280 1700 1447 1742 Christi
1465 1699 1717 1748 consilium:

71 1786 73 1790 ⁴
101 1778 194 1820 «Da
211 1775 509 1832 pauperibus»
541 1778 568 1829 ¹3
594 1791 685 1818 non
702 1776 814 1818 dixit
832 1776 1054 1832 cognatis,
1071 1791 1159 1818 non
1178 1776 1411 1819 diuitibus.
1434 1778 1594 1831 Neque
1613 1791 1720 1819 uero

99 1852 256 1896 mirum
279 1859 347 1896 est
372 1859 420 1894 ut
439 1853 604 1894 mundo
628 1853 775 1895 doleat
799 1853 1034 1909 (siquidem
1053 1868 1156 1895 caro
1179 1854 1260 1908 est)
1285 1868 1404 1904 eum,
1432 1853 1507 1908 qui
1526 1856 1644 1909 Xpo.
1671 1868 1733 1901 se
1797 1885 1801 1888 -

50 1919 59 1926 ⁴
101 1929 278 1972 tradidit
300 1930 345 1971 in
368 1929 653 1981 sacrificium,
684 1929 747 1971 illi
780 1944 975 1984 quoque,
1008 1929 1052 1971 id
1075 1937 1143 1972 est
1172 1930 1462 1985 pauperibus,
1491 1945 1572 1972 sua
1602 1932 1722 1972 bona

100 2007 271 2051 offerre.
295 2007 454 2061 Neque
475 2006 519 2048 id
541 2006 793 2062 intelligere
816 2014 964 2062 potest
987 2008 1199 2058 mundus,
1226 1995 1326 2048 ideo
1351 2008 1471 2061 quod
1490 2007 1722 2062 spirituale

103 2083 212 2126 haec
235 2083 548 2127 examinentur
570 2098 660 2126 non
684 2084 960 2127 seculariter.
990 2085 1267 2139 Comparent
1289 2098 1389 2127 sese
1412 2084 1485 2126 isti
1514 2085 1569 2126 ad
1592 2084 1723 2139 spiri-

20 2172 29 2195 21
75 2187 77 2192 π
103 2167 195 2202 tum
216 2159 301 2203 Dei
323 2166 368 2203 et
390 2160 713 2215 perfectionem
731 2160 1043 2216 euangelicam
1074 2160 1415 2216 intelligendam
1445 2174 1498 2202 ac
1529 2162 1724 2216 proban-

28 2231 31 2244 '
66 2220 70 2224 ⁴
104 2237 218 2290 dam3
244 2251 344 2289 nae,
370 2236 496 2279 aliter
525 2237 582 2280 de
608 2238 692 2279 hac
721 2237 1040 2280 distributione
1070 2244 1114 2280 et
1152 2236 1350 2280 sentient
1387 2244 1432 2279 et
1461 2238 1720 2291 loquentur.

31 2337 33 2346 ·
83 2313 172 2355 ·De
194 2320 286 2355 tota
309 2313 442 2356 etiam
465 2313 658 2355 instituti
681 2313 821 2356 nostri
844 2314 1017 2357 ratione
1040 2313 1169 2357 aliter
1191 2313 1472 2356 iudicabunt.

176 2393 422 2431 obiectio·
485 2390 554 2432 De
578 2389 830 2433 retentione
853 2390 1193 2434 beneficiorum<

98 2523 99 2527 Ἰ
177 2472 481 2520 Responsio.
545 2466 667 2521 Quid
691 2466 853 2508 mirum
886 2466 923 2509 si
947 2467 1143 2510 retinent
1172 2467 1314 2510 nostri
1341 2468 1562 2511 beneficia
1600 2475 1718 2510 ante-

37 2549 40 2586 2
75 2536 83 2541 ⁴
110 2554 240 2596 quam
262 2542 351 2586 sint
374 2558 429 2587 ex
457 2543 664 2585 instituto
692 2545 811 2586 bona
843 2558 923 2586 sua
941 2529 1245 2586 distributuri?
1269 2545 1406 2599 Quod
1430 2544 1508 2587 ubi
1537 2545 1726 2595 faciunt,

110 2615 155 2660 in
176 2633 334 2662 manus
370 2619 594 2662 collatoris
626 2619 699 2662 illa
722 2619 955 2676 resignant
988 2620 1225 2673 beneficia,
1261 2622 1350 2674 uel,
1376 2621 1413 2663 si
1446 2621 1492 2663 in
1526 2622 1728 2664 fauorem

111 2693 297 2738 alicuius
319 2696 550 2752 resignare
586 2695 774 2751 possint,
801 2711 904 2738 eum
938 2698 1180 2740 conferunt
1208 2698 1413 2741 fauorem
1443 2697 1488 2739 in
1513 2712 1628 2752 opus
1651 2697 1731 2739 ali-

42 2755 45 2807 i
91 2770 231 2825 'quod
251 2771 390 2826 pium,
417 2773 488 2815 uel
511 2773 557 2814 in
583 2772 702 2815 uiros
724 2773 903 2828 dignos,
928 2773 1092 2828 quibus
1116 2781 1238 2816 arma
1260 2788 1359 2817 esse
1383 2768 1640 2829 possint‘ad
1663 2773 1726 2814 di-

0 2867 4 2893 1
42 2842 47 2856 4
115 2845 266 2890 uinum
279 2848 570 2903 obsequium.
590 2850 655 2891 Ita
672 2849 790 2892 enim
809 2837 1073 2892 constitut-io
1100 2851 1106 2906 Ι
1134 2850 1275 2894 iubet.
1299 2852 1426 2894 Haec
1445 2865 1546 2892 cum
1565 2850 1626 2891 ita
1645 2849 1734 2891 sint

114 2928 160 2964 et
181 2937 278 2967 esse
300 2925 508 2977 debeant,
535 2940 624 2968 non
649 2925 843 2969 retinent
862 2935 1011 2970 tamen
1031 2926 1171 2968 nostri
1189 2926 1411 2970 beneficia
1440 2934 1609 2978 curata,
1636 2927 1731 2977 sed,

130 3118 132 3121 ,
189 3086 197 3106 ·
250 3089 558 3136 MATTH.‚X1X‚
578 3099 636 3126 21.
