2028 3426
683 223 1111 260 INSTRucrioNEs—61
1594 230 1661 266 495

32 347 33 352 ¹
88 326 136 369 in
159 326 335 379 studiis,
361 325 611 369 doctrinam
643 325 931 368 christianam
953 325 1145 368 doceant
1176 335 1254 378 per
1271 321 1545 378 parrochias,
1571 322 1708 378 petita

87 404 145 445 ad
167 404 253 445 hoc
277 403 489 446 facultate
511 417 537 444 a
553 401 777 458 parochis.

175 479 223 523 Si
246 480 302 522 ad
325 478 683 522 aedificationem
721 478 936 522 maiorem
958 476 1055 521 fieri
1083 482 1250 532 posset,
1287 482 1439 518 essent
1467 475 1595 530 pueri
1625 477 1706 517 do—

86 555 221 599 cendi
243 556 494 598 doctrinam
517 560 597 601 372
621 554 924 606 christianam,
950 553 1125 595 rithmis
1147 551 1455 607 compositam,
1483 553 1704 603 canendo,

85 646 139 674 ac
163 631 224 674 ita
245 647 325 688 per
346 633 460 675 duos
483 646 645 688 pueros
667 631 839 673 institui
862 631 917 673 ad
939 632 1061 673 hunc
1083 636 1282 680 cantum,
1304 635 1349 671 et
1366 643 1447 683 per
1464 628 1635 683 plateas
1655 642 1705 670 ac

47 727 51 731 ·
86 708 211 751 vicos
234 709 338 764 cogi
367 716 412 753 et
442 708 684 751 conuocari
707 708 989 763 campanula,
1014 704 1335 762 praeeuntibus
1364 711 1409 747 et
1439 704 1706 747 canentibus

81 784 335 828 doctrinam
358 785 444 828 illis
466 786 643 828 duobus
666 784 815 841 pueris
838 785 894 826 ad
915 786 1001 826 hoc
1024 781 1269 833 instructis,
1305 782 1613 836 subsequente
1635 780 1705 822 in-

84 861 295 905 stitutore
318 861 565 913 doctrinae,
591 876 642 904 ac
666 861 730 904 sic
757 846 862 903 duci
884 861 941 903 ad
965 860 1180 915 templum
1209 865 1429 909 nostrum,
1464 864 1511 899 vt
1540 857 1585 899 in
1609 857 1706 912 qui-

84 938 273 981 busdam
298 938 543 994 prouinciis
565 938 662 981 fieri
684 937 936 980 consueuit.

166 1073 228 1102 DE
267 1070 636 1101 SPIRITUALIBUS
677 1069 992 1107 MINISTERIIS,
1033 1068 1161 1106 QUAE
1200 1068 1357 1097 EXTRA
1396 1067 1626 1096 TEMPLUM

538 1147 768 1177 NOSTRUM
798 1145 1046 1175 EXERCENT
1074 1144 1247 1174 NOSTRI

172 1248 251 1289 Est
273 1246 391 1288 inter
418 1245 664 1301 spiritualia
701 1243 914 1287 exercitia
942 1243 1006 1285 ire
1035 1243 1091 1285 ad
1120 1240 1366 1285 audiendas
1395 1241 1703 1284 confessiones

86 1329 389 1378 aegrotorum,
415 1321 452 1364 si
473 1328 692 1364 vocentur
720 1320 875 1363 nostri.

171 1400 307 1443 Ferre
330 1413 460 1454 opem
483 1397 777 1449 moribundis,
803 1396 840 1439 si
861 1403 1095 1439 vocentur.

171 1476 285 1518 Cum
309 1490 418 1519 vero
447 1476 503 1517 ad
525 1476 639 1518 haec
661 1473 907 1517 ministeria
928 1472 1228 1528 proficiscitur
1250 1472 1366 1527 quis,
1393 1486 1546 1515 secum
1568 1473 1704 1514 ducat

81 1567 217 1595 vnum
242 1566 297 1610 ex
319 1551 574 1594 domesticis
597 1550 826 1603 fratribus,
851 1556 895 1592 et
924 1549 970 1592 in
992 1549 1157 1601 eundo,
1189 1549 1314 1592 illum
1343 1548 1494 1602 etiam,
1522 1548 1598 1603 qui
1620 1562 1699 1590 vo—

80 1635 234 1671 catum
257 1643 359 1672 eum
382 1627 630 1671 aduenerit.

167 1706 328 1748 Danda
351 1705 483 1760 plena
505 1703 718 1748 exercitia
740 1702 987 1759 spiritualia
1008 1702 1078 1755 iis,
1104 1702 1180 1757 qui
1202 1716 1301 1746 sese
1319 1701 1531 1758 colligere
1554 1716 1605 1744 ac
1627 1716 1698 1744 se·
1762 1749 1766 1752 ,

81 1796 275 1838 gregare
297 1781 480 1824 omnino
504 1786 691 1836 possunt
720 1787 764 1823 et
792 1780 966 1831 volunt,
1000 1786 1045 1823 et
1067 1793 1203 1835 agere
1232 1779 1289 1822 de
1316 1778 1628 1831 electionibus,
1655 1786 1700 1821 et

9 1916 11 1919 7
80 1858 327 1902 mutatione
354 1864 514 1900 status.
540 1855 799 1902 3731nduci
823 1855 955 1899 etiam
984 1856 1040 1898 ad
1069 1855 1113 1897 id
1141 1845 1330 1912 possunt
1362 1855 1434 1897 vel
1464 1855 1597 1899 etiam
1621 1856 1700 1897 de-

16 1962 19 1964 -
78 1936 201 1987 bent3
228 1942 272 1978 et
293 1936 339 1976 hi
363 1934 541 1989 quidem
566 1933 804 1977 exercendi
827 1941 932 1975 sunt
954 1931 1170 1974 districte:
1196 1932 1293 1975 aliis
1316 1946 1407 1974 non
1432 1938 1521 1974 tam
1545 1931 1695 1974 distri-

80 2019 152 2055 cte
174 2018 280 2053 sunt
302 2011 535 2054 tradenda.
562 2011 731 2053 Verum
754 2009 800 2051 in
823 2009 896 2052 his
926 2008 1134 2051 omnibus
1164 2009 1474 2052 obseruandae
1503 2016 1610 2051 sunt
1631 2009 1697 2050 vl-

81 2088 214 2131 timae
236 2102 389 2131 earum
417 2087 778 2138 annotationum,
804 2101 919 2141 quae
947 2085 1073 2129 initio
1102 2085 1416 2129 exercitiorum
1447 2092 1696 2141 ponuntur.

166 2165 240 2207 Acl
269 2165 415 2207 danda
453 2163 665 2208 exercitia
702 2171 1024 2219 praeparentur
1060 2169 1105 2206 et
1128 2162 1393 2218 seligantur,
1429 2162 1506 2217 qui
1536 2163 1592 2204 ad
1614 2164 1698 2204 hoc

80 2241 297 2284 talentum
326 2240 608 2296 acceperint,
638 2247 683 2283 et
720 2239 796 2294 qui
823 2239 1067 2295 praecipue
1095 2246 1201 2282 sunt
1231 2238 1286 2281 ad
1316 2237 1566 2281 orationem
1590 2252 1671 2293 pro

80 2317 232 2360 cliues.
987 2372 999 2380 ,

166 2394 238 2436 Ad
261 2408 463 2437 carceres
492 2399 619 2437 eatur
647 2391 839 2448 singulis
868 2391 1101 2434 dominicis
1123 2391 1298 2443 diebus,
1332 2399 1377 2435 et
1407 2391 1463 2432 ad
1496 2405 1588 2441 eos,
1622 2391 1697 2444 qui

79 2470 122 2512 in
146 2485 325 2513 carcere
346 2469 620 2522 detinentur,
640 2468 760 2511 Vtilis
783 2469 931 2523 aliqua
953 2468 1204 2512 exhortatio
1221 2468 1440 2510 habeatur
1458 2466 1564 2522 ipsis
1587 2480 1696 2508 con-

81 2546 282 2599 ueniens,
308 2555 353 2588 et
374 2544 613 2601 praecipue
635 2546 691 2589 ad
714 2545 1042 2588 confessionem
1064 2544 1163 2587 illos
1185 2543 1365 2595 excitet,
1392 2550 1437 2585 et
1460 2542 1496 2584 si
1520 2542 1593 2597 pia
1617 2541 1694 2583 ali-

16 2640 17 2643 *
76 2636 166 2677 qua
187 2622 428 2665 subuentio
449 2621 678 2677 procurari
701 2621 786 2663 illis
807 2620 962 2676 possit,
983 2636 1040 2664 ne
1063 2620 1310 2663 omittatur.
1334 2620 1459 2661 Haec
1478 2618 1693 2673 praestari

78 2714 154 2754 per
177 2699 336 2741 fratres
358 2704 584 2754 poterunt;
611 2699 690 2742 sed
721 2705 815 2740 tum
855 2703 987 2742 erunt
1025 2695 1246 2747 mittendi,
1287 2695 1362 2749 qui
1387 2693 1694 2736 confessiones

25 2809 28 2812 .
76 2774 260 2817 audiant
289 2777 462 2818 Patres.

166 2852 334 2895 Eodem
367 2851 499 2894 modo
530 2851 586 2894 ad
614 2851 859 2907 hospitales
896 2851 1052 2892 domos
1080 2849 1151 2891 vel
1180 2845 1458 2891 xenodochia
1495 2846 1693 2887 eundum

74 2927 174 2979 erit,
201 2927 258 2969 ad
280 2926 525 2970 visitandos
547 2934 592 2971 et
614 2927 912 2969 consolandos
935 2932 1144 2980 aegrotos
1167 2931 1211 2966 et
1235 2921 1475 2964 iuuandos.

165 3002 295 3045 Alius
314 3003 486 3046 fructus
503 3010 571 3046 est
594 3003 747 3058 magni
771 3001 985 3045 momenti
1007 3007 1052 3043 et
1075 3012 1240 3054 magno
1259 2997 1423 3048 studio,
1448 3010 1571 3048 cura,
1592 2996 1693 3038 dili-
