2028 3426
347 244 416 292 398
819 246 973 281 PATms
1000 246 1243 282 Hnmounn
1267 246 1420 282 NADAL

302 348 489 402 reuerti,
514 355 558 393 et
581 348 642 391 ita
664 355 842 392 secreto
864 346 1119 390 dimittatur
1141 361 1167 390 a
1188 347 1436 392 Societate.
1462 348 1512 393 Si
1534 349 1675 393 nollet
1706 349 1846 404 abire,
1872 350 1935 394 illi

296 424 535 480 grauiores
557 433 708 468 essent
732 425 786 468 79
810 423 1094 467 obedientiae
1116 424 1188 467 vel
1210 424 1518 480 experientiae
1540 425 1864 483 iniungendae,
1889 436 1935 472 et

301 515 414 556 quas
442 509 562 546 esset
591 501 868 552 coniectura,
901 499 1048 555 ipsum
1078 514 1171 542 non
1201 515 1302 544 esse
1333 502 1637 558 expleturum.
1680 503 1790 547 Inde
1828 518 1935 548 vero

296 593 437 622 causa
459 578 654 622 exterior
678 577 959 632 acciperetur
982 575 1107 618 illum
1131 576 1405 631 dimittendi,
1438 579 1510 621 vel
1538 586 1693 634 posset
1724 594 1796 623 res
1824 581 1934 638 legi-

302 655 409 698 time
437 655 531 714 fieri
563 655 819 705 manifesta3
853 654 978 708 quod
1006 652 1069 695 illi
1097 660 1217 697 esset
1240 654 1611 710 praedicendum,
1644 655 1730 700 nisi
1759 665 1937 702 secreto

298 733 435 776 vellet
473 732 612 782 abire,
655 745 747 774 rem
787 744 887 773 esse
925 730 1270 785 propalandam,
1311 740 1359 773 vt
1396 731 1600 788 legitime
1637 718 1693 777 ex
1729 732 1934 779 doctrina
1966 737 1972 740 ’

297 809 527 865 euangelii
551 817 594 851 et
617 822 670 849 ex
695 815 849 849 nostro
878 806 1086 849 instituto
1109 821 1369 862 possumus.
1395 809 1478 851 Vel
1501 809 1685 852 omnino
1713 812 1933 855 Vtendum

300 886 507 929 libertate
530 893 697 927 nostra.
721 885 824 926 Non
849 883 968 928 enim
993 897 1232 928 necessum
1254 892 1339 937 est,
1362 892 1409 927 vt
1427 899 1612 928 causam
1637 886 1930 943 explicemus,

299 977 402 1005 cum
427 963 621 1018 aliquem
647 961 931 1014 dimittimus3
958 962 1038 1004 sed
1060 969 1129 1004 sat
1152 970 1219 1005 est
1243 969 1453 1007 constare
1475 964 1531 1008 de
1560 964 1797 1009 voluntate
1817 964 1927 1020 legi·-

301 1039 406 1082 tima
445 1038 705 1094 superioris3
746 1037 1011 1094 praesertim
1051 1051 1154 1080 cum
1193 1038 1356 1082 dimitti
1389 1039 1550 1095 aliquis
1586 1040 1729 1096 possit
1761 1041 1933 1097 absque

300 1116 449 1170 aliqua
489 1116 620 1171 culpa
657 1130 739 1157 sua
768 1122 813 1158 et
842 1122 1025 1170 propter
1053 1115 1258 1158 defectus
1289 1123 1464 1159 tantum
1503 1117 1730 1160 naturales
1758 1118 1830 1162 vel
1861 1118 1932 1160 in-

296 1192 631 1236 sufficientiam.
667 1192 715 1236 Si
754 1206 861 1234 vero
892 1199 1066 1234 tantum
1096 1192 1266 1235 sciatur
1294 1202 1532 1249 peccatum
1561 1193 1660 1238 eius
1692 1195 1763 1239 vel
1795 1209 1931 1238 causa

296 1271 381 1312 sub
412 1270 507 1312 solo
537 1269 687 1325 sigillo
716 1269 1014 1313 confessionis
1043 1284 1068 1312 a
1105 1269 1353 1326 superiore,
1390 1270 1467 1326 qui
1499 1272 1637 1315 habet
1671 1272 1929 1317 facultatem

292 1346 567 1398 dimittendi,
594 1361 777 1390 causam
802 1346 982 1402 quidem
1008 1347 1079 1389 vel
1100 1354 1337 1403 peccatum
1367 1347 1656 1392 manifestare
1686 1363 1777 1392 non
1801 1357 1930 1406 pote—

296 1423 368 1475 rit,
396 1438 479 1468 nec
502 1425 557 1467 de
579 1439 633 1467 eo
663 1425 916 1476 consulere,
951 1424 988 1467 si
1022 1431 1198 1466 tantum
1232 1424 1276 1467 in
1309 1425 1596 1469 confessione
1628 1425 1814 1479 sciatur3
1850 1427 1930 1470 sed

295 1501 461 1557 poterit
484 1501 559 1543 vbi
582 1501 667 1544 alia
690 1516 843 1553 causa,
871 1516 1006 1557 quam
1028 1501 1086 1546 80
1113 1501 1227 1545 sciat
1254 1509 1382 1546 extra
1410 1502 1762 1546 confessionem.
1796 1505 1930 1559 Quae

294 1578 332 1621 si
355 1593 446 1621 non
469 1587 679 1621 occurrat
708 1578 947 1631 eiusmodi,
979 1593 1095 1634 quae
1124 1579 1266 1635 possit
1293 1594 1394 1623 esse
1421 1580 1655 1624 sufficiens
1684 1581 1742 1623 ad
1772 1580 1928 1624 dimis-

293 1655 484 1707 sionem,
511 1654 570 1697 ibi
594 1663 747 1699 essent
776 1656 1039 1700 occasiones
1069 1671 1203 1701 verae
1232 1656 1414 1712 quidem
1446 1671 1501 1700 ex
1531 1656 1740 1701 instituto
1772 1658 1928 1701 obser--

296 1734 471 1776 nandae
494 1741 631 1788 atque
654 1732 960 1789 accipiendae,
987 1735 1107 1778 vnde
1130 1741 1285 1790 posset
1313 1733 1584 1778 obedientiis
1612 1734 1831 1787 exerceri,
1858 1737 1931 1779 vel

290 1809 583 1865 experientiis
607 1810 866 1862 Societatis,
893 1824 1009 1866 quae
1033 1811 1236 1854 fortassis
1253 1825 1343 1854 non
1363 1818 1483 1855 esset
1499 1811 1786 1868 impleturus,
1809 1812 1930 1855 vnde

290 1887 471 1929 occasio
488 1887 604 1930 sumi
623 1887 762 1942 possit
778 1887 904 1930 illum
927 1887 1200 1940 dimittendi,
1226 1889 1296 1931 vel
1320 1889 1586 1931 consulatur
1602 1887 1664 1930 illi
1683 1888 1930 1932 efficaciter

290 1964 336 2006 in
354 1964 654 2016 confessione,
677 1974 724 2006 vt
747 1972 870 2020 petat
893 1965 1123 2009 licentiam
1142 1965 1422 2018 discedendi,
1444 1965 1708 2022 praesertim
1732 1965 1770 2008 si
1789 1979 1928 2009 causa
1976 1980 1979 1986 ·

296 2048 574 2096 perseueret.
602 2041 829 2084 Indicetur
854 2042 989 2086 etiam
1013 2042 1059 2084 in
1081 2042 1404 2086 detrimentum
1434 2042 1675 2087 Societatis
1702 2043 1828 2085 illum
1857 2058 1928 2087 re·

295 2117 449 2170 tineri,
481 2118 517 2160 si
546 2133 602 2161 ex
631 2132 919 2174 quocumque
948 2134 1118 2176 genere
1146 2133 1174 2174 4
1201 2134 1458 2173 causarum,
1485 2134 1598 2176 quas
1625 2119 1785 2162 statuit
1813 2134 1928 2163 con-

249 2243 253 2248 ,
293 2195 484 2246 stitutio,
511 2195 685 2237 accidat
710 2196 958 2239 necessitas
980 2196 1104 2239 illum
1128 2196 1398 2240 dimittendi.
1421 2197 1558 2252 Quod
1580 2196 1617 2240 si
1640 2196 1751 2240 nolit
1780 2196 1927 2240 consi-

295 2273 366 2315 liis
389 2273 718 2327 obtemperare,
744 2272 805 2314 illi
829 2280 896 2316 est
920 2275 1255 2330 exponendum,
1281 2274 1326 2316 in
1345 2275 1461 2317 mala
1479 2274 1758 2317 conscientia
1780 2273 1925 2330 ipsum
1971 2272 1974 2278 ’

289 2364 408 2401 esse,
430 2348 466 2391 si
490 2349 600 2391 nolit
623 2349 760 2393 abire.
790 2351 926 2404 Quod
950 2350 985 2393 si
1009 2358 1130 2395 esset
1152 2359 1449 2407 compertum,
1477 2367 1533 2395 ne
1556 2351 1820 2394 absoluatur
1842 2365 1926 2393 nec

290 2426 500 2469 audiatur
518 2426 615 2468 eius
634 2427 878 2480 confessio;
901 2434 944 2470 et
962 2427 998 2470 si
1018 2427 1201 2470 omnino
1218 2435 1530 2484 perseueraret
1549 2442 1720 2471 sacram
1739 2427 1781 2471 81
1800 2441 1925 2470 com—

292 2503 555 2546 munionem
580 2518 759 2547 sumere
781 2504 953 2559 absque
976 2505 1259 2548 absolutione
1283 2506 1423 2562 (quod
1444 2519 1676 2560 nunquam
1695 2505 1774 2548 fiet
1791 2504 1923 2548 Chri-

292 2589 363 2623 sto
386 2579 611 2637 propitio),
640 2595 709 2623 res
733 2580 1054 2624 committenda
1076 2591 1144 2624 est
1166 2584 1280 2634 Deo,
1307 2582 1384 2638 qui
1405 2590 1474 2625 est
1496 2582 1778 2625 occultorum
1801 2581 1925 2623 solus
1983 2599 1992 2625 ·.

293 2657 443 2700 iudex.
480 2658 536 2699 Et
570 2665 718 2701 tamen
753 2658 875 2699 haud
903 2657 1040 2700 dubie
1069 2658 1238 2713 aliquid
1266 2659 1544 2715 designaret,
1575 2657 1652 2713 qui
1681 2665 1772 2702 tam
1804 2665 1925 2702 esset

292 2733 427 2789 impie
449 2733 719 2790 flagitiosus,
747 2735 864 2776 vnde
887 2734 1029 2790 accipi
1053 2749 1190 2778 causa
1213 2743 1364 2791 posset
1387 2735 1512 2777 illum
1546 2733 1817 2787 dimittendi,
1853 2734 1924 2778 vel
1971 2756 1973 2759 ·

294 2812 443 2853 forsan
465 2810 608 2866 accipi
632 2811 810 2853 occasio
833 2819 1000 2866 posset,
1027 2812 1148 2865 quod
1171 2812 1409 2856 confessus
1431 2827 1520 2854 non
1546 2811 1721 2856 fuisset.

380 2888 470 2930 Iam
495 2902 601 2931 vero
624 2887 660 2930 si
683 2902 820 2931 causa
841 2895 961 2932 esset
987 2896 1093 2932 nota
1122 2888 1337 2941 exterius,
1370 2889 1565 2945 primum
1588 2887 1771 2943 quidem
1795 2875 1934 2930 vide-⁹

295 2973 381 3015 tur,
423 2965 597 3007 nullum
636 2979 737 3008 esse
773 2964 820 3007 in
857 2964 1086 3009 Societate
1124 2965 1427 3017 retinendum,
1469 2965 1563 3020 qui,
1602 2973 1841 3021 postquam
1876 2963 1920 3006 in

290 3040 566 3084 Societatem
591 3041 814 3085 admissus
837 3048 920 3094 est,
947 3041 1103 3084 incidit
1125 3041 1169 3083 in
1194 3041 1376 3097 aliquod
1404 3049 1641 3098 peccatum
1673 3054 1833 3098 graue,
1864 3041 1923 3085 de
1982 3091 1986 3094 ,
