2028 3426
322 209 391 244 082
794 208 949 243 Pmms
976 207 1219 242 HfflRONYMi
1247 206 1397 241 NADAL

1052 338 1134 382 70

722 429 923 471 EXCER
931 429 1052 471 PTA
1101 429 1182 470 EX
1230 427 1462 472 CODICE

811 536 1043 571 «NATALIS
1074 536 1351 567 OPUSCULA»
1385 525 1393 544 ¹

367 619 468 677 Pau.
497 619 538 664 13
675 619 879 674 Legebat
897 617 1078 672 quidam
1096 619 1110 638 ²
1133 617 1420 673 scripturam,
1445 626 1490 661 et
1513 619 1658 661 solum
1681 632 1736 661 ex
1759 617 1911 660 consi-

275 697 509 741 deratione
530 695 742 739 historiae
765 695 914 738 alebat
937 696 1166 747 affectum,
1193 695 1303 737 nihil
1331 694 1641 751 disquirendo,
1673 695 1753 739 sed
1783 693 1910 750 quasi

278 774 531 830 praesentia
554 772 923 828 contemplando,
950 786 1065 827 quae
1088 771 1364 815 scribuntur.
1389 771 1508 815 Hinc
1533 773 1733 814 fructum
1757 771 1909 827 capie-

278 852 354 893 bat
373 852 632 905 frequenter
655 864 745 892 non
769 848 1013 901 modicum,
1034 848 1298 905 praesertim
1320 849 1396 892 vbi
1415 848 1647 892 Christum
1671 848 1911 892 facientem

277 927 507 977 miracula,
534 933 881 970 conuersantem
905 925 950 968 in
981 926 1126 977 terris,
1153 926 1561 982 contemplabatur.

366 1004 409 1048 Ι4
432 1004 521 1046 Hic
546 1004 707 1046 modus
744 1002 1105 1058 simplicissimus
1133 1010 1218 1057 est,
1251 1011 1299 1045 vt
1331 1003 1466 1047 etiam
1494 1017 1596 1046 cum
1629 1017 1719 1046 non
1748 1017 1910 1059 possu-

275 1096 376 1139 mus
394 1081 523 1124 facile
541 1080 776 1124 intellectu
794 1079 986 1136 operari,
998 1094 1049 1123 ac
1068 1080 1202 1123 etiam
1221 1078 1266 1123 in
1284 1080 1503 1136 corporali
1522 1079 1786 1124 infirmitate
1803 1093 1913 1135 pos-

276 1158 334 1200 sit
357 1158 594 1201 commode
616 1157 838 1213 vsurpari.

364 1234 506 1290 Quasi
528 1249 739 1290 sponsam
769 1233 1106 1277 dilectissimam
1136 1242 1272 1290 atque
1300 1233 1635 1286 suauissimam,
1669 1233 1908 1276 candidam

276 1321 320 1356 et
342 1313 690 1363 immaculatam,
718 1311 760 1353 in
795 1326 884 1366 qua
912 1310 995 1354 sibi
1034 1311 1323 1367 complacuit,
1363 1311 1503 1367 elegit
1543 1313 1668 1354 Deus
1701 1318 1907 1353 naturam

277 1392 538 1441 humanam,
564 1389 638 1431 cui
661 1388 880 1432 vniretur.
907 1389 973 1431 Ita
990 1388 1215 1432 sentiebat
1232 1388 1432 1443 quidam.

368 1466 577 1509 Christus
600 1466 645 1508 in
683 1466 810 1508 coelo
838 1473 924 1518 est,
949 1480 975 1508 a
1012 1479 1103 1520 quo
1140 1465 1342 1521 potentia
1379 1465 1555 1507 infinita
1577 1464 1798 1521 procedit,
1825 1479 1913 1519 qua

274 1544 450 1588 coelum
480 1551 738 1597 terramque
767 1543 1041 1595 moderatur,
1074 1542 1202 1597 quasi
1233 1542 1386 1586 videas
1414 1557 1551 1597 opera
1581 1541 1834 1584 diuinitatis
1857 1543 1914 1584 ab

276 1621 362 1664 illis
384 1620 608 1674 manibus,
644 1621 700 1662 ab
724 1619 798 1662 illo
827 1634 921 1673 ore,
954 1621 1010 1662 ab
1034 1620 1109 1662 illo
1137 1634 1324 1675 corpore
1352 1633 1579 1662 emanare:
1606 1619 1760 1663 videas
1782 1633 1913 1674 prae-

277 1706 397 1742 terea
419 1698 464 1740 in
487 1697 692 1740 claritate
716 1697 799 1741 Dei
821 1696 1152 1740 circumstantes
1186 1704 1367 1739 sanctos
1391 1697 1435 1740 in
1465 1695 1750 1739 diuinitatem
1785 1695 1912 1751 quasi

278 1776 680 1818 transformatos...

365 1852 558 1895 Claritas
589 1865 758 1907 magna
789 1858 934 1894 status
963 1851 1032 1894 sui
1061 1851 1165 1893 data
1193 1859 1260 1895 est
1294 1850 1472 1894 cuidam
1505 1850 1594 1906 (qui
1623 1858 1772 1893 tamen
1802 1849 1914 1893 alio-

277 1929 384 1984 quin
409 1943 586 1984 semper
607 1930 755 1972 fuerat
789 1928 946 1970 firmus
974 1927 1017 1970 in
1049 1927 1208 1984 spiritu
1239 1927 1479 1972 Societatis
1508 1934 1609 1983 post
1631 1926 1845 1971 exercitia
1869 1935 1914 1969 et

276 2014 383 2048 vota
413 2005 644 2061 simplicia)
670 2005 714 2047 in
753 2004 908 2061 vigilia
947 2006 994 2049 S.
1039 2004 1271 2048 Benedicti
1309 2012 1354 2048 et
1392 2004 1585 2048 lectione
1630 2003 1713 2047 10.i
1750 2003 1910 2060 capitis

277 2084 433 2126 Matth.
459 2090 503 2125 et
527 2081 889 2126 consideratione
912 2081 1031 2125 vitae
1054 2088 1098 2125 et
1122 2088 1265 2124 status
1295 2082 1602 2137 apostolorum
1633 2088 1679 2123 et
1710 2079 1911 2136 discipu-

278 2161 440 2204 lorum.

364 2237 751 2292 Contemplandus
791 2237 869 2279 tibi
907 2237 1104 2279 mundus
1141 2243 1226 2289 est,
1258 2243 1305 2277 vt
1329 2235 1642 2279 aestimabitur
1665 2235 1710 2277 in
1734 2235 1912 2279 reuela-

278 2314 398 2356 1ione
420 2313 621 2357 veritatis
644 2322 687 2357 et
711 2313 877 2356 iudicio
901 2313 1118 2369 generali,
1146 2312 1220 2354 vbi
1249 2311 1524 2356 considerari
1555 2327 1646 2355 non
1676 2319 1908 2367 poterunt,

346 2486 353 2503 '
410 2487 465 2520 Ex
484 2487 711 2532 archetypo,
732 2486 880 2521 Natalis
902 2497 1016 2521 manu
1034 2485 1260 2532 frequenter
1286 2484 1507 2528 emendam,
1534 2484 1573 2520 in
1598 2484 1732 2520 codice
1752 2483 1913 2519 Natalis

277 2545 480 2590 opuscula,
501 2545 539 2580 in
562 2545 688 2592 Epist.
706 2546 753 2580 P.
775 2546 925 2586 Nadal,
948 2546 977 2590 I,
1006 2554 1136 2590 xxxn,
1167 2544 1378 2591 descripto.
1399 2544 1498 2580 Cum
1518 2544 1628 2579 locus
1647 2543 1686 2578 in
1712 2544 1785 2579 hoc
1804 2544 1909 2579 volu·

276 2604 378 2639 mine
397 2605 467 2640 toti
486 2604 611 2640 codici
646 2615 722 2639 non
748 2610 942 2651 suppetat,
975 2605 1115 2639 saltem
1146 2604 1273 2651 aliqua
1303 2605 1451 2639 selecta
1482 2603 1652 2650 proferre
1681 2614 1757 2638 non
1776 2603 1846 2638 abs
1872 2601 1912 2638 re
1938 2592 1945 2599 '

275 2664 354 2699 fore
370 2664 495 2699 visum
516 2669 588 2699 est.
611 2663 710 2699 Vide
729 2675 828 2710 quae
849 2664 886 2698 in
907 2664 983 2699 vol.
1005 2664 1033 2710 1,
1055 2672 1185 2708 xxxii,
1206 2671 1350 2708 xxxin,
1366 2668 1406 2698 et
1420 2663 1459 2698 in
1475 2662 1589 2708 hujus
1606 2661 1846 2708 praefatione
1862 2661 1911 2696 de

276 2725 346 2758 hoc
365 2723 497 2758 codice
516 2723 705 2758 diximus.
726 2723 880 2758 Titulus
900 2723 1012 2758 initio
1028 2723 1177 2769 positus
1203 2728 1263 2757 est
1283 2722 1518 2767 hujusmodi:
1551 2720 1762 2757 Orationis
1786 2721 1912 2757 obser-

279 2782 470 2820 nationes.
500 2782 669 2828 Paginae
692 2791 750 2826 1=5
777 2782 977 2817 continent
1002 2782 1087 2817 illas
1113 2782 1154 2817 S.
1188 2780 1328 2827 Ignatii
1354 2782 1589 2826 sententias,
1615 2792 1712 2828 quas
1736 2791 1864 2827 supra,
1891 2793 1912 2815 a

279 2853 369 2886 pag.
395 2841 478 2887 643,
499 2835 743 2887 protulimus,
763 2841 959 2876 nonnullis
978 2840 1210 2885 emendatis,
1229 2839 1314 2875 aliis
1333 2839 1556 2886 expunctis.
1582 2840 1748 2885 Paginas
1767 2839 1911 2875 codicis

279 2900 525 2946 nigrioribus,
549 2907 590 2936 ut
609 2901 719 2946 alias,
741 2900 913 2936 numeris
933 2905 1126 2935 notamus.

346 2964 358 2981 ²¹
412 2959 485 2995 Hic
505 2967 543 2995 et
562 2960 657 2996 alias
675 2960 723 2995 de
744 2959 873 3006 seipso
893 2960 931 2995 in
950 2959 1065 2995 tertia
1086 2970 1250 3005 persona
1277 2959 1444 3005 loquitur
1471 2959 1636 3003 Natalis3
1661 2958 1763 3006 quod
1789 2960 1910 2994 semel

277 3029 344 3063 pro
365 3030 520 3064 semper
541 3020 739 3055 monuisse
759 3018 939 3055 sufficiat.
