2028 3426
331 229 401 265 700
803 218 957 253 PATms
984 217 1228 253 Hit-:RONYm
1255 216 1405 252 NADAL

376 321 572 364 Imitatio
595 320 764 365 Christi
788 321 830 362 in
856 319 1100 370 Societate,
1127 326 1175 361 vt
1204 319 1249 361 in
1278 318 1534 362 abiectione
1558 317 1806 362 ministeria
1834 318 1918 360 im-

287 400 512 454 pleantur,
539 412 654 454 quae
677 397 824 453 magis
847 396 1006 439 iuuent
1036 395 1308 451 proximum,
1334 402 1379 438 et
1401 395 1447 438 in
1479 394 1587 451 ipsis
1615 394 1746 437 bonis
1771 395 1920 450 operi-

285 478 372 518 bus
394 483 756 526 contemnamur,
783 480 844 525 et,
871 472 907 515 si
930 472 1110 527 quidem
1142 471 1200 515 sit
1237 471 1334 515 sine
1372 471 1549 528 propria
1578 471 1920 527 imperfectione

286 554 360 596 vel
383 553 532 608 culpa,
558 551 730 607 plenior
754 549 960 592 imitatio.
987 549 1109 592 Hinc
1133 564 1222 610 non
1248 563 1380 605 posse
1411 548 1614 605 cogitare
1642 549 1698 591 de
1720 548 1920 604 dignita-

290 638 350 682 te,
376 643 460 672 nec
484 629 617 680 intra,
645 641 728 670 nec
751 634 895 670 extra.

376 708 425 750 In
449 706 520 749 die
544 704 824 749 ascensionis
845 703 1052 747 liberatio
1076 718 1101 746 a
1123 703 1426 760 passionibus,
1453 710 1497 747 et
1526 710 1732 759 apertum
1756 702 1921 745 ostium

289 785 344 827 ad
368 784 518 827 omnia
540 784 659 826 bona
689 796 768 837 per
793 780 1054 837 passionum
1093 780 1503 833 mortificationem,
1530 787 1576 824 et
1605 794 1755 824 rerum
1779 786 1922 823 terre-

288 876 446 904 narum
477 866 804 914 contemptum,
830 865 876 901 et
913 872 1076 914 purum
1109 871 1292 901 sensum
1332 857 1596 901 coelestium
1633 856 1680 899 in
1718 856 1918 908 Christo,

286 937 365 993 qui
389 937 621 993 captiuum
647 935 720 980 184
743 935 873 978 duxit
895 943 940 979 et
963 935 1163 978 continet
1186 934 1231 977 in
1255 935 1382 978 coelo
1405 949 1482 978 cor
1504 941 1725 977 nostrum.

341 1024 349 1031 ·
379 1016 445 1056 Ex
471 1013 634 1056 vnione
657 1012 806 1055 cordis
829 1011 1012 1055 Christo
1045 1011 1310 1056 ascendenti
1348 1019 1393 1056 et
1431 1011 1604 1055 sedenti
1637 1011 1682 1054 in
1711 1011 1838 1054 coelo
1866 1010 1922 1053 ad

287 1093 519 1135 dexteram
559 1091 660 1142 Dei,
694 1089 799 1134 fidei
829 1089 1113 1146 magnitudo,
1146 1097 1191 1132 et
1220 1089 1476 1145 praesentia
1506 1089 1591 1132 Dei
1620 1088 1666 1131 in
1695 1089 1921 1131 conforta-

289 1169 412 1211 tione
436 1167 771 1223 operationum,

379 1248 549 1301 Magna
571 1244 723 1287 cordis
746 1243 926 1287 claritas
949 1257 1001 1286 ac
1023 1243 1137 1287 fides
1158 1244 1203 1285 in
1222 1243 1388 1286 vnione
1407 1245 1463 1286 ad
1481 1243 1732 1295 Christum,
1753 1257 1921 1299 magna

289 1340 391 1380 spes
414 1321 683 1366 incrementi
706 1320 877 1377 gloriae
916 1320 1002 1364 Dei
1025 1320 1071 1362 in
1100 1319 1330 1364 Societate
1360 1328 1405 1363 et
1434 1320 1668 1373 ecclesiae,
1695 1319 1826 1375 quasi
1853 1319 1923 1361 vi-

286 1403 417 1444 deres
447 1400 503 1442 ad
541 1399 709 1442 bellum
739 1397 919 1454 prodire
956 1397 1043 1441 Dei
1071 1397 1286 1441 virtutem
1323 1412 1401 1454 per
1439 1399 1594 1441 orbem
1625 1411 1678 1440 ac
1714 1396 1923 1453 dissipari

289 1477 495 1520 inimicos
518 1476 631 1520 eius.
659 1475 728 1520 Sit
755 1478 882 1519 Deus
904 1474 1173 1519 benedictus
1191 1475 1236 1517 in
1259 1476 1452 1518 secula..
1475 1510 1482 1517 .

378 1557 548 1609 Magna
573 1553 825 1609 amplitudo
848 1552 994 1596 meriti
1024 1552 1069 1594 in
1096 1552 1369 1607 obedientia,
1396 1559 1444 1594 vt
1473 1552 1519 1594 in
1546 1551 1758 1594 omnibus
1786 1552 1924 1596 rebus

288 1631 423 1675 etiam
454 1630 838 1682 indifferentibus,
869 1630 1081 1674 meritum
1115 1629 1399 1673 obedientiae
1423 1630 1730 1679 desumamus;
1757 1642 1923 1684 magna

284 1708 536 1759 humilitas,
569 1715 617 1749 vt
645 1707 797 1750 omnia
835 1707 1019 1750 meliora
1057 1707 1312 1759 credamus,
1354 1714 1399 1751 et
1438 1707 1584 1750 media
1622 1707 1678 1749 ad
1711 1707 1919 1758 salutem,

286 1801 401 1841 quae
424 1800 517 1828 non
541 1783 632 1827 sint
655 1792 856 1840 peccata3
882 1799 1050 1841 magna
1075 1799 1231 1827 rursus
1249 1799 1304 1827 ex
1328 1785 1486 1830 eadem
1507 1784 1680 1827 ratione
1703 1782 1921 1827 obedien-

284 1863 372 1906 tiae
396 1862 623 1906 certitudo
656 1869 701 1904 et
728 1861 934 1918 dignatio
964 1861 1067 1916 Dei,
1099 1869 1144 1906 et
1175 1861 1303 1916 quasi
1334 1862 1618 1913 miraculum,
1646 1870 1694 1904 vt
1722 1859 1832 1904 velit
1856 1859 1922 1902 vti

288 1939 435 1984 medio
457 1939 548 1990 illo,
574 1946 619 1981 et
649 1938 784 1981 faciat
805 1953 919 1991 rem,
944 1953 1059 1994 quae
1088 1953 1178 1982 non
1209 1940 1346 1981 habet
1369 1954 1424 1982 ex
1460 1953 1508 1982 se
1533 1938 1657 1981 illurn
1681 1939 1918 1989 effectum,

286 2024 333 2058 vt
357 2016 482 2058 illum
507 2031 530 2057 a
555 2018 654 2058 Deo
673 2015 879 2071 accipiat.

370 2092 621 2135 Consilium
648 2092 795 2136 Patris
818 2092 982 2148 Ignatii
1005 2099 1074 2135 est
1097 2094 1401 2137 exercendum
1431 2094 1487 2136 ad
1517 2092 1755 2136 sanitatem
1788 2101 1919 2135 tuen-

283 2171 386 2212 dam
412 2170 731 2225 experimentis
754 2169 962 2213 facilibus
985 2178 1029 2212 et
1052 2170 1352 2221 naturalibus,
1379 2178 1508 2213 etc...

372 2246 605 2289 Gaudium
630 2254 674 2290 et
697 2247 773 2288 lux
797 2246 843 2288 in
872 2246 1067 2303 singulis
1089 2246 1269 2290 selectis
1298 2247 1458 2303 gratiis
1490 2249 1693 2299 Patrum,
1725 2261 1779 2290 ac
1810 2246 1920 2289 nihil

285 2323 331 2365 in
354 2322 441 2364 illis
464 2337 595 2378 posse
619 2322 860 2378 quicquam
880 2323 981 2366 mali
1007 2323 1309 2367 considerare.

372 2399 551 2442 Inuenit
570 2399 751 2454 quidam
769 2401 982 2455 angelum
998 2400 1237 2445 Societatis
1253 2400 1337 2444 sibi
1356 2401 1641 2457 peculiariter
1659 2400 1917 2458 propitium.

283 2477 439 2531 Itaque
469 2483 559 2519 tres
590 2477 778 2531 angelos
808 2477 1093 2531 peculiariter
1121 2477 1206 2520 sibi
1239 2478 1459 2533 propitios
1487 2478 1690 2530 confidit,
1723 2479 1779 2520 ad
1809 2492 1922 2534 quos

285 2552 613 2608 particulariter
636 2560 832 2604 acurrat,
859 2555 1095 2598 custodem
1125 2555 1375 2610 proprium,
1406 2562 1452 2598 et
1480 2555 1734 2607 Societatis,
1765 2562 1811 2598 et
1834 2555 1921 2598 Mi-

282 2631 508 2682 chaelem,
534 2629 774 2673 Vniuersae
797 2631 1018 2675 ecclesiae
1041 2631 1343 2687 principem...

377 2706 585 2750 Eleuatio
609 2714 831 2763 perpetua
854 2707 979 2750 iuxta
1001 2708 1300 2751 imitationem
1324 2709 1503 2765 Ignatii.

376 2784 576 2839 Magnus
599 2798 760 2826 sensus
783 2784 957 2839 gloriae
980 2785 1144 2840 Ignatii
1167 2785 1211 2827 in
1236 2786 1377 2828 coelo.

374 2860 546 2902 Sensus
569 2859 755 2903 intimus
777 2868 822 2903 et
845 2861 1072 2904 iucundus
1089 2861 1371 2913 humilitatis,
1391 2877 1445 2905 ex
1465 2863 1783 2919 abnegatione,
1805 2877 1922 2918 quae

285 2935 334 2976 fit
358 2950 412 2978 ex
439 2944 543 2978 actu
568 2937 689 2990 fidei,
715 2937 827 2993 spei,
854 2946 898 2981 et
922 2937 1172 2980 charitatis.

375 3012 547 3055 Sensus
570 3028 767 3069 magnus
790 3014 1142 3070 imperfectionis
1165 3022 1210 3058 et
1233 3014 1545 3070 ineptitudinis
1568 3023 1613 3060 et
1636 3030 1857 3059 errorum.
