2028 3426
1846 190 1865 205 Q

318 235 384 281 134
787 233 941 270 Purus
967 233 1211 268 HquoNYm
1237 231 1388 266 NADAL

268 338 438 394 primos
462 340 620 382 Patres
642 337 925 387 fundatores,
951 349 1008 378 an
1039 348 1178 390 penes
1207 332 1433 388 quendam
1463 331 1790 384 introductum,
1825 339 1909 376 aut

272 415 551 458 nominatum
581 413 797 457 vicarium
829 426 973 467 usque
1002 411 1058 453 ad
1088 409 1356 454 electionem
1385 408 1628 465 praepositi
1658 408 1904 465 generalis.

360 491 629 547 Responsio,
655 491 775 546 quod
802 502 940 545 penes
964 488 1131 544 primos
1158 488 1316 530 Patres
1340 485 1606 530 fundatores
1628 485 1702 537 sit,
1728 485 1784 529 de
1806 485 1911 530 iure
1935 484 1938 486 ’
1987 512 1989 524 «

272 568 528 612 ostenditur
550 576 580 610 ³.

363 723 582 766 Dolemus
608 722 899 765 uehementer
919 719 1039 774 quod
1056 720 1142 760 hoc
1161 717 1398 762 uideamus
1414 718 1669 774 exemplum
1688 718 1733 759 in
1751 716 1882 762 Socie
1894 742 1911 750 -«

277 807 385 851 tate,
415 807 462 842 ut
486 797 648 853 aliquis
669 797 914 840 contendat
936 810 1016 851 per
1040 794 1255 837 iustitiam
1281 802 1326 837 et
1349 794 1520 838 iudices
1542 809 1642 838 esse
1664 794 1792 836 illius
1819 807 1907 850 gu·
1940 783 1946 790 ⁸

276 879 506 928 bernator;
539 877 662 917 hunc
696 874 814 918 enim
846 872 1050 929 spiritum
1081 886 1162 914 nos
1190 871 1451 914 imbibimus
1480 879 1525 916 et
1547 871 1840 916 deuotionem
1862 870 1912 913 in·

278 953 380 1005 X.⁰,
409 961 456 996 ut
479 951 631 1009 potius
654 966 731 1007 per
756 949 1056 993 humilitatem
1073 963 1126 992 ac
1144 948 1409 992 modestiam
1427 948 1679 992 recusanda
1696 947 1753 990 sit
1771 961 1910 1003 quae·
1935 959 1938 963 ’

282 1031 350 1074 uis
373 1029 573 1085 dignitas
602 1043 654 1070 ac
682 1029 802 1070 locus
833 1027 1062 1082 διῳκήθη·
1094 1041 1197 1068 nam
1227 1026 1349 1081 quod
1382 1025 1590 1081 proponit
1625 1026 1699 1068 Pr.
1738 1016 1819 1068 Bo.
1856 1024 1917 1068 ad.

282 1107 450 1164 primos
474 1107 740 1148 fundatores
759 1119 859 1148 esse
876 1104 1075 1146 delatum
1091 1103 1163 1146 ius
1179 1102 1540 1159 gubernandi-de
1557 1102 1669 1154 iure,
1691 1102 1748 1144 ad
1764 1101 1913 1158 ipsum

283 1183 460 1240 proprie
483 1182 674 1226 attinere
699 1181 894 1232 uidetur,
915 1194 1136 1235 suamque
1153 1194 1336 1222 causam
1357 1179 1486 1223 facile
1504 1177 1789 1235 interpretari
1807 1191 1911 1234 pos-

283 1275 440 1303 sumus
474 1260 598 1301 illum
632 1271 785 1315 agere,
822 1271 924 1300 cum
958 1273 984 1301 e
1014 1256 1171 1313 primis
1202 1258 1359 1300 decem
1400 1255 1628 1309 Patribus,
1668 1269 1782 1310 quos
1818 1254 1920 1311 ipse
1947 1242 1980 1290 ’-

284 1338 548 1380 fundatores
571 1342 721 1387 uocat,
748 1335 837 1378 sint
862 1334 1062 1390 quinque
1085 1342 1260 1377 tantum
1284 1333 1468 1378 residui:
1495 1348 1612 1377 vnus
1639 1340 1709 1377 est
1740 1335 1815 1376 Pr.
1848 1332 1919 1375 vi-

283 1413 448 1466 carius,
475 1414 695 1457 aduersus
718 1426 853 1467 quem
875 1411 985 1468 agit.
1013 1413 1125 1455 Tres
1148 1411 1222 1454 alii
1245 1426 1329 1454 sua
1349 1410 1634 1454 confessione
1651 1425 1703 1453 ac
1721 1409 1916 1453 subscri·
1937 1399 1940 1402 Δ
1971 1402 1974 1407 ’

284 1491 514 1547 ptionibus
553 1491 734 1534 Patrem
773 1488 990 1532 vicarium
1027 1488 1251 1544 recipiunt
1284 1503 1336 1531 ac
1373 1489 1582 1544 probant:
1621 1502 1760 1543 quare
1793 1487 1919 1530 solus
1952 1508 1982 1510 ff

286 1582 367 1623 pro
396 1582 444 1610 se
473 1567 651 1610 videtur
681 1580 817 1622 agere
850 1568 922 1608 Pr.
959 1568 1059 1609 Bo.:
1094 1566 1211 1621 quod
1243 1567 1284 1607 si
1317 1566 1380 1607 ita
1414 1566 1532 1622 agit,
1563 1565 1681 1607 nihil
1711 1569 1775 1607 est
1803 1564 1924 1620 quod
1940 1567 1946 1590 '·
1976 1560 1982 1586 ’-

288 1646 527 1700 quicquam
552 1645 620 1685 illi
643 1643 1009 1699 respondeamus,⁸
1031 1657 1087 1685 ex
1108 1643 1226 1685 bulla
1249 1644 1370 1685 enim
1394 1643 1537 1684 Pauli
1562 1643 1642 1684 III
1663 1641 1919 1684 excluditur
1975 1647 1987 1672 «'

288 1737 316 1764 α
339 1723 503 1778 quauz's
525 1721 751 1778 dignitate
778 1722 806 1763 ¹.
833 1721 1211 1776 Respondendum
1236 1723 1386 1762 tamen
1408 1719 1611 1762 arbitror
1633 1719 1692 1762 ad
1715 1719 1825 1779 eius·
1839 1727 1953 1761 osta-⁵
1983 1770 1986 1777 ,

289 1800 442 1850 tiones,
466 1802 513 1840 ut
535 1798 617 1853 illi,
640 1797 755 1853 quod
777 1797 836 1840 ad
858 1812 939 1840 nos
962 1798 1132 1850 attinet,
1155 1797 1376 1853 satisfieri
1391 1797 1549 1852 possit.

378 1876 427 1917 ln
460 1874 630 1930 primis,
666 1874 784 1917 sicut
816 1881 921 1918 ante
954 1874 1223 1918 electionem
1257 1873 1386 1930 primi
1420 1873 1663 1930 praepositi
1696 1872 1928 1929 generalis.
1951 1862 2001 1929 4-31

292 1952 389 2007 ipsa
411 1951 685 2007 gubernatio
708 1959 804 1996 erat
826 1965 965 2007 penes
987 1952 1145 1995 decem
1168 1950 1268 1994 illos
1289 1950 1528 1994 consocios
1552 1951 1833 2003 fundatores,
1857 1949 1922 1993 sic
1955 1946 2001 2002 25}

293 2035 337 2071 et
367 2042 504 2080 nunC,
537 2030 645 2071 sede
675 2036 881 2080 vacante,
912 2028 996 2070 erit
1023 2042 1162 2084 penes
1192 2027 1360 2084 primos
1390 2028 1668 2079 fundatores,
1695 2034 1739 2071 et
1767 2027 1824 2070 ad
1845 2041 1929 2070 eos
1958 2023 2001 2074 ,³¹

293 2105 553 2147 deuoluitur
577 2106 648 2148 ius
670 2105 973 2161 gubernandi,
999 2112 1082 2147 etc.
1109 2103 1126 2129 b

393 2195 428 2224 1.
495 2183 650 2226 Solum
676 2184 857 2227 Patrem
882 2181 1108 2238 Ignatium
1141 2181 1433 2238 agnoscimus
1463 2182 1748 2225 fundatorem
1773 2181 1931 2226 Socie--

370 2305 387 2322 a
437 2295 545 2329 Haec
564 2295 707 2340 omnia,
728 2306 749 2329 a
767 2294 974 2341 principio,
991 2294 1263 2329 desiderantur
1281 2294 1320 2329 in
1339 2295 1566 2340 archetypo.
1594 2295 1693 2330 Sunt
1716 2299 1847 2329 autem
1865 2293 1930 2329 de·
1986 2285 1993 2305 ³

299 2359 452 2400 sumpta
471 2365 519 2389 ex
539 2353 694 2401 scriptis
713 2353 954 2392 Bobadillae.
976 2353 1075 2389 Vide
1090 2365 1205 2400 supra
1220 2359 1471 2388 monumenta
1485 2353 1726 2399 Bobadillae,
1743 2366 1780 2390 n.
1799 2363 1834 2399 4,
1853 2359 1930 2389 etc.
1985 2355 1992 2365 ⁸

300 2415 366 2441 ——b
393 2414 502 2448 Haec
526 2413 648 2460 prima
674 2414 794 2449 verba
818 2414 866 2448 In
889 2413 1053 2459 primis,
1079 2419 1171 2459 etc.,
1191 2419 1281 2448 sunt
1306 2412 1433 2448 Patris
1457 2413 1698 2458 Bobadillae,
1718 2419 1757 2448 et
1780 2411 1934 2448 deside·
1987 2440 1991 2447 .

301 2478 433 2508 rantur
464 2473 502 2507 in
530 2473 758 2518 archetypo,
789 2472 892 2519 quod
923 2472 1059 2518 incipit
1083 2484 1104 2507 a
1128 2473 1309 2519 sequenti
1328 2486 1366 2510 n.
1395 2473 1447 2506 1.⁰
1466 2472 1619 2514 Solum,
1640 2477 1718 2511 etc.

302 2567 369 2603 riis
394 2567 516 2614 ipsius
547 2568 812 2614 palimpsestis
841 2567 890 2603 de
917 2568 1055 2603 eodem
1080 2575 1310 2614 argumento
1335 2569 1459 2605 videri
1483 2574 1628 2616 potest,
1654 2568 1692 2604 in
1710 2567 1853 2615 quibus
1869 2578 1938 2614 ea,
1988 2614 1990 2617 .

301 2638 401 2674 quae
420 2626 542 2673 primo
560 2626 681 2662 menti
700 2628 992 2670 succurrebant,
1012 2627 1089 2662 levi
1108 2629 1255 2663 calamo
1279 2628 1538 2675 exprimebat.
1558 2629 1699 2663 Postea
1717 2626 1938 2662 accuratius
1983 2629 1992 2675 ’Δ

303 2692 341 2721 et
361 2685 535 2732 pacatius
555 2686 692 2722 eadem
711 2698 759 2721 ex
779 2686 895 2721 variis
920 2686 1182 2732 palimpsestis
1206 2689 1371 2723 collecta
1396 2694 1436 2723 et
1459 2687 1635 2722 ordinata
1658 2686 1697 2722 in
1722 2687 1795 2722 hoc
1818 2685 1934 2722 docu-

305 2750 436 2780 mento
454 2745 565 2780 nobis
585 2745 727 2792 scripta
744 2744 914 2792 reliquit.

376 2805 385 2824 ¹
437 2805 590 2851 Reapse
610 2804 648 2840 in
668 2804 809 2840 litteris
827 2804 1051 2851 apostolicis
1071 2804 1200 2840 L1CET
1217 2814 1420 2850 DEBH'UM,
1436 2806 1598 2854 a-Paulo
1612 2805 1668 2840 ΙΙΙ
1682 2804 1746 2840 die
1764 2803 1805 2840 18
1820 2803 1936 2842 Octo-

305 2864 384 2900 bris
418 2872 508 2909 1549
537 2863 654 2907 datis,
684 2865 780 2899 haec
809 2863 858 2899 de
888 2864 1154 2899 ambientibus
1185 2866 1424 2910 praelaturas
1455 2865 1668 2900 habentur:
1702 2862 1953 2902 «...alicuiusz

304 2923 554 2969 praelationis
573 2928 612 2958 et
629 2922 832 2969 dignitatis
851 2922 891 2958 in
909 2922 1045 2957 eadem
1064 2922 1276 2966 Societate‚
1304 2925 1336 2959 si
1362 2935 1447 2959 eam
1466 2925 1619 2959 occulta
1642 2929 1708 2958 aut
1733 2922 1948 2966 manifesta,
1987 2928 1996 2966 “,

304 2981 517 3017 ambitione
546 2982 748 3028 quaesisse
778 2981 1055 3024 convincetur,
1086 2993 1208 3028 capax
1239 2994 1327 3018 esse
1358 2984 1581 3018 nullatenus
1612 2981 1772 3029 possit.»
1804 2981 1937 3017 Instit.
1992 2982 1998 3027 j

304 3041 517 3087 Soc.Jesu,
536 3041 774 3086 (Florentiae
796 3040 912 3088 1892),
935 3041 966 3087 1,
990 3049 1046 3086 14.
1991 3034 1995 3041 ’
