2028 3426
300 215 368 252 242
771 208 925 244 PATms
952 208 1196 243 H1ERONYM1
1222 206 1373 243 NADAL

342 312 384 362 ἓ.
455 311 586 353 «Non
610 309 885 354 inuitentur»
912 316 1001 353 etc.
1030 311 1131 352 Hoc
1154 310 1210 352 de
1232 309 1562 353 consuetudine
1590 309 1663 353 illa
1686 309 1892 354 introdu-

250 392 325 429 cta
348 386 632 442 intelligitur,
659 402 751 429 non
777 395 941 438 tamen,
968 386 1002 428 si
1035 385 1136 440 quis
1166 386 1280 430 forte
1308 385 1430 429 domi
1458 386 1699 439 laboraret,
1736 387 1891 443 prohi-

250 463 382 506 betur
405 463 515 518 quin
538 463 658 506 domi
682 463 832 506 cibum
857 476 1018 518 capere
1040 461 1198 518 possit.

339 542 382 594 ξ.
453 541 682 582 «Tollatur
709 540 866 582 lectio»
901 546 989 582 etc.
1022 540 1092 583 De
1122 539 1315 584 lectione
1343 540 1491 597 logica
1513 541 1794 586 intellectum
1816 548 1885 585 est

248 624 405 672 postea
429 631 518 659 non
542 618 777 659 defuturos
801 616 1044 667 auditores3
1070 615 1223 671 itaque
1245 616 1391 660 visum
1416 625 1486 661 est
1515 632 1604 661 non
1628 632 1728 663 esse
1752 618 1889 661 omit-

249 694 430 737 tendam
449 693 570 735 illam
595 692 849 736 lectionem.

338 773 379 824 ἓ.
450 772 620 813 «Nemo
644 770 899 826 promittat»
926 776 1036 822 etc.,
1057 771 1179 825 quod
1201 785 1281 826 per
1302 771 1584 824 conuiuium,
1610 787 1702 815 non
1724 786 1884 824 coena,

245 848 324 890 sed
350 847 603 903 prandium,
630 847 821 901 intelligi
845 847 1024 899 debeat,
1050 861 1104 890 ea
1126 847 1171 890 in
1191 863 1239 891 re
1261 855 1409 892 rector
1431 849 1695 905 dispensare
1716 856 1883 906 potest.

335 927 377 978 ξ.
448 925 522 966 «In
555 923 796 966 conuiuio»
829 930 937 976 eto,
968 925 1324 980 expungendum
1358 932 1427 969 est
1457 932 1618 978 totum,
1651 933 1696 970 et
1728 927 1886 970 comit-

247 1003 433 1045 tendum
458 1001 698 1052 honestati,
726 1015 817 1043 non
840 1001 986 1043 solum
1009 1002 1254 1056 communi,
1280 1003 1360 1045 sed
1389 1002 1643 1059 religiosae,
1676 1011 1722 1047 et
1750 1004 1886 1047 tradi-

248 1078 369 1120 tione
403 1079 512 1120 illud
548 1079 791 1121 tenendum
825 1084 870 1122 et
903 1079 1154 1121 curandum
1183 1093 1208 1121 a
1236 1079 1502 1132 rectoribus,
1538 1087 1603 1134 vt,
1635 1080 1671 1123 si
1702 1082 1884 1136 quando

247 1155 426 1197 accidat
451 1162 629 1198 nostros
651 1156 890 1199 comedere
912 1155 958 1197 in
981 1170 1153 1208 mensa,
1186 1156 1260 1198 vbi
1289 1156 1499 1200 mulieres
1521 1159 1760 1201 comedent
1782 1166 1815 1212 ὃ,
1836 1166 1885 1201 vt

247 1247 296 1275 se
319 1246 453 1286 quam
479 1232 808 1275 modestissime
831 1240 1011 1285 gerant.
1131 1232 1140 1249 ⁸

338 1311 469 1352 Pater
508 1310 708 1351 Thomas
745 1310 910 1365 anglus
947 1309 1031 1352 erit
1069 1310 1287 1366 magister
1327 1311 1623 1365 nouitiorum,
1648 1320 1693 1356 et
1728 1322 1876 1358 tamen

250 1385 510 1428 instituetur
533 1401 557 1428 a
582 1387 635 1429 Ρ.
661 1385 903 1428 Dominico
925 1386 1182 1443 diligenter3
1204 1394 1357 1430 vtetur
1374 1401 1510 1444 opera
1528 1389 1755 1432 Edouardi
1773 1404 1881 1433 con-

248 1462 457 1514 tinenter,
484 1463 576 1506 Viti
605 1462 611 1481 ¹
636 1463 790 1515 etiarn,
817 1463 893 1519 qui
916 1463 1138 1507 habitabit
1161 1464 1278 1508 inter
1300 1465 1438 1521 ipsos,
1464 1467 1544 1510 sed
1567 1466 1704 1509 huius
1733 1468 1796 1509 ita
1829 1475 1877 1510 vt

244 1540 498 1582 studiorum
523 1555 707 1583 suorum
730 1540 950 1584 iacturam
972 1555 1063 1584 non
1088 1541 1238 1587 faciat.

333 1617 592 1673 Recipiatur
615 1617 899 1661 Ludouicus.

331 1694 618 1746 Laurentius,
644 1694 681 1737 si
704 1702 832 1751 pater
854 1695 952 1738 eius
974 1696 1246 1750 consentiat,
1272 1697 1345 1741 uel
1369 1712 1459 1741 non
1482 1697 1736 1752 dissentiat,
1763 1699 1880 1743 reci-

242 1769 403 1824 piatur.
1671 1829 1673 1831 ,

321 1849 519 1904 Joannes
543 1849 709 1892 scribat
732 1851 788 1892 ad
812 1858 985 1906 patrem
1008 1865 1160 1903 suum,
1186 1865 1238 1894 ac
1263 1859 1358 1894 tum
1389 1852 1647 1909 recipiatur,
1682 1853 1721 1897 si
1749 1861 1879 1910 pater

242 1940 330 1967 non
355 1926 607 1970 dissentiat.

328 2004 542 2057 Quamdiu
566 2013 711 2047 sartor
735 2005 839 2050 ferri
862 2013 1026 2062 potest,
1053 2006 1302 2050 retineatur
1324 2007 1568 2051 Monachii:
1595 2008 1633 2051 si
1657 2009 1762 2052 ferri
1786 2023 1877 2053 non

239 2087 404 2134 posset,
425 2081 480 2122 de
502 2095 555 2123 eo
575 2089 669 2124 tum
692 2083 748 2124 ad
781 2082 1102 2138 prouincialem
1133 2083 1369 2135 referatur,
1402 2091 1450 2126 vt
1482 2084 1619 2128 alium
1648 2085 1695 2128 in
1725 2087 1875 2129 locum

237 2170 341 2199 eum
368 2157 528 2200 mittat.

325 2234 583 2289 Stephanus
607 2235 815 2280 Liberius
844 2236 1048 2279 mittatur
1077 2237 1354 2293 Augustam;
1386 2237 1447 2281 ibi
1480 2238 1599 2282 enim
1629 2239 1874 2296 diligenter

235 2310 467 2352 curabitur
491 2326 593 2354 cum
617 2313 762 2369 gratia
784 2313 983 2367 Domini;
1009 2315 1089 2357 sed
1110 2328 1213 2357 cum
1237 2315 1557 2360 commoditate
1580 2316 1800 2370 mittatur;
1830 2326 1876 2362 et

192 2410 194 2413 .
236 2386 273 2430 si
312 2389 396 2431 hoc
436 2404 573 2444 aegre
611 2391 763 2442 ferret,
804 2391 1132 2446 persuadeatur
1168 2393 1255 2434 hoc
1294 2391 1351 2445 ei,
1387 2400 1436 2435 vt
1468 2393 1619 2436 animo
1653 2401 1875 2439 contento

236 2465 494 2520 Augustam
517 2474 605 2518 eat,
628 2467 702 2510 vbi
719 2467 900 2510 domina
919 2469 1134 2524 Fuggera
1150 2469 1414 2525 diligentem
1433 2470 1531 2513 eius
1549 2485 1703 2514 curam
1721 2478 1868 2527 geret.

327 2543 487 2584 Petrus
510 2543 757 2587 retineatur
779 2545 927 2588 adhuc
950 2547 1070 2601 apud
1093 2545 1308 2589 nouitios:
1335 2560 1509 2602 coquus
1531 2555 1682 2591 autem
1704 2555 1749 2592 et
1771 2563 1870 2591 sar-

239 2625 308 2658 tor
332 2618 375 2660 in
399 2620 643 2675 collegium
668 2621 805 2677 recipi
829 2630 1019 2677 possunt
1041 2637 1065 2665 e
1088 2623 1223 2666 domo
1245 2623 1539 2679 probationis.

325 2696 560 2739 Hactenus
579 2713 847 2753 responsum
865 2707 933 2742 est
952 2701 1009 2742 ad
1026 2700 1232 2755 quaesita
1255 2702 1311 2744 D.
1339 2701 1483 2744 Pauli:
1505 2716 1627 2745 nunc
1646 2704 1702 2746 ad
1719 2702 1875 2747 literas

239 2772 288 2813 P.
320 2773 544 2816 Dominici
568 2777 931 2831 respondebitur.

306 2919 321 2933 ἑ·
375 2909 444 2943 Ms.
466 2912 711 2946 contendent.

305 3004 312 3021 ¹
368 3004 478 3039 Vitus
500 3005 631 3041 Liner.
659 3007 759 3042 Vide
780 3015 1074 3045 monumentum
1094 3009 1152 3046 36.
