2028 3426
690 214 1118 251 INSTRUCTIONES—61
1601 225 1670 261 455

178 315 221 357 6.
287 317 510 359 Recessus
532 332 557 359 a
578 331 661 359 sua
682 315 928 359 vocatione
949 323 1050 372 post
1073 322 1228 359 votum
1252 316 1387 360 etiam
1412 317 1617 373 simplex,
1643 320 1715 362 vel

89 391 281 434 alicuius
303 393 359 434 ad
381 392 426 434 id
447 392 615 436 suasio.

179 479 219 521 7.
286 468 509 525 Acceptio
532 470 603 512 vel
626 469 779 512 missio
806 469 1037 512 literarum
1067 471 1240 525 absque
1271 484 1484 525 expressa
1510 470 1712 514 licentia.

179 545 219 586 8.
285 544 662 601 Impedimentum
689 546 938 589 excludens
967 561 991 588 a
1021 546 1251 590 Societate
1274 546 1509 590 reticuisse
1531 547 1577 589 in
1606 561 1714 589 exa—

88 620 223 673 mine,
248 622 321 665 vel
342 621 387 663 in
410 636 465 664 eo
488 622 727 666 mentitum
749 636 866 675 esse,
892 623 1205 678 respondendo
1228 624 1283 666 ad
1302 623 1440 666 serias
1457 623 1555 666 eius
1572 624 1714 668 inter-

90 697 364 753 rogationes,

176 790 218 831 9.
284 775 504 817 Confiteri
527 782 716 818 externo
738 776 978 828 sacerdoti,
1005 790 1108 818 cum
1130 777 1377 820 domestico
1399 777 1541 820 licuit.

183 864 248 894 Io.
315 852 568 896 Absoluere
591 867 616 894 a
644 852 824 894 casibus
852 852 1093 896 reseruatis
1116 853 1212 896 sine
1240 853 1421 897 licentia
1451 853 1709 909 superioris.

182 940 248 971 ΙΙ.
314 929 576 971 Consensus
607 943 688 984 per
724 930 880 970 horam
919 930 992 972 vel
1024 929 1222 972 notabile
1253 937 1433 985 tempus
1465 931 1634 973 durans
1665 930 1712 972 in

86 1004 291 1047 mortalia
312 1011 500 1060 peccata
522 1004 748 1061 grauiora,
775 1012 822 1046 vt
844 1019 897 1048 ea
919 1012 1185 1060 exequatur,
1212 1006 1474 1061 praesertim
1499 1007 1534 1049 si
1564 1007 1712 1051 media

88 1081 261 1136 quaerit
284 1089 332 1123 vt
354 1081 429 1123 illa
451 1089 715 1136 exequatur,
740 1081 889 1137 qualia
911 1089 1016 1124 sunt
1038 1083 1192 1138 lapsus
1214 1083 1377 1135 carnis,
1399 1084 1587 1136 furtum,
1608 1098 1712 1140 per-

87 1157 238 1201 cussio
260 1162 341 1204 256
362 1158 576 1210 violenta,
602 1158 795 1202 defectio
818 1173 843 1201 a
865 1158 1107 1211 Societate‚
1133 1166 1177 1201 et
1199 1159 1269 1202 his
1292 1160 1458 1215 peiora.

180 1247 246 1278 12.
313 1236 555 1279 Caeterum
593 1234 800 1287 venialia,
840 1235 1126 1289 tentationes,
1167 1236 1275 1279 citra
1306 1251 1594 1289 consensum,
1621 1252 1711 1280 non

86 1318 393 1364 reseruantur,
420 1311 505 1354 nisi
526 1311 603 1353 vbi
625 1310 872 1367 periculum
896 1312 1094 1354 scandali
1117 1313 1189 1354 vel
1212 1313 1386 1368 peccati
1404 1313 1603 1356 mortalis
1625 1313 1711 1355 im-

88 1387 272 1440 mineat,
298 1388 335 1430 si
357 1388 576 1444 superiori
599 1403 692 1430 non
716 1387 1126 1442 manifestarentur,
1152 1389 1228 1444 qui
1251 1389 1408 1433 iuuare
1430 1398 1598 1445 posset.

175 1464 263 1508 Vbi
297 1472 448 1507 tamen
482 1479 648 1521 graues
685 1465 958 1508 tentationes
990 1473 1034 1509 et
1065 1466 1306 1509 diuturnae
1344 1475 1466 1519 sunt,
1500 1467 1709 1510 hortandi

86 1549 194 1584 sunt
216 1541 515 1597 poenitentes,
540 1548 590 1584 vt
612 1556 691 1584 cor
713 1556 845 1584 suum
869 1542 1088 1598 superiori
1104 1557 1293 1598 syncere
1311 1544 1529 1599 aperiant,
1550 1552 1598 1586 vt
1614 1545 1685 1587 Do
1700 1570 1710 1575 ·

85 1618 236 1661 minus
257 1618 503 1661 humilibus
525 1620 602 1662 det
625 1619 817 1674 gratiam
841 1620 897 1661 ad
920 1634 995 1662 eas
1016 1619 1278 1662 vincendas.

176 1695 264 1738 Vbi
287 1703 437 1738 autem
456 1702 670 1747 rectores,
690 1697 761 1738 vel
779 1695 1033 1751 superiores
1050 1696 1166 1739 infra
1184 1697 1483 1752 prouinciales
1501 1698 1546 1739 in
1564 1698 1708 1740 dictos

83 1786 216 1815 casus
239 1772 375 1828 <quod
395 1773 522 1814 Deus
544 1774 732 1826 auertat)
755 1771 1021 1824 inciderent,
1048 1781 1338 1817 reseruentur
1360 1774 1643 1829 prouinciali;
1665 1783 1710 1819 et

83 1848 159 1890 vbi
183 1848 499 1904 prouinciales,
525 1849 741 1905 generali.
768 1850 832 1891 Ita
856 1856 1021 1900 tamen,
1047 1856 1112 1901 vt,
1138 1849 1174 1892 si
1198 1851 1375 1893 occ'ulta
1394 1852 1507 1893 haec
1526 1859 1709 1906 peccata

83 1925 268 1977 fuerint,
307 1926 600 1967 absoluantur
631 1923 811 1980 quidem
845 1940 870 1968 a
902 1940 985 1968 suo
1017 1926 1308 1978 confessario,
1339 1928 1419 1970 sed
1448 1928 1706 1979 iubeantur,

83 2016 223 2056 quum
247 2002 534 2044 commodum
558 2001 708 2053 fuerit,
733 2001 1009 2057 superiorem
1033 2002 1170 2045 adire:
1196 2003 1272 2045 vbi
1295 2011 1445 2046 autern
1470 2004 1707 2047 manifesta

83 2078 266 2130 fuerint,
307 2078 571 2134 praesertim
610 2078 647 2120 si
679 2079 920 2132 accesserit
952 2081 1232 2132 scandalum,
1269 2095 1360 2123 non
1394 2082 1703 2132 absoluantur,

81 2156 161 2198 sed
189 2155 339 2198 statim
368 2155 645 2211 superiorem
677 2170 809 2198 suum
832 2157 1012 2208 adeant,
1047 2171 1129 2199 sua
1150 2165 1336 2212 peccata
1358 2157 1703 2201 manifestaturi.

78 2319 162 2361 257
186 2328 455 2358 RESOLUTIO
474 2331 644 2360 PATRIS
662 2330 866 2361 NATALls
884 2330 1025 2360 CIRCA
1043 2331 1191 2360 CAsus
1211 2331 1538 2370 RESERUATOS,
1555 2332 1707 2362 FACTA

168 2406 412 2436 COMPLUTI
438 2394 493 2435 26
515 2407 653 2437 FEBR.
687 2395 812 2448 1561,
839 2408 967 2445 QUAE
990 2379 1102 2437 IJUIT
1125 2409 1152 2437 A
1174 2409 1328 2437 PATRE
1345 2409 1536 2438 NOSTRO
1561 2409 1704 2439 MAGI-

170 2483 291 2513 STRO
315 2483 473 2513 LAYNE
497 2484 717 2514 PROBATA

173 2629 209 2659 1.
276 2617 325 2658 In
347 2616 417 2659 his
441 2616 621 2660 casibus
643 2617 885 2660 reseruatis
909 2620 1020 2662 haec
1042 2619 1286 2674 praecipue
1309 2618 1484 2662 aduerti
1515 2620 1703 2661 debent:

80 2692 282 2735 Primum
306 2694 427 2748 quod
448 2708 606 2736 omnes
628 2694 674 2736 hi
696 2709 828 2737 casus
851 2710 876 2737 a
900 2697 1035 2738 Patre
1051 2702 1206 2737 nostro
1224 2696 1436 2751 generale
1459 2702 1704 2738 censentur

78 2783 176 2812 esse
194 2777 377 2825 peccata
393 2770 614 2824 mortalia,
634 2770 753 2814 sicut
770 2771 1005 2815 manifeste
1022 2773 1239 2814 denotant
1255 2771 1330 2814 illa
1346 2773 1499 2814 verba:
1521 2773 1701 2825 «Quae-

78 2844 150 2888 uis
171 2853 359 2902 peccata
381 2846 602 2899 mortalia,
622 2847 738 2890 inter
761 2863 876 2903 quae
899 2856 1143 2892 censentur
1160 2863 1275 2903 quae
1293 2855 1589 2902 sequuntur.»
1612 2849 1701 2890 Re-

79 2920 300 2978 diguntur
321 2922 441 2964 enim
465 2937 620 2965 omnes
642 2924 690 2965 hi
714 2938 846 2967 casus
869 2926 939 2968 vel
962 2926 1018 2967 ad
1040 2925 1220 2979 aliquod
1244 2924 1377 2966 trium
1401 2932 1623 2975 votorum,
1645 2939 1700 2967 ex

80 2996 243 3051 quibus
264 2998 316 3040 fit
336 2998 553 3054 obligatio
582 3000 756 3055 peccati
788 3001 1004 3053 mortalis,
1030 3001 1146 3044 sicut
1169 3000 1331 3043 dicitur
1354 3001 1381 3042 6
1403 3015 1499 3056 par.
1531 3008 1699 3053 const.‚
