2028 3426
366 229 435 273 496
723 253 731 256 -
835 229 989 264 Pin-ms
1017 228 1259 264 HmRoNYm
1285 227 1435 264 NADAL

319 330 475 386 gentia
503 335 589 376 374
622 331 953 386 procurandus,
988 336 1037 371 vt
1065 329 1338 381 scholastici,
1370 337 1415 373 et
1444 338 1760 386 praeceptores
1789 331 1948 382 nostri,

319 423 410 451 non
434 409 579 451 solum
603 407 648 450 in
672 407 943 450 lectionibus
967 414 1011 450 et
1034 406 1395 462 repetitionibus,
1420 408 1499 450 sed
1521 407 1674 460 etiam,
1699 414 1744 452 et
1766 407 1948 462 quidem

318 485 632 537 attentissime,
647 499 728 527 sua
746 483 1093 527 conuersatione
1110 483 1329 538 spirituali
1347 484 1519 540 prosint
1531 483 1764 540 discipulis
1779 491 1825 527 et
1842 498 1949 527 con-

317 561 548 618 discipulis
571 562 680 612 suis,
709 569 752 604 et
775 562 831 603 ad
855 562 978 603 hunc
1002 561 1136 603 finem
1156 567 1355 604 rectores
1373 561 1680 616 designabunt
1699 563 1877 612 Patres,
1904 568 1949 605 et

318 640 493 691 fratres,
514 638 590 694 qui
615 639 657 680 in
682 640 768 680 hoc
791 637 1044 690 intendant,
1070 645 1118 679 vt
1141 637 1422 680 instruantur
1439 638 1495 680 ad
1513 637 1742 694 pietatem,
1763 639 1818 681 ad
1843 632 1946 694 per—
2003 659 2028 690 ;,4

317 716 524 760 fectionis
549 716 681 759 etiam
707 713 979 758 desiderium
1004 714 1145 757 nostri
1168 714 1411 757 auditores.

405 791 679 836 Confessarii
718 791 1090 834 scholasticorum
1129 798 1384 834 nostrorum
1422 792 1479 834 ad
1511 792 1705 836 eundem
1744 793 1943 836 fructum

315 877 516 926 spectare
535 871 701 912 debent
718 869 807 911 fixo
824 868 1057 911 charitatis
1075 869 1222 920 oculo,
1236 874 1281 912 et
1293 867 1526 912 desideriis
1544 868 1723 925 magnis
1740 869 1946 924 obsequii

1980 25 1986 32 ,

1982 0 2028 267 1

1992 270 2025 366 ,ἓ

2002 352 2024 424 l

2003 419 2021 444 ai

2001 443 2028 475 ’.ι’

1998 489 2019 510 :¹

2015 543 2028 558 ὶι

2006 567 2028 599 ’ἒι

1998 623 2012 646 Ι·
2026 643 2028 646 .

2005 644 2028 664 ¹51

2000 696 2028 706 ιι

2009 714 2028 731 Ἰ

316 946 397 989 Dei
421 961 471 989 ae
495 945 661 988 domini
687 945 827 987 nostri
850 944 896 986 in
920 959 1014 996 eos,
1040 944 1117 1000 qui
1140 945 1351 988 videntur
1380 945 1436 988 ad
1466 945 1744 989 Societatem
1776 945 1943 998 idonei,
2004 979 2009 983 .

313 1024 411 1066 illos
435 1023 672 1078 praecipue
695 1022 960 1065 instruendo
984 1022 1040 1064 ad
1063 1008 1353 1066 deuotionem
1377 1029 1421 1065 et
1445 1030 1491 1064 vt
1516 1021 1625 1065 vitia
1647 1029 1692 1066 et
1719 1022 1945 1066 vanitates

314 1100 506 1155 fugiant,
534 1100 587 1142 ad
612 1099 822 1155 pietatem
853 1113 901 1142 se
930 1098 1162 1155 colligant,
1196 1105 1240 1142 et
1270 1098 1497 1143 meliorem
1528 1098 1648 1143 vitae
1676 1101 1873 1156 frugem,
1899 1107 1944 1142 et

311 1177 590 1220 exhortando
613 1185 660 1218 vt
689 1175 869 1232 saepius
903 1176 1222 1229 confiteantur3
1260 1177 1452 1220 doceant
1484 1175 1590 1219 item
1621 1191 1698 1219 eos
1721 1175 1943 1220 rationem

310 1254 634 1297 examinandae
657 1252 961 1296 conscientiae
979 1252 1023 1295 in
1047 1252 1143 1296 dies
1165 1253 1387 1310 singulos,
1409 1261 1453 1297 et
1471 1254 1854 1308 quemadmodum
1874 1268 1942 1296 re-

310 1331 447 1374 citare
471 1330 689 1374 rosarium
712 1337 932 1386 oporteat,
958 1338 1004 1372 et
1027 1331 1163 1373 horas
1184 1331 1344 1374 beatae
1366 1329 1572 1386 virginis,
1597 1329 1696 1374 aliis
1723 1329 1938 1372 adhibitis

306 1407 639 1459 deuotionibus,
666 1393 798 1463 prout
819 1421 1011 1463 capaces
1039 1407 1331 1450 videbuntur:
1363 1421 1449 1450 nec
1473 1406 1516 1449 in
1549 1406 1832 1450 scholasticis
1853 1411 1938 1453 375

307 1486 452 1528 solum
475 1488 586 1528 haec
615 1492 748 1528 erunt
785 1485 981 1541 agenda,
1021 1485 1101 1528 sed
1124 1484 1170 1526 in
1208 1484 1417 1527 omnibus
1440 1483 1558 1528 idem
1586 1484 1671 1527 erit
1693 1498 1936 1540 procurari·
1997 1539 2001 1542 ι

308 1563 432 1614 dum,
459 1570 506 1605 vt
528 1562 754 1606 videbitur
775 1562 988 1618 prodesse
1010 1575 1145 1617 posse
1168 1561 1213 1604 in
1236 1560 1449 1605 Domino.
1742 1615 1747 1622 ⁶

397 1640 614 1687 Conferet
642 1640 698 1682 ad
727 1641 849 1681 hunc
880 1639 1075 1681 fructum
1106 1638 1380 1695 spiritualem
1410 1639 1579 1680 bonum
1607 1638 1862 1694 exemplum
1891 1645 1936 1681 et

308 1717 560 1762 aedificatio
588 1716 800 1773 religiosa
828 1730 880 1759 ac
909 1717 1122 1772 perfecta,
1148 1730 1282 1771 quam
1310 1722 1560 1771 agnoscant
1590 1714 1636 1758 in
1665 1715 1878 1758 fratribus
1906 1714 1935 1756 ii
1991 1740 1994 1744 ,

308 1790 478 1846 omnes,
506 1794 581 1850 qui
614 1809 716 1837 cum
747 1793 832 1836 illis
861 1800 1017 1850 agent.
1044 1792 1292 1849 Praecipue
1322 1807 1429 1837 vero
1458 1793 1661 1835 conferet
1698 1799 1745 1834 vt
1768 1791 1935 1848 singuli

308 1887 387 1916 seu
411 1871 688 1923 confessarii,
709 1886 788 1915 seu
809 1873 982 1922 Patres,
1003 1886 1084 1914 seu
1105 1871 1279 1922 fratres,
1300 1883 1414 1925 quos
1433 1869 1650 1913 adiuuare
1672 1868 1932 1920 instituunt,

308 1963 385 1993 eos
408 1951 506 1992 Deo
545 1949 863 1992 commendent
900 1948 946 1990 in
984 1947 1216 1991 sacrificiis
1239 1954 1283 1990 et
1320 1947 1615 1998 orationibus,
1640 1946 1850 2002 idemque
1879 1948 1936 1989 ab
1988 1935 2005 2005 ζ

307 2026 403 2069 aliis
427 2025 520 2069 fieri
545 2032 803 2082 procurent.
831 2025 880 2067 In
905 2025 1116 2068 omnibus
1139 2031 1289 2068 autem
1309 2025 1366 2066 sit
1387 2023 1579 2068 intentio
1601 2031 1646 2067 et
1663 2023 1934 2067 desiderium

308 2102 486 2145 maioris
508 2101 709 2157 obsequii
734 2101 834 2153 Dei,
861 2115 914 2145 ac
937 2101 1248 2145 consideretur
1270 2115 1404 2156 quam
1428 2114 1643 2156 magnum
1666 2100 1934 2156 obsequium

307 2180 384 2222 fiat
422 2179 603 2222 diuinae
632 2178 870 2230 maiestati,
896 2178 932 2221 si
963 2177 1165 2221 minister
1204 2192 1319 2220 Vnus
1348 2177 1541 2219 lucrifiat
1569 2178 1625 2221 ad
1653 2177 1933 2220 adiuuandas
1989 2167 2001 2226 ,⁵

306 2256 494 2309 animas,
521 2269 685 2310 easque
707 2255 959 2311 eripiendas
988 2269 1012 2298 e
1044 2254 1254 2297 manibus
1283 2255 1528 2298 demonum
1559 2253 1861 2308 infernalium,
1888 2261 1933 2297 et
1988 2263 2002 2300 ;·“

308 2332 444 2375 totius
468 2331 742 2388 perditionis.

395 2409 534 2452 Aliud
557 2422 704 2464 genus
733 2407 931 2451 exercitii
962 2407 1221 2464 spiritualis,
1248 2408 1284 2451 si
1314 2407 1455 2451 nostri
1485 2407 1639 2452 selecti
1668 2408 1885 2464 prodeant
1907 2422 1932 2450 e
1976 2381 1995 2437 ἕ

305 2486 516 2542 collegio,
542 2493 586 2530 et
609 2500 686 2541 per
704 2484 900 2540 compita
921 2493 966 2528 et
990 2485 1100 2538 fora,
1125 2485 1199 2527 vbi
1223 2484 1459 2527 hominum
1482 2492 1550 2527 est
1573 2485 1840 2540 frequentia,
1862 2485 1931 2527 in-
1984 2499 2007 2534 μ

305 2563 483 2619 quirant
512 2562 677 2618 quibus
700 2561 887 2617 prosint,
914 2561 1000 2604 illis
1031 2569 1047 2586 ²
1070 2576 1118 2605 se
1150 2561 1364 2605 misceant
1387 2561 1590 2604 suauiter
1618 2568 1664 2606 et
1691 2561 1927 2614 industrie,
1976 2570 2007 2618 ⁴

304 2648 347 2685 et
371 2647 531 2683 curent
551 2643 634 2686 376
659 2639 839 2682 tandem
863 2639 919 2680 ad
940 2637 1210 2682 desiderium
1235 2637 1533 2680 confessionis
1555 2639 1797 2692 adducere,
1823 2652 1930 2682 con·
1976 2623 1994 2694 ’ᾗ

306 2719 503 2760 fessuros
533 2723 636 2773 post
665 2714 1008 2759 instructionem
1039 2722 1084 2758 et
1116 2714 1519 2770 praeparationem,
1551 2729 1668 2769 quae
1695 2716 1940 2760 docebun-v
1983 2695 1993 2710 ’

305 2804 376 2837 tur
399 2809 476 2849 per
498 2800 692 2836 nostros.
719 2793 846 2836 Haec
870 2791 982 2833 ratio
1006 2791 1089 2833 fuit
1112 2799 1156 2833 et
1179 2790 1283 2832 alibi
1306 2797 1350 2833 et
1375 2792 1543 2835 Romae
1565 2806 1591 2834 a
1613 2791 1778 2834 nostris
1800 2806 1929 2835 vsur-

303 2880 406 2927 pata
424 2885 526 2913 cum
551 2868 770 2925 singulari
795 2869 943 2910 fructu
966 2875 1011 2911 et
1034 2867 1235 2910 omnium
1255 2866 1583 2931 aedificatione,
1605 2882 1737 2923 quam
1756 2869 1930 2912 solebat

305 2949 472 2991 Paulus
502 2955 597 3000 4³¹⁵,
625 2945 826 3002 pontifex
857 2945 1094 2995 maximus,
1127 2942 1413 2999 amplissimis
1436 2944 1585 2987 verbis
1606 2945 1807 2989 laudare.

372 3054 388 3069 ³·-
441 3043 503 3077 illi
523 3053 592 3076 ms.
