2028 3426
457 267 731 302 MONUMENTA
759 266 1013 302 GERMANIAE
1039 262 1381 300 SUPERloRIS-36
1620 264 1687 308 237

187 367 311 423 Quid
333 367 369 410 si
391 367 512 410 domi
534 368 778 411 haberetur
801 366 935 410 lectio
957 380 1145 412 casuum
1163 364 1486 415 conscientiae,
1510 372 1554 407 et
1574 365 1732 406 admo-

100 451 283 487 neretur
305 444 514 500 princeps
537 451 586 486 ut
608 444 813 499 adigeret
835 443 1093 486 sacerdotes
1116 449 1160 485 et
1184 441 1373 485 clericos
1399 441 1512 483 alios
1536 448 1585 482 ut
1609 441 1736 483 audi-

102 529 202 564 rent
232 535 329 563 eam
363 520 621 573 lectionem,
656 527 701 562 et
724 528 954 576 praeterea
976 520 1145 562 faceret
1165 518 1381 570 edictum,
1407 518 1580 559 nullum
1603 532 1738 573 posse

100 597 318 652 consequi
348 597 567 641 beneficia
599 596 907 640 ecclesiastica
939 610 1018 652 per
1049 594 1317 651 principem,
1359 595 1434 638 uel
1466 609 1565 637 esse
1603 609 1735 650 paro-

100 676 236 716 chum
260 676 296 726 a,
323 674 408 716 nisi
430 673 583 716 audiat
612 687 745 715 casus
773 672 1092 724 conscientiae3
1125 679 1170 715 et
1198 671 1304 714 huic
1332 670 1515 715 lectioni
1544 685 1732 713 casuum

102 750 404 794 conscientiae
425 757 578 806 posset
601 748 818 804 coniungi
841 749 974 792 lectio
997 747 1408 791 controuersiarum
1433 747 1578 790 facilis
1600 747 1635 790 ¹³.

1289 826 1316 877 ¹,
1342 831 1388 866 et
1416 825 1626 866 dicantur
1655 839 1736 868 ve-

190 828 426 870 Habeatur
448 825 651 868 doctrina
669 825 912 868 christiana
933 824 979 867 in
1002 827 1059 867 D.
1086 824 1261 867 Nicolai

101 917 230 959 spere
253 910 389 946 cantu
414 904 628 959 figuratO,
661 910 711 944 ut
739 903 868 955 solet,
899 909 944 944 et
973 902 1133 945 doceat
1161 901 1413 944 doctrinam
1442 901 1734 944 christianam

104 982 165 1024 Μ.
192 982 227 1022 F
231 980 452 1023 ischerius
474 987 504 1023 0.

191 1057 537 1099 Admoneantur
560 1055 916 1107 concionatores,
943 1063 993 1097 ut
1017 1056 1291 1111 frequenter,
1317 1062 1540 1111 oportune
1566 1062 1733 1106 tamen,

33 1184 37 1188 ι
101 1135 400 1176 adhortentur
422 1133 649 1176 auditores
672 1133 727 1174 ad
752 1132 1049 1186 frequentiam
1073 1132 1342 1175 sacramenti
1363 1131 1671 1188 poenitentiae
1691 1138 1735 1173 et

101 1209 431 1252 communionis
454 1224 505 1252 ac
534 1210 590 1253 ad
612 1209 879 1253 orationem.

189 1288 425 1329 Habeatur
447 1287 589 1329 oratio
618 1301 643 1328 a
671 1286 968 1338 scholasticis,
1001 1294 1051 1328 ut
1079 1288 1255 1330 solebat
1282 1285 1437 1329 haberi
1466 1285 1626 1329 diebus
1655 1287 1735 1328 do—

102 1363 293 1416 minicis,
319 1371 363 1407 et
385 1363 665 1420 significetur
687 1363 880 1406 dominis
898 1379 983 1406 nos
1000 1378 1091 1406 non
1108 1364 1275 1407 habere
1293 1362 1428 1405 aliurn
1447 1363 1734 1405 commodio-

102 1455 196 1484 rem
219 1441 365 1483 locum
390 1442 447 1483 ad
469 1442 573 1492 hoc,
600 1440 686 1483 nisi
708 1441 886 1483 scholas
909 1448 1103 1483 nostras.

189 1517 278 1560 Vbi
307 1524 376 1559 est
405 1519 569 1561 festum
600 1517 646 1559 in
674 1517 973 1569 hebdomade,
1004 1517 1202 1560 habeant
1239 1518 1402 1560 fratres
1439 1515 1735 1558 nihilominus

103 1594 292 1637 eandem
316 1594 656 1647 recreationem,
681 1609 813 1649 quam
839 1595 1001 1646 solent,
1029 1594 1178 1648 quoad
1199 1593 1296 1637 fieri
1314 1593 1493 1649 poterit.

187 1670 430 1713 Diuidatur
452 1671 598 1713 media
620 1672 730 1713 hora
748 1669 964 1713 orationis
986 1669 1288 1725 uespertinae,
1310 1677 1354 1712 et
1372 1684 1463 1711 uno
1482 1670 1734 1724 quadrante

103 1754 231 1790 orent
253 1746 456 1802 proxime
480 1754 583 1790 ante
605 1761 809 1799 coenam,
829 1746 1023 1791 letaniae
1042 1761 1149 1790 uero
1167 1746 1418 1790 recitentur
1436 1754 1537 1802 post
1557 1760 1731 1789 recrea-

104 1823 273 1866 tionem
297 1831 582 1867 nocturnam.
1739 1817 1744 1820 ⁵

190 1901 240 1942 In
262 1901 474 1956 profestis
503 1901 780 1944 solemnibus
809 1908 1021 1945 maneant
1049 1900 1308 1944 scholastici
1333 1915 1468 1942 unam
1500 1901 1657 1942 horam
1687 1898 1733 1940 in

101 1977 266 2019 scholis
287 1984 390 2033 post
412 1977 659 2030 meridiem,
685 1977 782 2021 aliis
804 1992 914 2022 uero
936 1978 982 2020 in
1010 1977 1222 2033 profestis
1245 1976 1564 2020 communibus
1595 1977 1735 2017 horas

103 2053 234 2098 duas,

171 2164 188 2181 a
214 2155 286 2189 Ms.
303 2156 539 2199 paraclzum.
592 2156 658 2183 —b
685 2155 726 2189 In
742 2154 930 2197 margine:
952 2155 1033 2190 Per
1051 2155 1187 2190 adesso
1206 2166 1300 2194 non,
1320 2153 1461 2200 partim
1485 2165 1506 2188 a
1532 2153 1623 2187 Nat.
1645 2164 1734 2188 exa-

101 2218 240 2248 ratum.
292 2223 356 2241 —0
381 2214 606 2261 Sequuntur
624 2214 751 2261 aliqua
769 2214 992 2250 obliterata.

99 2301 236 2337 eodem
255 2302 336 2337 fere
351 2310 526 2349 tempore
545 2309 757 2347 exaratum,
778 2302 881 2338 foliis
900 2302 1021 2347 53-55.
1043 2303 1152 2337 Haec
1172 2302 1318 2338 monita
1336 2302 1425 2337 data
1444 2308 1536 2337 sunt
1554 2314 1576 2337 a
1601 2303 1732 2337 Natali

101 2372 234 2396 mense
253 2362 369 2407 Junio
384 2362 473 2396 anni
491 2363 593 2408 1566,
609 2362 699 2397 dum
717 2373 948 2397 monacense
963 2362 1170 2407 collegium
1186 2363 1454 2408 perlustraret,
1468 2372 1544 2408 quo
1559 2367 1733 2407 tempore

101 2420 148 2454 P.
172 2420 400 2455 Dominicus
424 2421 645 2466 Menginus,
673 2421 857 2466 magister
882 2421 1131 2466 novitiorum,
1158 2420 1303 2456 ibidem
1330 2421 1378 2455 ad
1403 2432 1543 2455 munus
1571 2420 1734 2455 rectoris

102 2485 298 2525 promotus
317 2479 401 2527 fuit,
423 2481 466 2516 P.
487 2481 635 2515 Thoma
654 2480 881 2515 Darbishiro
905 2480 961 2515 illi
985 2480 1025 2515 in
1049 2481 1175 2516 officio
1201 2480 1435 2515 instituendi
1459 2480 1629 2515 novitios
1656 2479 1733 2514 suf-

103 2537 223 2572 fecto.
247 2537 308 2573 Cf.
329 2539 458 2585 Epist.
480 2540 529 2574 P.
548 2539 698 2580 Nadal,
718 2540 788 2586 ΙΙΙ,
815 2539 893 2583 167.
1137 2578 1140 2582 ,

173 2596 184 2617 ¹
236 2598 417 2632 «Habent
435 2603 564 2633 tamen
583 2598 784 2644 [eremitae
803 2598 849 2633 S.
873 2597 1100 2644 Augustini]
1119 2603 1159 2633 et
1177 2598 1292 2644 aliud,
1315 2598 1385 2633 sed
1404 2598 1527 2643 magis
1547 2597 1731 2642 exiguum

103 2657 291 2702 templum
306 2656 390 2691 siue
405 2657 600 2692 Sacellum
617 2659 664 2693 D.
683 2657 834 2692 Nicolai
848 2669 925 2692 non
940 2658 1072 2703 procul
1087 2657 1283 2704 dissitum,
1299 2657 1338 2692 in
1352 2667 1428 2703 quo
1442 2656 1730 2691 Catechismum

102 2714 241 2750 diebus
259 2714 370 2750 festis
391 2716 657 2762 explicant...»
677 2717 734 2751 Ex
753 2716 949 2752 «Historia
967 2708 1021 2751 de'
1040 2717 1152 2752 initio
1176 2722 1216 2752 et
1234 2728 1443 2763 progressu
1462 2715 1627 2759 Collegii
1652 2716 1732 2749 Mo-

103 2773 345 2808 nachiensis»
365 2774 466 2820 apud
482 2776 837 2820 BRAUNSBERGER,
856 2776 933 2810 loc.
956 2776 1040 2821 cit.⁷
1059 2776 1106 2821 II,
1129 2775 1211 2820 876.
1231 2776 1273 2810 In
1291 2776 1411 2810 altera
1430 2780 1560 2808 autem
1578 2774 1730 2808 relatio-

103 2843 166 2877 ne,
180 2843 202 2866 a
216 2833 259 2867 P.
275 2833 517 2868 Theodorico
531 2834 702 2879 Canisio,
719 2835 963 2870 monacensis
977 2835 1134 2878 collegii
1148 2834 1319 2869 secundo
1333 2840 1497 2875 rectore,
1520 2844 1620 2867 anno
1641 2832 1731 2876 1563

103 2891 246 2937 scripta
271 2896 311 2926 et
336 2892 497 2927 Romam
529 2892 657 2938 missa,
686 2893 783 2927 haec
805 2894 1011 2928 habentur:
1045 2894 1182 2928 «Anno
1213 2891 1460 2937 sexagesimo
1490 2891 1613 2936 primo
1643 2896 1729 2936 post

102 2949 276 2996 [festum]
294 2957 542 2996 pentecostes
560 2951 749 2998 auspicati
768 2964 901 2987 sumus
921 2953 1129 2987 lectionem
1147 2951 1346 2986 doctrinae
1370 2950 1627 2995 Christianae,
1654 2951 1728 2984 Do-

38 3025 44 3028 ⁶
105 3007 255 3043 minieis
281 3014 320 3044 et
343 3009 454 3044 festis
477 3009 636 3056 diebus,
663 3010 701 3045 in
724 3012 867 3046 sacello
892 3012 941 3047 D.
967 3010 1138 3056 Nicolai,
1163 3009 1306 3045 nostris
1336 3008 1498 3043 aedibus
1530 3008 1729 3044 vicino...»

102 3067 221 3113 Ibid.,
240 3079 328 3114 pag.
344 3067 428 3114 873,
442 3068 525 3113 874.
