<?xml version="1.0" encoding="UTF-8"?>
<!DOCTYPE html PUBLIC "-//W3C//DTD XHTML 1.0 Transitional//EN"
    "http://www.w3.org/TR/xhtml1/DTD/xhtml1-transitional.dtd">
<html xmlns="http://www.w3.org/1999/xhtml" xml:lang="en" lang="en">
 <head>
  <title>
</title>
<meta http-equiv="Content-Type" content="text/html;charset=utf-8" />
  <meta name='ocr-system' content='tesseract 3.04.00' />
  <meta name='ocr-capabilities' content='ocr_page ocr_carea ocr_par ocr_line ocrx_word'/>
</head>
<body>
  <div class='ocr_page' id='page_1' title='image "./epistolaephieron11nada_0904.png"; bbox 0 0 2028 3426; ppageno 0'>
   <div class='ocr_carea' id='block_1_1' title="bbox 294 233 1270 282">
    <p class='ocr_par' dir='ltr' id='par_1_1' title="bbox 294 233 1270 282">
     <span class='ocr_line' id='line_1_1' title="bbox 294 233 1270 282; baseline -0.004 -10"><span class='ocrx_word' id='word_1_1' title='bbox 294 236 368 282; x_wconf 82' lang='lat'>878</span> <span class='ocrx_word' id='word_1_2' title='bbox 878 236 1015 271; x_wconf 79' lang='lat' dir='ltr'>EpisT.</span> <span class='ocrx_word' id='word_1_3' title='bbox 1045 234 1089 271; x_wconf 89' lang='lat' dir='ltr'>P.</span> <span class='ocrx_word' id='word_1_4' title='bbox 1120 233 1270 269; x_wconf 78' lang='lat' dir='ltr'>NADAL</span> 
     </span>
    </p>
   </div>
   <div class='ocr_carea' id='block_1_2' title="bbox 243 335 1892 1088">
    <p class='ocr_par' dir='ltr' id='par_1_2' title="bbox 248 335 1887 471">
     <span class='ocr_line' id='line_1_2' title="bbox 248 335 1887 394; baseline -0.002 -13"><span class='ocrx_word' id='word_1_5' title='bbox 248 339 331 381; x_wconf 84' lang='lat' dir='ltr'>nisi</span> <span class='ocrx_word' id='word_1_6' title='bbox 357 353 512 382; x_wconf 86' lang='lat' dir='ltr'>secum</span> <span class='ocrx_word' id='word_1_7' title='bbox 538 339 684 394; x_wconf 88' lang='lat' dir='ltr'>perire</span> <span class='ocrx_word' id='word_1_8' title='bbox 707 339 858 381; x_wconf 90' lang='lat' dir='ltr'>vellet.</span> <span class='ocrx_word' id='word_1_9' title='bbox 879 335 1019 380; x_wconf 90' lang='lat' dir='ltr'>Omni</span> <span class='ocrx_word' id='word_1_10' title='bbox 1043 344 1193 379; x_wconf 91' lang='lat' dir='ltr'>autem</span> <span class='ocrx_word' id='word_1_11' title='bbox 1215 343 1448 380; x_wconf 87' lang='lat' dir='ltr'>momento</span> <span class='ocrx_word' id='word_1_12' title='bbox 1467 336 1656 378; x_wconf 86' lang='lat' dir='ltr'>fundum</span> <span class='ocrx_word' id='word_1_13' title='bbox 1675 343 1887 391; x_wconf 86' lang='lat' dir='ltr'>expecta-</span> 
     </span>
     <span class='ocr_line' id='line_1_3' title="bbox 249 412 1590 471; baseline -0.001 -16"><span class='ocrx_word' id='word_1_14' title='bbox 249 417 373 464; x_wconf 77' lang='lat' dir='ltr'>bant:</span> <span class='ocrx_word' id='word_1_15' title='bbox 402 429 483 458; x_wconf 88' lang='lat' dir='ltr'>nec</span> <span class='ocrx_word' id='word_1_16' title='bbox 509 416 602 471; x_wconf 90' lang='lat' dir='ltr'>ipse</span> <span class='ocrx_word' id='word_1_17' title='bbox 629 429 719 458; x_wconf 93' lang='lat' dir='ltr'>uno</span> <span class='ocrx_word' id='word_1_18' title='bbox 744 422 920 458; x_wconf 90' lang='lat' dir='ltr'>tantum</span> <span class='ocrx_word' id='word_1_19' title='bbox 945 412 1130 456; x_wconf 86' lang='lat' dir='ltr'>brachio</span> <span class='ocrx_word' id='word_1_20' title='bbox 1152 427 1201 455; x_wconf 91' lang='lat' dir='ltr'>se</span> <span class='ocrx_word' id='word_1_21' title='bbox 1226 412 1378 455; x_wconf 90' lang='lat' dir='ltr'>iuvare</span> <span class='ocrx_word' id='word_1_22' title='bbox 1402 419 1590 468; x_wconf 90' lang='lat' dir='ltr'>poterat.</span> 
     </span>
    </p>

    <p class='ocr_par' dir='ltr' id='par_1_3' title="bbox 243 488 1892 777">
     <span class='ocr_line' id='line_1_4' title="bbox 335 488 1890 549; baseline -0.003 -12"><span class='ocrx_word' id='word_1_23' title='bbox 335 494 451 537; x_wconf 88' lang='lat' dir='ltr'>Cum</span> <span class='ocrx_word' id='word_1_24' title='bbox 476 508 587 549; x_wconf 82' lang='lat' dir='ltr'>ergo</span> <span class='ocrx_word' id='word_1_25' title='bbox 612 493 746 536; x_wconf 90' lang='lat' dir='ltr'>Pater</span> <span class='ocrx_word' id='word_1_26' title='bbox 770 499 889 536; x_wconf 89' lang='lat' dir='ltr'>esset</span> <span class='ocrx_word' id='word_1_27' title='bbox 912 504 1142 547; x_wconf 83' lang='lat' dir='ltr'>egressus,</span> <span class='ocrx_word' id='word_1_28' title='bbox 1172 498 1279 532; x_wconf 91' lang='lat' dir='ltr'>tunc</span> <span class='ocrx_word' id='word_1_29' title='bbox 1312 488 1524 542; x_wconf 80' lang='lat' dir='ltr'>Isidorus,</span> <span class='ocrx_word' id='word_1_30' title='bbox 1551 489 1745 533; x_wconf 81' lang='lat' dir='ltr'><strong>subinde</strong></span> <span class='ocrx_word' id='word_1_31' title='bbox 1777 504 1890 533; x_wconf 89' lang='lat' dir='ltr'>suos</span> 
     </span>
     <span class='ocr_line' id='line_1_5' title="bbox 249 565 1889 622; baseline -0.002 -10"><span class='ocrx_word' id='word_1_32' title='bbox 249 571 303 612; x_wconf 80' lang='lat' dir='ltr'>ad</span> <span class='ocrx_word' id='word_1_33' title='bbox 334 578 521 613; x_wconf 91' lang='lat' dir='ltr'>mortem</span> <span class='ocrx_word' id='word_1_34' title='bbox 552 570 862 620; x_wconf 85' lang='lat' dir='ltr'>confortabat,</span> <span class='ocrx_word' id='word_1_35' title='bbox 895 576 940 610; x_wconf 92' lang='lat' dir='ltr'>et</span> <span class='ocrx_word' id='word_1_36' title='bbox 970 567 1025 610; x_wconf 89' lang='lat' dir='ltr'>ad</span> <span class='ocrx_word' id='word_1_37' title='bbox 1056 566 1341 610; x_wconf 88' lang='lat' dir='ltr'>moriendum</span> <span class='ocrx_word' id='word_1_38' title='bbox 1375 565 1584 622; x_wconf 87' lang='lat' dir='ltr'>parabat;</span> <span class='ocrx_word' id='word_1_39' title='bbox 1612 580 1733 612; x_wconf 88' lang='lat' dir='ltr'>mors</span> <span class='ocrx_word' id='word_1_40' title='bbox 1769 566 1889 610; x_wconf 88' lang='lat' dir='ltr'>enim</span> 
     </span>
     <span class='ocr_line' id='line_1_6' title="bbox 243 641 1892 699; baseline 0 -11"><span class='ocrx_word' id='word_1_41' title='bbox 243 641 329 689; x_wconf 75' lang='lat' dir='ltr'>iam</span> <span class='ocrx_word' id='word_1_42' title='bbox 360 647 446 689; x_wconf 93' lang='lat' dir='ltr'>illis</span> <span class='ocrx_word' id='word_1_43' title='bbox 475 648 532 689; x_wconf 92' lang='lat' dir='ltr'>ob</span> <span class='ocrx_word' id='word_1_44' title='bbox 561 647 719 690; x_wconf 87' lang='lat' dir='ltr'>oculos</span> <span class='ocrx_word' id='word_1_45' title='bbox 749 646 1031 689; x_wconf 85' lang='lat' dir='ltr'>versabatur.</span> <span class='ocrx_word' id='word_1_46' title='bbox 1066 643 1228 688; x_wconf 88' lang='lat' dir='ltr'>Subito</span> <span class='ocrx_word' id='word_1_47' title='bbox 1258 657 1386 699; x_wconf 82' lang='lat' dir='ltr'>ergo,</span> <span class='ocrx_word' id='word_1_48' title='bbox 1424 643 1606 687; x_wconf 86' lang='lat' dir='ltr'>vidente</span> <span class='ocrx_word' id='word_1_49' title='bbox 1629 645 1716 686; x_wconf 91' lang='lat' dir='ltr'>hoc</span> <span class='ocrx_word' id='word_1_50' title='bbox 1756 645 1892 688; x_wconf 87' lang='lat' dir='ltr'>Patre</span> 
     </span>
     <span class='ocr_line' id='line_1_7' title="bbox 247 719 1586 777; baseline -0.004 -10"><span class='ocrx_word' id='word_1_51' title='bbox 247 723 411 775; x_wconf 79' lang='lat' dir='ltr'>Natali,</span> <span class='ocrx_word' id='word_1_52' title='bbox 440 731 533 767; x_wconf 89' lang='lat' dir='ltr'>tota</span> <span class='ocrx_word' id='word_1_53' title='bbox 556 723 684 766; x_wconf 87' lang='lat' dir='ltr'>navis</span> <span class='ocrx_word' id='word_1_54' title='bbox 707 723 1105 777; x_wconf 78' lang='lat' dir='ltr'>submergebatur,</span> <span class='ocrx_word' id='word_1_55' title='bbox 1131 729 1176 765; x_wconf 92' lang='lat' dir='ltr'>et</span> <span class='ocrx_word' id='word_1_56' title='bbox 1200 720 1276 775; x_wconf 90' lang='lat' dir='ltr'>qui</span> <span class='ocrx_word' id='word_1_57' title='bbox 1300 719 1344 762; x_wconf 93' lang='lat' dir='ltr'>in</span> <span class='ocrx_word' id='word_1_58' title='bbox 1369 734 1422 763; x_wconf 87' lang='lat' dir='ltr'>ea</span> <span class='ocrx_word' id='word_1_59' title='bbox 1442 728 1586 763; x_wconf 90' lang='lat' dir='ltr'>erant.</span> 
     </span>
    </p>

    <p class='ocr_par' dir='ltr' id='par_1_4' title="bbox 245 796 1888 1088">
     <span class='ocr_line' id='line_1_8' title="bbox 333 796 1886 847; baseline -0.003 -4"><span class='ocrx_word' id='word_1_60' title='bbox 333 802 448 843; x_wconf 88' lang='lat' dir='ltr'>Cum</span> <span class='ocrx_word' id='word_1_61' title='bbox 473 809 624 844; x_wconf 83' lang='lat' dir='ltr'>autern</span> <span class='ocrx_word' id='word_1_62' title='bbox 653 802 786 844; x_wconf 81' lang='lat' dir='ltr'>Pater</span> <span class='ocrx_word' id='word_1_63' title='bbox 810 798 984 842; x_wconf 84' lang='lat' dir='ltr'>Natalis</span> <span class='ocrx_word' id='word_1_64' title='bbox 1007 814 1061 842; x_wconf 83' lang='lat' dir='ltr'>ex</span> <span class='ocrx_word' id='word_1_65' title='bbox 1086 797 1243 841; x_wconf 81' lang='lat' dir='ltr'>Africa</span> <span class='ocrx_word' id='word_1_66' title='bbox 1271 797 1494 847; x_wconf 71' lang='lat' dir='ltr'>rediisset,</span> <span class='ocrx_word' id='word_1_67' title='bbox 1516 796 1629 839; x_wconf 84' lang='lat' dir='ltr'>dixit</span> <span class='ocrx_word' id='word_1_68' title='bbox 1657 797 1778 840; x_wconf 87' lang='lat' dir='ltr'>Patri</span> <span class='ocrx_word' id='word_1_69' title='bbox 1803 812 1886 839; x_wconf 89' lang='lat' dir='ltr'>no—</span> 
     </span>
     <span class='ocr_line' id='line_1_9' title="bbox 246 873 1882 932; baseline -0.004 -11"><span class='ocrx_word' id='word_1_70' title='bbox 246 886 352 921; x_wconf 76' lang='lat' dir='ltr'>stro:</span> <span class='ocrx_word' id='word_1_71' title='bbox 383 877 573 921; x_wconf 82' lang='lat' dir='ltr'>«Misisti</span> <span class='ocrx_word' id='word_1_72' title='bbox 598 893 683 928; x_wconf 92' lang='lat' dir='ltr'>me,</span> <span class='ocrx_word' id='word_1_73' title='bbox 704 892 802 930; x_wconf 79' lang='lat' dir='ltr'>sen,</span> <span class='ocrx_word' id='word_1_74' title='bbox 820 884 1004 932; x_wconf 86' lang='lat' dir='ltr'>propter</span> <span class='ocrx_word' id='word_1_75' title='bbox 1028 884 1151 918; x_wconf 85' lang='lat' dir='ltr'>tuam</span> <span class='ocrx_word' id='word_1_76' title='bbox 1170 873 1460 926; x_wconf 72' lang='lat' dir='ltr'>sententiam,</span> <span class='ocrx_word' id='word_1_77' title='bbox 1477 873 1540 916; x_wconf 86' lang='lat' dir='ltr'>fui</span> <span class='ocrx_word' id='word_1_78' title='bbox 1565 873 1682 917; x_wconf 88' lang='lat' dir='ltr'>inter</span> <span class='ocrx_word' id='word_1_79' title='bbox 1701 873 1882 926; x_wconf 91' lang='lat' dir='ltr'>milites;</span> 
     </span>
     <span class='ocr_line' id='line_1_10' title="bbox 245 943 1888 1011; baseline -0.002 -14"><span class='ocrx_word' id='word_1_80' title='bbox 245 956 323 998; x_wconf 83' lang='lat' dir='ltr'>sed</span> <span class='ocrx_word' id='word_1_81' title='bbox 353 970 442 997; x_wconf 91' lang='lat' dir='ltr'>non</span> <span class='ocrx_word' id='word_1_82' title='bbox 473 956 620 1011; x_wconf 87' lang='lat' dir='ltr'>placet</span> <span class='ocrx_word' id='word_1_83' title='bbox 651 955 759 996; x_wconf 88' lang='lat' dir='ltr'>mihi</span> <span class='ocrx_word' id='word_1_84' title='bbox 789 955 906 998; x_wconf 88' lang='lat' dir='ltr'>inter</span> <span class='ocrx_word' id='word_1_85' title='bbox 937 954 1036 997; x_wconf 88' lang='lat' dir='ltr'>illos</span> <span class='ocrx_word' id='word_1_86' title='bbox 1066 953 1234 1004; x_wconf 81' lang='lat' dir='ltr'>vivere;</span> <span class='ocrx_word' id='word_1_87' title='bbox 1276 943 1384 1007; x_wconf 54' lang='lat' dir='ltr'>&#39;quin</span> <span class='ocrx_word' id='word_1_88' title='bbox 1428 951 1578 1007; x_wconf 89' lang='lat' dir='ltr'>potius</span> <span class='ocrx_word' id='word_1_89' title='bbox 1612 959 1719 1007; x_wconf 91' lang='lat' dir='ltr'>opto</span> <span class='ocrx_word' id='word_1_90' title='bbox 1751 951 1888 994; x_wconf 88' lang='lat' dir='ltr'>vitam</span> 
     </span>
     <span class='ocr_line' id='line_1_11' title="bbox 248 1030 1153 1088; baseline -0.002 -14"><span class='ocrx_word' id='word_1_91' title='bbox 248 1032 561 1088; x_wconf 76' lang='lat' dir='ltr'>religiosorum</span> <span class='ocrx_word' id='word_1_92' title='bbox 585 1041 630 1076; x_wconf 92' lang='lat' dir='ltr'>et</span> <span class='ocrx_word' id='word_1_93' title='bbox 653 1040 836 1075; x_wconf 89' lang='lat' dir='ltr'>nostrae</span> <span class='ocrx_word' id='word_1_94' title='bbox 855 1030 1153 1076; x_wconf 86' lang='lat' dir='ltr'>Societatis...</span> 
     </span>
    </p>
   </div>
   <div class='ocr_carea' id='block_1_3' title="bbox 244 1142 1890 2816">
    <p class='ocr_par' dir='ltr' id='par_1_5' title="bbox 246 1142 1890 1741">
     <span class='ocr_line' id='line_1_12' title="bbox 337 1142 1890 1200; baseline -0.003 -13"><span class='ocrx_word' id='word_1_95' title='bbox 337 1145 580 1199; x_wconf 78' lang='lat' dir='ltr'>Quomodo</span> <span class='ocrx_word' id='word_1_96' title='bbox 611 1159 720 1188; x_wconf 83' lang='lat' dir='ltr'>vero</span> <span class='ocrx_word' id='word_1_97' title='bbox 749 1144 836 1187; x_wconf 89' lang='lat' dir='ltr'>ista</span> <span class='ocrx_word' id='word_1_98' title='bbox 866 1144 1008 1200; x_wconf 88' lang='lat' dir='ltr'>prima</span> <span class='ocrx_word' id='word_1_99' title='bbox 1047 1145 1210 1186; x_wconf 90' lang='lat' dir='ltr'>domus</span> <span class='ocrx_word' id='word_1_100' title='bbox 1245 1143 1524 1199; x_wconf 85' lang='lat' dir='ltr'>probationis</span> <span class='ocrx_word' id='word_1_101' title='bbox 1558 1142 1813 1198; x_wconf 77' lang='lat' dir='ltr'>profecerit,</span> <span class='ocrx_word' id='word_1_102' title='bbox 1845 1149 1890 1184; x_wconf 90' lang='lat' dir='ltr'>et</span> 
     </span>
     <span class='ocr_line' id='line_1_13' title="bbox 249 1218 1884 1278; baseline -0.002 -14"><span class='ocrx_word' id='word_1_103' title='bbox 249 1222 462 1273; x_wconf 81' lang='lat' dir='ltr'>accrevit,</span> <span class='ocrx_word' id='word_1_104' title='bbox 485 1222 647 1266; x_wconf 92' lang='lat' dir='ltr'>melius</span> <span class='ocrx_word' id='word_1_105' title='bbox 662 1222 765 1278; x_wconf 89' lang='lat' dir='ltr'>ipsi,</span> <span class='ocrx_word' id='word_1_106' title='bbox 787 1222 864 1277; x_wconf 86' lang='lat' dir='ltr'>qui</span> <span class='ocrx_word' id='word_1_107' title='bbox 882 1222 926 1264; x_wconf 92' lang='lat' dir='ltr'>in</span> <span class='ocrx_word' id='word_1_108' title='bbox 946 1237 998 1265; x_wconf 91' lang='lat' dir='ltr'>ea</span> <span class='ocrx_word' id='word_1_109' title='bbox 1019 1222 1203 1265; x_wconf 88' lang='lat' dir='ltr'>fuerunt</span> <span class='ocrx_word' id='word_1_110' title='bbox 1221 1235 1273 1263; x_wconf 90' lang='lat' dir='ltr'>ac</span> <span class='ocrx_word' id='word_1_111' title='bbox 1291 1228 1485 1276; x_wconf 83' lang='lat' dir='ltr'>egerunt</span> <span class='ocrx_word' id='word_1_112' title='bbox 1502 1228 1547 1263; x_wconf 94' lang='lat' dir='ltr'>et</span> <span class='ocrx_word' id='word_1_113' title='bbox 1565 1218 1739 1275; x_wconf 81' lang='lat' dir='ltr'>experti</span> <span class='ocrx_word' id='word_1_114' title='bbox 1759 1227 1884 1270; x_wconf 88' lang='lat' dir='ltr'>sunt,</span> 
     </span>
     <span class='ocr_line' id='line_1_14' title="bbox 249 1298 1885 1355; baseline -0.001 -15"><span class='ocrx_word' id='word_1_115' title='bbox 249 1313 382 1354; x_wconf 88' lang='lat' dir='ltr'>quam</span> <span class='ocrx_word' id='word_1_116' title='bbox 413 1299 528 1341; x_wconf 91' lang='lat' dir='ltr'>alius</span> <span class='ocrx_word' id='word_1_117' title='bbox 557 1299 797 1354; x_wconf 82' lang='lat' dir='ltr'>quisquam</span> <span class='ocrx_word' id='word_1_118' title='bbox 828 1307 1099 1355; x_wconf 78' lang='lat' dir='ltr'>agnoscent.</span> <span class='ocrx_word' id='word_1_119' title='bbox 1144 1298 1288 1341; x_wconf 86' lang='lat' dir='ltr'>Etiam</span> <span class='ocrx_word' id='word_1_120' title='bbox 1314 1298 1502 1353; x_wconf 85' lang='lat' dir='ltr'>regulae</span> <span class='ocrx_word' id='word_1_121' title='bbox 1533 1305 1771 1347; x_wconf 89' lang='lat' dir='ltr'>testantur,</span> <span class='ocrx_word' id='word_1_122' title='bbox 1804 1311 1885 1340; x_wconf 85' lang='lat' dir='ltr'>seu</span> 
     </span>
     <span class='ocr_line' id='line_1_15' title="bbox 251 1361 1888 1431; baseline -0.001 -15"><span class='ocrx_word' id='word_1_123' title='bbox 251 1375 439 1427; x_wconf 85' lang='lat' dir='ltr'>litterae,</span> <span class='ocrx_word' id='word_1_124' title='bbox 462 1390 574 1430; x_wconf 81' lang='lat' dir='ltr'>quas</span> <span class='ocrx_word' id='word_1_125' title='bbox 594 1377 728 1419; x_wconf 80' lang='lat' dir='ltr'>Pater</span> <span class='ocrx_word' id='word_1_126' title='bbox 746 1361 868 1418; x_wconf 89' lang='lat' dir='ltr'>omni</span> <span class='ocrx_word' id='word_1_127' title='bbox 888 1391 1023 1427; x_wconf 91' lang='lat' dir='ltr'>anno,</span> <span class='ocrx_word' id='word_1_128' title='bbox 1046 1375 1246 1431; x_wconf 89' lang='lat' dir='ltr'>quandiu</span> <span class='ocrx_word' id='word_1_129' title='bbox 1263 1375 1325 1417; x_wconf 92' lang='lat' dir='ltr'>illi</span> <span class='ocrx_word' id='word_1_130' title='bbox 1347 1374 1501 1417; x_wconf 90' lang='lat' dir='ltr'>domui</span> <span class='ocrx_word' id='word_1_131' title='bbox 1527 1373 1737 1430; x_wconf 85' lang='lat' dir='ltr'>praefuit,</span> <span class='ocrx_word' id='word_1_132' title='bbox 1762 1372 1888 1416; x_wconf 87' lang='lat' dir='ltr'>Patri</span> 
     </span>
     <span class='ocr_line' id='line_1_16' title="bbox 248 1449 1888 1506; baseline -0.002 -12"><span class='ocrx_word' id='word_1_133' title='bbox 248 1452 426 1506; x_wconf 67' lang='lat' dir='ltr'>Ignatio</span> <span class='ocrx_word' id='word_1_134' title='bbox 445 1453 565 1495; x_wconf 88' lang='lat' dir='ltr'>misit</span> <span class='ocrx_word' id='word_1_135' title='bbox 589 1469 644 1497; x_wconf 85' lang='lat' dir='ltr'>ex</span> <span class='ocrx_word' id='word_1_136' title='bbox 667 1453 861 1496; x_wconf 87' lang='lat' dir='ltr'>consilio</span> <span class='ocrx_word' id='word_1_137' title='bbox 894 1452 1044 1496; x_wconf 87' lang='lat' dir='ltr'>Patris</span> <span class='ocrx_word' id='word_1_138' title='bbox 1072 1452 1265 1504; x_wconf 90' lang='lat' dir='ltr'>Natalis,</span> <span class='ocrx_word' id='word_1_139' title='bbox 1291 1460 1339 1493; x_wconf 92' lang='lat' dir='ltr'>ut</span> <span class='ocrx_word' id='word_1_140' title='bbox 1366 1453 1502 1495; x_wconf 87' lang='lat' dir='ltr'>Pater</span> <span class='ocrx_word' id='word_1_141' title='bbox 1538 1449 1740 1506; x_wconf 81' lang='lat' dir='ltr'>lgnatius</span> <span class='ocrx_word' id='word_1_142' title='bbox 1774 1449 1888 1491; x_wconf 91' lang='lat' dir='ltr'>indi-</span> 
     </span>
     <span class='ocr_line' id='line_1_17' title="bbox 246 1527 1887 1586; baseline -0.002 -14"><span class='ocrx_word' id='word_1_143' title='bbox 246 1538 367 1573; x_wconf 88' lang='lat' dir='ltr'>caret</span> <span class='ocrx_word' id='word_1_144' title='bbox 391 1545 472 1574; x_wconf 90' lang='lat' dir='ltr'>seu</span> <span class='ocrx_word' id='word_1_145' title='bbox 495 1530 686 1586; x_wconf 79' lang='lat' dir='ltr'>eligeret</span> <span class='ocrx_word' id='word_1_146' title='bbox 709 1546 764 1574; x_wconf 88' lang='lat' dir='ltr'>ex</span> <span class='ocrx_word' id='word_1_147' title='bbox 789 1530 859 1582; x_wconf 91' lang='lat' dir='ltr'>iis,</span> <span class='ocrx_word' id='word_1_148' title='bbox 885 1544 1002 1586; x_wconf 85' lang='lat' dir='ltr'>quae</span> <span class='ocrx_word' id='word_1_149' title='bbox 1025 1529 1087 1571; x_wconf 90' lang='lat' dir='ltr'>illi</span> <span class='ocrx_word' id='word_1_150' title='bbox 1110 1529 1375 1573; x_wconf 89' lang='lat' dir='ltr'>viderentur</span> <span class='ocrx_word' id='word_1_151' title='bbox 1398 1530 1545 1572; x_wconf 79' lang='lat' dir='ltr'>bonae</span> <span class='ocrx_word' id='word_1_152' title='bbox 1568 1541 1648 1583; x_wconf 87' lang='lat' dir='ltr'>pro</span> <span class='ocrx_word' id='word_1_153' title='bbox 1671 1527 1887 1570; x_wconf 88' lang='lat' dir='ltr'>iuventu-</span> 
     </span>
     <span class='ocr_line' id='line_1_18' title="bbox 247 1605 1887 1663; baseline -0.001 -15"><span class='ocrx_word' id='word_1_154' title='bbox 247 1616 305 1657; x_wconf 90' lang='lat' dir='ltr'>te,</span> <span class='ocrx_word' id='word_1_155' title='bbox 327 1622 428 1650; x_wconf 86' lang='lat' dir='ltr'>nam</span> <span class='ocrx_word' id='word_1_156' title='bbox 454 1615 683 1663; x_wconf 89' lang='lat' dir='ltr'>postremo</span> <span class='ocrx_word' id='word_1_157' title='bbox 707 1623 828 1650; x_wconf 91' lang='lat' dir='ltr'>anno</span> <span class='ocrx_word' id='word_1_158' title='bbox 849 1607 970 1650; x_wconf 88' lang='lat' dir='ltr'>misit</span> <span class='ocrx_word' id='word_1_159' title='bbox 994 1609 1202 1660; x_wconf 83' lang='lat' dir='ltr'>Romam,</span> <span class='ocrx_word' id='word_1_160' title='bbox 1225 1606 1418 1662; x_wconf 87' lang='lat' dir='ltr'>amplius</span> <span class='ocrx_word' id='word_1_161' title='bbox 1436 1620 1570 1660; x_wconf 85' lang='lat' dir='ltr'>quam</span> <span class='ocrx_word' id='word_1_162' title='bbox 1590 1605 1730 1660; x_wconf 89' lang='lat' dir='ltr'>prius,</span> <span class='ocrx_word' id='word_1_163' title='bbox 1748 1618 1887 1659; x_wconf 88' lang='lat' dir='ltr'>expe-</span> 
     </span>
     <span class='ocr_line' id='line_1_19' title="bbox 247 1684 1866 1741; baseline -0.001 -16"><span class='ocrx_word' id='word_1_164' title='bbox 247 1684 432 1728; x_wconf 90' lang='lat' dir='ltr'>rientias</span> <span class='ocrx_word' id='word_1_165' title='bbox 454 1689 481 1727; x_wconf 85' lang='lat'>¹.</span> <span class='ocrx_word' id='word_1_166' title='bbox 1863 1739 1866 1741; x_wconf 14' lang='lat' dir='ltr'>q</span> 
     </span>
    </p>

    <p class='ocr_par' dir='ltr' id='par_1_6' title="bbox 244 1759 1887 2201">
     <span class='ocr_line' id='line_1_20' title="bbox 335 1759 1887 1815; baseline -0.002 -11"><span class='ocrx_word' id='word_1_167' title='bbox 335 1762 422 1804; x_wconf 91' lang='lat' dir='ltr'>Hic</span> <span class='ocrx_word' id='word_1_168' title='bbox 448 1771 597 1804; x_wconf 93' lang='lat' dir='ltr'>tamen</span> <span class='ocrx_word' id='word_1_169' title='bbox 622 1777 712 1805; x_wconf 89' lang='lat' dir='ltr'>non</span> <span class='ocrx_word' id='word_1_170' title='bbox 750 1763 835 1806; x_wconf 92' lang='lat' dir='ltr'>erit</span> <span class='ocrx_word' id='word_1_171' title='bbox 867 1762 1043 1813; x_wconf 89' lang='lat' dir='ltr'>inutile,</span> <span class='ocrx_word' id='word_1_172' title='bbox 1071 1762 1223 1813; x_wconf 88' lang='lat' dir='ltr'>credo,</span> <span class='ocrx_word' id='word_1_173' title='bbox 1259 1761 1483 1804; x_wconf 83' lang='lat' dir='ltr'>subiicere</span> <span class='ocrx_word' id='word_1_174' title='bbox 1507 1759 1762 1815; x_wconf 82' lang='lat' dir='ltr'>ingressum</span> <span class='ocrx_word' id='word_1_175' title='bbox 1795 1760 1887 1802; x_wconf 91' lang='lat' dir='ltr'>Ca-</span> 
     </span>
     <span class='ocr_line' id='line_1_21' title="bbox 245 1837 1883 1894; baseline -0.001 -14"><span class='ocrx_word' id='word_1_176' title='bbox 245 1839 326 1881; x_wconf 90' lang='lat' dir='ltr'>roli</span> <span class='ocrx_word' id='word_1_177' title='bbox 353 1839 612 1883; x_wconf 86' lang='lat' dir='ltr'>Pharaonii.</span> <span class='ocrx_word' id='word_1_178' title='bbox 648 1840 738 1883; x_wconf 90' lang='lat' dir='ltr'>Hic</span> <span class='ocrx_word' id='word_1_179' title='bbox 768 1841 960 1884; x_wconf 82' lang='lat' dir='ltr'>Carolus</span> <span class='ocrx_word' id='word_1_180' title='bbox 985 1842 1049 1894; x_wconf 89' lang='lat' dir='ltr'>(ut</span> <span class='ocrx_word' id='word_1_181' title='bbox 1079 1841 1135 1882; x_wconf 87' lang='lat' dir='ltr'>ab</span> <span class='ocrx_word' id='word_1_182' title='bbox 1165 1854 1221 1883; x_wconf 92' lang='lat' dir='ltr'>eo</span> <span class='ocrx_word' id='word_1_183' title='bbox 1244 1838 1544 1894; x_wconf 71' lang='lat' dir='ltr'>incipiamus*·,</span> <span class='ocrx_word' id='word_1_184' title='bbox 1571 1837 1749 1881; x_wconf 90' lang='lat' dir='ltr'>iuvenis</span> <span class='ocrx_word' id='word_1_185' title='bbox 1772 1851 1883 1892; x_wconf 89' lang='lat' dir='ltr'>qua-</span> 
     </span>
     <span class='ocr_line' id='line_1_22' title="bbox 247 1907 1885 1970; baseline -0.001 -14"><span class='ocrx_word' id='word_1_186' title='bbox 247 1916 498 1960; x_wconf 88' lang='lat' dir='ltr'>tuordecim</span> <span class='ocrx_word' id='word_1_187' title='bbox 522 1931 760 1970; x_wconf 91' lang='lat' dir='ltr'>annorum,</span> <span class='ocrx_word' id='word_1_188' title='bbox 786 1925 883 1960; x_wconf 88' lang='lat' dir='ltr'>erat</span> <span class='ocrx_word' id='word_1_189' title='bbox 912 1916 1033 1959; x_wconf 89' lang='lat' dir='ltr'>filius</span> <span class='ocrx_word' id='word_1_190' title='bbox 1061 1916 1145 1958; x_wconf 93' lang='lat' dir='ltr'>viri</span> <span class='ocrx_word' id='word_1_191' title='bbox 1169 1907 1404 1958; x_wconf 87' lang='lat' dir='ltr'>cuiusdam</span> <span class='ocrx_word' id='word_1_192' title='bbox 1429 1913 1594 1957; x_wconf 87' lang='lat' dir='ltr'>nobilis</span> <span class='ocrx_word' id='word_1_193' title='bbox 1622 1921 1668 1956; x_wconf 92' lang='lat' dir='ltr'>et</span> <span class='ocrx_word' id='word_1_194' title='bbox 1691 1927 1885 1969; x_wconf 84' lang='lat' dir='ltr'>magnae</span> 
     </span>
     <span class='ocr_line' id='line_1_23' title="bbox 244 1989 1885 2048; baseline -0.002 -13"><span class='ocrx_word' id='word_1_195' title='bbox 244 1995 364 2048; x_wconf 84' lang='lat' dir='ltr'>apud</span> <span class='ocrx_word' id='word_1_196' title='bbox 389 2008 702 2038; x_wconf 86' lang='lat' dir='ltr'>messanenses</span> <span class='ocrx_word' id='word_1_197' title='bbox 726 1993 1015 2037; x_wconf 79' lang='lat' dir='ltr'>authoritatis</span> <span class='ocrx_word' id='word_1_198' title='bbox 1038 1995 1070 2045; x_wconf 74' lang='lat'>²,</span> <span class='ocrx_word' id='word_1_199' title='bbox 1098 1993 1211 2036; x_wconf 91' lang='lat' dir='ltr'>adeo</span> <span class='ocrx_word' id='word_1_200' title='bbox 1239 2000 1286 2035; x_wconf 90' lang='lat' dir='ltr'>ut</span> <span class='ocrx_word' id='word_1_201' title='bbox 1310 1992 1493 2035; x_wconf 90' lang='lat' dir='ltr'>nomine</span> <span class='ocrx_word' id='word_1_202' title='bbox 1518 1991 1658 2033; x_wconf 89' lang='lat' dir='ltr'>totius</span> <span class='ocrx_word' id='word_1_203' title='bbox 1686 1989 1885 2032; x_wconf 90' lang='lat' dir='ltr'>civitatis</span> 
     </span>
     <span class='ocr_line' id='line_1_24' title="bbox 248 2068 1882 2127; baseline -0.001 -14"><span class='ocrx_word' id='word_1_204' title='bbox 248 2072 304 2113; x_wconf 83' lang='lat' dir='ltr'>ad</span> <span class='ocrx_word' id='word_1_205' title='bbox 323 2071 571 2126; x_wconf 82' lang='lat' dir='ltr'>principem</span> <span class='ocrx_word' id='word_1_206' title='bbox 596 2071 920 2127; x_wconf 88' lang='lat' dir='ltr'>Hispaniarum</span> <span class='ocrx_word' id='word_1_207' title='bbox 943 2070 1200 2126; x_wconf 76' lang='lat' dir='ltr'>Philippum</span> <span class='ocrx_word' id='word_1_208' title='bbox 1225 2070 1268 2112; x_wconf 93' lang='lat' dir='ltr'>in</span> <span class='ocrx_word' id='word_1_209' title='bbox 1290 2069 1459 2112; x_wconf 91' lang='lat' dir='ltr'>Italiam</span> <span class='ocrx_word' id='word_1_210' title='bbox 1478 2069 1799 2111; x_wconf 88' lang='lat' dir='ltr'>adventantem</span> <span class='ocrx_word' id='word_1_211' title='bbox 1819 2068 1882 2111; x_wconf 86' lang='lat' dir='ltr'>le·</span> 
     </span>
     <span class='ocr_line' id='line_1_25' title="bbox 246 2146 1393 2201; baseline -0.002 -11"><span class='ocrx_word' id='word_1_212' title='bbox 246 2155 381 2201; x_wconf 70' lang='lat' dir='ltr'>gatus</span> <span class='ocrx_word' id='word_1_213' title='bbox 405 2148 613 2192; x_wconf 83' lang='lat' dir='ltr'>maximis</span> <span class='ocrx_word' id='word_1_214' title='bbox 637 2163 741 2191; x_wconf 89' lang='lat' dir='ltr'>curn</span> <span class='ocrx_word' id='word_1_215' title='bbox 765 2148 1031 2192; x_wconf 88' lang='lat' dir='ltr'>muneribus</span> <span class='ocrx_word' id='word_1_216' title='bbox 1055 2147 1220 2190; x_wconf 90' lang='lat' dir='ltr'>missus</span> <span class='ocrx_word' id='word_1_217' title='bbox 1243 2146 1393 2189; x_wconf 88' lang='lat' dir='ltr'>fuerit.</span> 
     </span>
    </p>

    <p class='ocr_par' dir='ltr' id='par_1_7' title="bbox 246 2221 1888 2576">
     <span class='ocr_line' id='line_1_26' title="bbox 341 2221 1886 2281; baseline -0.003 -14"><span class='ocrx_word' id='word_1_218' title='bbox 341 2227 443 2267; x_wconf 71' lang='lat' dir='ltr'>Erat</span> <span class='ocrx_word' id='word_1_219' title='bbox 467 2234 618 2269; x_wconf 83' lang='lat' dir='ltr'>autem</span> <span class='ocrx_word' id='word_1_220' title='bbox 636 2226 820 2281; x_wconf 89' lang='lat' dir='ltr'>juvenis</span> <span class='ocrx_word' id='word_1_221' title='bbox 853 2225 927 2270; x_wconf 89' lang='lat' dir='ltr'>ille</span> <span class='ocrx_word' id='word_1_222' title='bbox 965 2233 1070 2269; x_wconf 90' lang='lat' dir='ltr'>ante</span> <span class='ocrx_word' id='word_1_223' title='bbox 1098 2224 1216 2267; x_wconf 90' lang='lat' dir='ltr'>diem</span> <span class='ocrx_word' id='word_1_224' title='bbox 1240 2238 1350 2268; x_wconf 90' lang='lat' dir='ltr'>suae</span> <span class='ocrx_word' id='word_1_225' title='bbox 1380 2222 1650 2273; x_wconf 84' lang='lat' dir='ltr'>vocationis,</span> <span class='ocrx_word' id='word_1_226' title='bbox 1677 2221 1886 2277; x_wconf 90' lang='lat' dir='ltr'>petulan-</span> 
     </span>
     <span class='ocr_line' id='line_1_27' title="bbox 249 2300 1883 2358; baseline -0.002 -16"><span class='ocrx_word' id='word_1_227' title='bbox 249 2301 335 2345; x_wconf 79' lang='lat' dir='ltr'>tiae</span> <span class='ocrx_word' id='word_1_228' title='bbox 359 2306 422 2349; x_wconf 78' lang='lat' dir='ltr'>(ut</span> <span class='ocrx_word' id='word_1_229' title='bbox 447 2318 499 2346; x_wconf 86' lang='lat' dir='ltr'>ea</span> <span class='ocrx_word' id='word_1_230' title='bbox 522 2311 646 2346; x_wconf 91' lang='lat' dir='ltr'>aetas</span> <span class='ocrx_word' id='word_1_231' title='bbox 668 2303 847 2358; x_wconf 83' lang='lat' dir='ltr'>assolet)</span> <span class='ocrx_word' id='word_1_232' title='bbox 872 2302 1070 2354; x_wconf 89' lang='lat' dir='ltr'>deditus,</span> <span class='ocrx_word' id='word_1_233' title='bbox 1097 2301 1140 2343; x_wconf 91' lang='lat' dir='ltr'>in</span> <span class='ocrx_word' id='word_1_234' title='bbox 1166 2300 1380 2356; x_wconf 86' lang='lat' dir='ltr'>superbia</span> <span class='ocrx_word' id='word_1_235' title='bbox 1403 2300 1537 2343; x_wconf 86' lang='lat' dir='ltr'>etiam</span> <span class='ocrx_word' id='word_1_236' title='bbox 1561 2313 1718 2342; x_wconf 88' lang='lat' dir='ltr'>omnes</span> <span class='ocrx_word' id='word_1_237' title='bbox 1751 2311 1883 2340; x_wconf 87' lang='lat' dir='ltr'>coae-</span> 
     </span>
     <span class='ocr_line' id='line_1_28' title="bbox 246 2379 1881 2435; baseline -0.003 -15"><span class='ocrx_word' id='word_1_238' title='bbox 246 2380 402 2433; x_wconf 76' lang='lat' dir='ltr'>quales</span> <span class='ocrx_word' id='word_1_239' title='bbox 441 2380 702 2435; x_wconf 87' lang='lat' dir='ltr'>superabat,</span> <span class='ocrx_word' id='word_1_240' title='bbox 737 2379 906 2424; x_wconf 90' lang='lat' dir='ltr'>nemini</span> <span class='ocrx_word' id='word_1_241' title='bbox 946 2379 1178 2435; x_wconf 83' lang='lat' dir='ltr'>parcebat,</span> <span class='ocrx_word' id='word_1_242' title='bbox 1213 2379 1418 2429; x_wconf 88' lang='lat' dir='ltr'>verbera,</span> <span class='ocrx_word' id='word_1_243' title='bbox 1451 2391 1659 2432; x_wconf 81' lang='lat' dir='ltr'>quaeque</span> <span class='ocrx_word' id='word_1_244' title='bbox 1689 2382 1881 2430; x_wconf 87' lang='lat' dir='ltr'>poterat,</span> 
     </span>
     <span class='ocr_line' id='line_1_29' title="bbox 246 2450 1888 2510; baseline -0.003 -14"><span class='ocrx_word' id='word_1_245' title='bbox 246 2455 343 2498; x_wconf 81' lang='lat' dir='ltr'>aliis</span> <span class='ocrx_word' id='word_1_246' title='bbox 377 2457 614 2508; x_wconf 86' lang='lat' dir='ltr'>inferebat,</span> <span class='ocrx_word' id='word_1_247' title='bbox 643 2458 756 2501; x_wconf 89' lang='lat' dir='ltr'>adeo</span> <span class='ocrx_word' id='word_1_248' title='bbox 779 2465 844 2510; x_wconf 93' lang='lat' dir='ltr'>ut,</span> <span class='ocrx_word' id='word_1_249' title='bbox 871 2458 928 2499; x_wconf 89' lang='lat' dir='ltr'>ob</span> <span class='ocrx_word' id='word_1_250' title='bbox 967 2456 1065 2499; x_wconf 90' lang='lat' dir='ltr'>eius</span> <span class='ocrx_word' id='word_1_251' title='bbox 1089 2456 1386 2499; x_wconf 87' lang='lat' dir='ltr'>excellentem</span> <span class='ocrx_word' id='word_1_252' title='bbox 1412 2452 1653 2503; x_wconf 87' lang='lat' dir='ltr'>maliciam,</span> <span class='ocrx_word' id='word_1_253' title='bbox 1679 2450 1888 2508; x_wconf 81' lang='lat' dir='ltr'>plurimis</span> 
     </span>
     <span class='ocr_line' id='line_1_30' title="bbox 249 2540 540 2576; baseline 0.01 -3"><span class='ocrx_word' id='word_1_254' title='bbox 249 2540 382 2575; x_wconf 92' lang='lat' dir='ltr'>notus</span> <span class='ocrx_word' id='word_1_255' title='bbox 405 2541 540 2576; x_wconf 84' lang='lat' dir='ltr'>esset.</span> 
     </span>
    </p>

    <p class='ocr_par' dir='ltr' id='par_1_8' title="bbox 245 2607 1886 2816">
     <span class='ocr_line' id='line_1_31' title="bbox 336 2607 1886 2663; baseline -0.003 -11"><span class='ocrx_word' id='word_1_256' title='bbox 336 2611 473 2653; x_wconf 90' lang='lat' dir='ltr'>Hunc</span> <span class='ocrx_word' id='word_1_257' title='bbox 498 2613 678 2655; x_wconf 90' lang='lat' dir='ltr'>tandem</span> <span class='ocrx_word' id='word_1_258' title='bbox 703 2612 927 2655; x_wconf 90' lang='lat' dir='ltr'>Dominus</span> <span class='ocrx_word' id='word_1_259' title='bbox 945 2612 1079 2654; x_wconf 89' lang='lat' dir='ltr'>oculo</span> <span class='ocrx_word' id='word_1_260' title='bbox 1098 2608 1435 2653; x_wconf 85' lang='lat' dir='ltr'>misericordiae</span> <span class='ocrx_word' id='word_1_261' title='bbox 1454 2607 1670 2663; x_wconf 83' lang='lat' dir='ltr'>respexit,</span> <span class='ocrx_word' id='word_1_262' title='bbox 1691 2620 1886 2661; x_wconf 87' lang='lat' dir='ltr'>eumque</span> 
     </span>
     <span class='ocr_line' id='line_1_32' title="bbox 245 2682 1886 2744; baseline -0.002 -17"><span class='ocrx_word' id='word_1_263' title='bbox 245 2688 302 2728; x_wconf 84' lang='lat' dir='ltr'>ad</span> <span class='ocrx_word' id='word_1_264' title='bbox 325 2702 400 2729; x_wconf 89' lang='lat' dir='ltr'>cor</span> <span class='ocrx_word' id='word_1_265' title='bbox 424 2689 570 2732; x_wconf 82' lang='lat' dir='ltr'>redire</span> <span class='ocrx_word' id='word_1_266' title='bbox 599 2689 759 2740; x_wconf 88' lang='lat' dir='ltr'>voluit,</span> <span class='ocrx_word' id='word_1_267' title='bbox 786 2689 908 2744; x_wconf 90' lang='lat' dir='ltr'>quod</span> <span class='ocrx_word' id='word_1_268' title='bbox 944 2695 991 2730; x_wconf 92' lang='lat' dir='ltr'>ut</span> <span class='ocrx_word' id='word_1_269' title='bbox 1031 2688 1192 2730; x_wconf 88' lang='lat' dir='ltr'>melius</span> <span class='ocrx_word' id='word_1_270' title='bbox 1231 2686 1376 2737; x_wconf 88' lang='lat' dir='ltr'>fieret,</span> <span class='ocrx_word' id='word_1_271' title='bbox 1402 2683 1629 2727; x_wconf 89' lang='lat' dir='ltr'>Dominus</span> <span class='ocrx_word' id='word_1_272' title='bbox 1651 2682 1886 2738; x_wconf 84' lang='lat' dir='ltr'>inspiravit</span> 
     </span>
     <span class='ocr_line' id='line_1_33' title="bbox 247 2756 1885 2816; baseline -0.002 -13"><span class='ocrx_word' id='word_1_273' title='bbox 247 2778 330 2804; x_wconf 75' lang='lat' dir='ltr'>avo</span> <span class='ocrx_word' id='word_1_274' title='bbox 354 2779 455 2816; x_wconf 83' lang='lat' dir='ltr'>suo,</span> <span class='ocrx_word' id='word_1_275' title='bbox 485 2773 533 2806; x_wconf 90' lang='lat' dir='ltr'>ut</span> <span class='ocrx_word' id='word_1_276' title='bbox 556 2779 659 2808; x_wconf 91' lang='lat' dir='ltr'>eum</span> <span class='ocrx_word' id='word_1_277' title='bbox 683 2780 788 2808; x_wconf 88' lang='lat' dir='ltr'>cum</span> <span class='ocrx_word' id='word_1_278' title='bbox 812 2767 951 2809; x_wconf 87' lang='lat' dir='ltr'>fratre</span> <span class='ocrx_word' id='word_1_279' title='bbox 975 2779 1058 2807; x_wconf 90' lang='lat' dir='ltr'>suo</span> <span class='ocrx_word' id='word_1_280' title='bbox 1081 2765 1136 2807; x_wconf 89' lang='lat' dir='ltr'>ad</span> <span class='ocrx_word' id='word_1_281' title='bbox 1166 2764 1347 2806; x_wconf 90' lang='lat' dir='ltr'>scholas</span> <span class='ocrx_word' id='word_1_282' title='bbox 1371 2768 1548 2804; x_wconf 85' lang='lat' dir='ltr'>nostras</span> <span class='ocrx_word' id='word_1_283' title='bbox 1571 2756 1789 2806; x_wconf 84' lang='lat' dir='ltr'>mitteret,</span> <span class='ocrx_word' id='word_1_284' title='bbox 1816 2758 1885 2801; x_wconf 91' lang='lat' dir='ltr'>di-</span> 
     </span>
    </p>
   </div>
   <div class='ocr_carea' id='block_1_4' title="bbox 257 2870 513 2876">
    <p class='ocr_par' dir='ltr' id='par_1_9' title="bbox 257 2870 513 2876">
     <span class='ocr_line' id='line_1_34' title="bbox 257 2870 513 2876; baseline 0 0"><span class='ocrx_word' id='word_1_285' title='bbox 257 2870 513 2876; x_wconf 95' lang='lat' dir='ltr'> </span> 
     </span>
    </p>
   </div>
   <div class='ocr_carea' id='block_1_5' title="bbox 251 2924 1882 3094">
    <p class='ocr_par' dir='ltr' id='par_1_10' title="bbox 251 2924 1882 3094">
     <span class='ocr_line' id='line_1_35' title="bbox 319 2924 1689 2977; baseline -0.004 -14"><span class='ocrx_word' id='word_1_286' title='bbox 319 2930 325 2948; x_wconf 86' lang='lat'><strong>¹</strong></span> <span class='ocrx_word' id='word_1_287' title='bbox 379 2930 535 2966; x_wconf 59' lang='lat' dir='ltr'>&lt;cilicet</span> <span class='ocrx_word' id='word_1_288' title='bbox 555 2931 818 2977; x_wconf 82' lang='lat' dir='ltr'>experientias</span> <span class='ocrx_word' id='word_1_289' title='bbox 836 2931 884 2966; x_wconf 90' lang='lat' dir='ltr'>ad</span> <span class='ocrx_word' id='word_1_290' title='bbox 904 2931 1137 2966; x_wconf 91' lang='lat' dir='ltr'>novitiorum</span> <span class='ocrx_word' id='word_1_291' title='bbox 1165 2928 1453 2964; x_wconf 90' lang='lat' dir='ltr'>institutionem</span> <span class='ocrx_word' id='word_1_292' title='bbox 1473 2924 1689 2960; x_wconf 84' lang='lat' dir='ltr'>ordinatas.</span> 
     </span>
     <span class='ocr_line' id='line_1_36' title="bbox 317 2983 1882 3035; baseline -0.004 -11"><span class='ocrx_word' id='word_1_293' title='bbox 317 2993 328 3009; x_wconf 84' lang='grc'>·-’</span> <span class='ocrx_word' id='word_1_294' title='bbox 382 2989 506 3034; x_wconf 82' lang='lat' dir='ltr'>Hujus</span> <span class='ocrx_word' id='word_1_295' title='bbox 526 2990 676 3035; x_wconf 83' lang='lat' dir='ltr'>egregii</span> <span class='ocrx_word' id='word_1_296' title='bbox 696 2990 768 3024; x_wconf 90' lang='lat' dir='ltr'>viri</span> <span class='ocrx_word' id='word_1_297' title='bbox 787 3001 929 3026; x_wconf 90' lang='lat' dir='ltr'>nomen</span> <span class='ocrx_word' id='word_1_298' title='bbox 948 2996 1030 3025; x_wconf 85' lang='lat' dir='ltr'>erat</span> <span class='ocrx_word' id='word_1_299' title='bbox 1051 2988 1270 3025; x_wconf 86' lang='lat' dir='ltr'>Bernardus</span> <span class='ocrx_word' id='word_1_300' title='bbox 1290 2984 1541 3022; x_wconf 78' lang='lat' dir='ltr'>pharaonius.</span> <span class='ocrx_word' id='word_1_301' title='bbox 1564 2983 1625 3019; x_wconf 82' lang='lat' dir='ltr'>Cf.</span> <span class='ocrx_word' id='word_1_302' title='bbox 1648 2983 1882 3026; x_wconf 80' lang='lat' dir='ltr'>AGUILERA,</span> 
     </span>
     <span class='ocr_line' id='line_1_37' title="bbox 251 3048 757 3094; baseline 0.01 -14"><span class='ocrx_word' id='word_1_303' title='bbox 251 3049 322 3084; x_wconf 81' lang='lat' dir='ltr'>loc.</span> <span class='ocrx_word' id='word_1_304' title='bbox 342 3048 422 3091; x_wconf 79' lang='lat' dir='ltr'>cit.,</span> <span class='ocrx_word' id='word_1_305' title='bbox 446 3060 530 3094; x_wconf 84' lang='lat' dir='ltr'>cap.</span> <span class='ocrx_word' id='word_1_306' title='bbox 553 3049 618 3094; x_wconf 83' lang='lat' dir='ltr'>lv,</span> <span class='ocrx_word' id='word_1_307' title='bbox 640 3061 676 3084; x_wconf 92' lang='lat' dir='ltr'>n.</span> <span class='ocrx_word' id='word_1_308' title='bbox 700 3058 757 3093; x_wconf 85' lang='lat'>25.</span> 
     </span>
    </p>
   </div>
   <div class='ocr_carea' id='block_1_6' title="bbox 2003 2183 2028 2934">
    <p class='ocr_par' dir='ltr' id='par_1_11' title="bbox 2003 2155 2028 2934">
     <span class='ocr_line' id='line_1_38' title="bbox 2003 2183 2028 2934; textangle 90"><span class='ocrx_word' id='word_1_309' title='bbox 2003 2926 2014 2934; x_wconf 41' lang='grc' dir='ltr'><strong>ξ</strong></span> <span class='ocrx_word' id='word_1_310' title='bbox 2004 2701 2028 2912; x_wconf 46' lang='grc' dir='ltr'>ίέἳὙΜἉὸθ</span> <span class='ocrx_word' id='word_1_311' title='bbox 2014 2682 2028 2694; x_wconf 64' lang='lat' dir='ltr'>a</span> <span class='ocrx_word' id='word_1_312' title='bbox 2007 2533 2028 2675; x_wconf 56' lang='lat' dir='ltr'>anm-ama&gt;</span> <span class='ocrx_word' id='word_1_313' title='bbox 2008 2232 2028 2526; x_wconf 41' lang='grc' dir='ltr'>ἰυῡ-Ξηιικυιᾳῶμι</span> <span class='ocrx_word' id='word_1_314' title='bbox 2020 2208 2028 2218; x_wconf 90' lang='grc'>.-</span> <span class='ocrx_word' id='word_1_315' title='bbox 2015 2183 2028 2199; x_wconf 63' lang='grc' dir='ltr'>ιι</span> 
     </span>
    </p>
   </div>
  </div>
 </body>
</html>
