2028 3426
253 225 323 261 244
726 216 879 252 PATms
906 217 1147 251 HOERONYMI
1173 215 1323 250 NADAL

209 317 313 361 sarii
343 318 412 360 vel
444 317 597 369 vestis,
630 318 673 360 id
703 326 937 373 acceptum
968 319 1138 360 seratur
1165 316 1206 359 ei
1236 315 1447 372 collegio,
1474 317 1594 372 quod
1621 324 1690 361 est
1717 317 1843 359 solu-

210 402 360 437 turum
394 394 622 450 impensas
653 395 771 437 illius
805 394 990 446 itineris3
1023 393 1059 436 si
1093 392 1340 437 necessitas
1371 407 1460 435 non
1485 401 1660 449 vrgeat‚
1692 393 1838 436 susci-

209 471 388 527 pientur
411 471 669 514 huiusmodi
693 471 901 527 hospitio,
927 478 972 512 et
996 470 1105 512 nihil
1128 469 1266 512 aliud.
1293 469 1341 514 Si
1365 484 1472 513 vero
1490 469 1627 525 aliqui
1646 470 1840 526 professi

209 549 281 592 vel
296 548 581 591 coadiutores
600 548 777 591 formati
794 548 1079 590 mitterentur
1097 547 1153 589 ad
1171 548 1373 603 gerenda
1389 546 1582 602 negocia
1600 546 1840 591 Societatis

210 626 281 669 vel
304 624 406 678 alia,
431 624 634 668 similiter
656 639 758 666 cum
792 624 844 665 iis
874 631 1025 679 posset
1053 623 1144 679 agi,
1170 623 1343 666 scilicet
1371 624 1521 679 quoad
1552 623 1766 666 viaticum
1795 630 1840 667 et

210 709 376 753 vestes,
403 710 539 756 atque
563 701 732 743 dictum
756 708 824 744 cst
847 702 902 744 de
925 700 1222 743 scholasticis:
1248 701 1286 743 si
1309 700 1417 756 quid
1435 700 1587 742 viatici
1607 701 1677 742 vel
1702 699 1842 744 vestis

213 793 359 821 nouae
383 778 447 822 eis
470 779 669 830 daretur,
695 778 738 819 id
763 778 1121 833 recuperandum
1144 785 1264 821 esset
1287 779 1343 820 ab
1367 777 1435 829 iis,
1457 777 1533 832 qui
1551 791 1629 821 eos
1651 777 1777 820 alunt
1795 776 1841 819 in

212 855 385 898 itinere.
429 855 475 899 Si
515 870 623 899 vero
661 855 777 897 irent
814 854 1004 910 professi
1042 855 1114 898 vel
1151 854 1436 897 coadiutores
1465 854 1510 896 in
1541 853 1839 898 ministerium

214 947 365 984 suurn,
393 933 662 975 adiuuantes
691 931 862 974 animas
892 931 1017 974 iuxta
1047 931 1290 976 Societatis
1328 931 1604 982 institutum,
1632 938 1740 973 tunc
1770 945 1842 974 re-

214 1018 361 1052 ctores
384 1009 673 1065 collegiorum
699 1023 787 1050 non
808 1015 990 1064 possent
1013 1008 1116 1052 illos
1139 1009 1267 1052 aliter
1285 1008 1458 1061 iuuare,
1480 1023 1612 1063 quarn
1638 1007 1847 1064 hospicio

215 1086 364 1141 aliquo
387 1086 475 1135 die,
502 1087 572 1130 vel
595 1101 740 1142 pauco
763 1086 944 1138 viatico,
966 1087 1037 1128 vel
1060 1101 1106 1129 re
1124 1086 1272 1139 simili,
1293 1094 1341 1128 vt
1363 1094 1432 1130 est
1450 1085 1494 1127 in
1515 1084 1583 1130 2.⁰
1602 1098 1702 1140 cap.
1724 1085 1838 1128 decl.

215 1162 281 1222 [F]
303 1177 330 1216 4
353 1163 491 1219 partis
519 1166 545 1205 ¹.

307 1242 471 1284 Rector
504 1255 592 1283 non
622 1240 844 1297 intelligat
873 1254 928 1283 ex
962 1251 985 1295 5
1019 1226 1282 1297 cap.‘officii
1314 1241 1385 1283 sui
1411 1240 1498 1297 *sibi
1531 1254 1630 1284 esse
1658 1239 1845 1282 interdi-

216 1326 356 1370 ctum,
382 1332 437 1360 ne
460 1317 639 1373 saepius
663 1332 797 1372 quam
821 1318 959 1362 semel
981 1317 1026 1360 in
1049 1332 1170 1361 anno
1193 1327 1400 1362 exerceat
1420 1318 1573 1360 infima
1597 1316 1745 1359 officia
1762 1317 1845 1359 do—

216 1409 332 1446 mus,
355 1395 411 1436 ad
429 1394 616 1437 aliorum
633 1395 889 1451 exemplum
912 1403 958 1437 et
974 1394 1353 1448 aedificationem,
1374 1395 1756 1450 quemadmodum
1775 1392 1846 1436 in-

218 1471 436 1527 telligitur
458 1486 512 1514 ex
543 1471 685 1527 primo
714 1486 811 1527 cap.
847 1485 871 1526 3
905 1471 1044 1528 partis
1077 1473 1233 1515 Const.
1268 1473 1282 1492 ²
1320 1473 1417 1515 Nec
1449 1471 1495 1514 in
1528 1471 1599 1514 his
1629 1469 1849 1514 terminus

217 1548 403 1604 praefigi
428 1548 557 1591 facile
580 1557 746 1605 potest,
773 1549 951 1592 tametsi
974 1548 1257 1604 frequentius
1280 1549 1324 1591 id
1353 1562 1490 1605 agere
1519 1563 1610 1591 non
1640 1555 1708 1592 est
1737 1561 1846 1590 con-

218 1627 402 1678 sultum3
429 1633 474 1669 et
495 1625 531 1668 si
557 1633 623 1670 ter
646 1627 719 1670 vel
747 1633 907 1681 quater
936 1625 982 1668 in
1011 1641 1131 1669 anno
1168 1625 1213 1668 id
1244 1626 1426 1678 faciant,
1452 1640 1543 1669 non
1575 1624 1660 1669 erit
1691 1625 1849 1680 super-—

216 1704 373 1745 fluum.

307 1782 368 1823 Vt
390 1795 444 1824 ex
463 1780 866 1824 constitutionibus
889 1788 934 1826 et
963 1781 1123 1837 regula
1145 1780 1331 1824 rectoris
1355 1780 1666 1844 intelligimus,
1691 1793 1776 1823 nec
1793 1780 1851 1822 ad

219 1858 454 1913 prandium
478 1872 562 1902 nec
585 1859 641 1901 ad
663 1872 852 1902 coenam
875 1858 1037 1914 aliquis
1054 1865 1300 1902 extraneus
1319 1856 1496 1900 admitti
1514 1864 1663 1912 potest
1680 1857 1736 1900 ad
1754 1856 1850 1899 col-

218 1935 402 1990 legium.
431 1936 587 1990 Itaque
610 1936 699 1978 hoc
721 1935 779 1978 sit
802 1931 1196 1988 firmum,'nullum
1215 1934 1367 1977 vocari
1386 1948 1519 1990 posse
1538 1948 1621 1977 nec
1639 1933 1696 1976 ad
1714 1947 1850 1989 pran-

219 2012 340 2054 dium
367 2026 450 2056 nec
474 2013 528 2054 ad
553 2027 741 2056 coenam
765 2012 850 2055 nisi
881 2027 937 2056 ex
966 2003 1319 2068 dispensatione:
1346 2019 1391 2054 et
1420 1999 1555 2055 debet
1585 2025 1686 2055 esse
1714 2025 1852 2066 supe-

220 2088 413 2131 rioribus
446 2089 676 2145 integrum
699 2104 881 2132 causam
913 2089 1163 2133 obtendere
1185 2088 1413 2140 omnibus,
1439 2087 1516 2144 qui
1547 2087 1748 2130 fortassis
1771 2102 1852 2132 ex-

221 2173 424 2221 peterent
457 2182 481 2209 a
503 2166 668 2209 nostris
696 2167 868 2221 aliquot
896 2165 1096 2218 inuitari,
1122 2165 1232 2208 illud
1262 2180 1378 2217 esse,
1406 2165 1527 2220 quod
1558 2180 1613 2209 ex
1642 2163 1854 2207 instituto

223 2242 353 2285 nobis
375 2250 442 2286 est
465 2243 770 2286 interdictum.
799 2244 986 2295 Verum,
1014 2250 1060 2284 vt
1098 2242 1143 2285 in
1172 2242 1270 2285 aliis
1300 2241 1486 2298 regulis,
1513 2241 1574 2284 ita
1604 2248 1649 2285 et
1682 2241 1726 2283 in
1765 2242 1853 2284 hac

224 2319 386 2374 poterit
414 2326 575 2358 ἐπιείκεια
602 2320 830 2372 adhiberi,
866 2320 1245 2375 quemadmodum
1276 2318 1573 2374 intelligimus
1605 2317 1852 2360 adhibitam

222 2410 321 2440 esse
345 2396 431 2438 iarn
456 2396 559 2439 inde
582 2397 791 2452 primum,
819 2411 922 2440 cum
947 2397 1031 2439 fuit
1055 2398 1224 2440 Romae
1253 2396 1388 2464 edita.
1417 2397 1465 2438 In
1489 2395 1682 2451 collegio
1705 2409 1854 2438 roma—

224 2560 304 2584 rem
330 2550 485 2595 collegii
516 2550 834 2596 ingolstadiensis
858 2551 1015 2596 agebat.
1046 2551 1160 2585 Anno
1184 2555 1315 2585 autem
1346 2549 1526 2595 sequenti
1557 2548 1685 2584 eidem
1717 2548 1756 2584 in
1782 2549 1857 2584 hoc

226 2620 384 2643 munere
403 2611 592 2645 successit
613 2611 655 2645 P.
676 2611 820 2645 Paulus
839 2610 1040 2645 Hoffaeus.
1062 2610 1119 2644 En
1137 2620 1236 2656 quae
1254 2608 1302 2643 ad
1322 2619 1403 2643 rem
1431 2608 1702 2643 declarandam
1716 2608 1857 2654 juvare

225 2674 407 2713 poterunt
422 2680 469 2703 ex
491 2669 616 2715 Epist.
640 2670 687 2704 Ρ.
708 2670 858 2711 Nadal,
879 2670 925 2715 11,
949 2668 1025 2715 138,
1045 2668 1287 2715 deprompta:
1309 2668 1366 2702 «A
1392 2667 1631 2713 Ingolstadio
1649 2666 1703 2702 fui
1727 2678 1801 2702 eon
1820 2668 1857 2702 el

227 2727 274 2761 P.
299 2727 474 2773 Lannoy,
494 2740 569 2774 que
589 2740 652 2763 era
680 2729 821 2764 venido
845 2731 866 2764 a
897 2730 1122 2774 Augusta...
1154 2726 1336 2774 respondi
1365 2729 1385 2762 a
1412 2726 1522 2762 todas
1554 2728 1609 2762 las
1639 2726 1762 2762 dudas
1792 2726 1855 2762 del

227 2786 269 2820 P.
289 2786 448 2833 Lannoy
466 2800 492 2834 y
507 2795 682 2825 otros...»
703 2789 973 2834 paragraphus
986 2787 1102 2834 hujus
1121 2786 1377 2831 monumenti,
1396 2797 1495 2833 quae
1515 2785 1664 2832 incipit:
1692 2787 1772 2821 «Ex
1793 2785 1859 2821 illa

226 2845 552 2883 instructione...»
573 2847 675 2881 edita
695 2853 756 2883 est
773 2847 874 2893 apud
893 2853 1024 2882 nostra
1039 2847 1223 2881 Menum.
1249 2846 1447 2892 Paedag.‚
1462 2856 1550 2891 pag.
1570 2850 1654 2889 775.

298 2907 303 2925 ¹
358 2904 417 2940 Cf.
443 2904 752 2949 constitutiones
773 2906 984 2941 Societatis
998 2906 1099 2952 Jesu
1126 2904 1281 2940 latinae
1304 2907 1341 2940 et
1360 2904 1604 2950 hispanicae,
1631 2915 1747 2950 pagg.
1776 2911 1858 2949 114,

229 2970 307 3006 115.

297 3026 308 3042 ·-’
361 3022 476 3067 Ιὺίἀ.,
499 3034 613 3069 pagg.
633 3034 692 3069 94,
714 3033 772 3068 95,
794 3036 832 3059 n.
856 3032 911 3068 19.
