2028 3426
350 234 420 269 820
930 235 1065 270 EPIST.
1094 234 1137 269 P.
1166 234 1317 269 NADAL

1085 389 1166 429 ἐὖ

748 476 801 519 Ρ.
838 474 1190 517 HIERONYMI
1223 474 1496 518 NATALIS

517 567 794 605 APOLOGIA
833 568 935 605 PRO
974 567 1266 604 EXERCITns
1301 569 1342 606 s,
1381 569 1423 603 P.
1455 569 1663 604 IGNATII
1699 569 1723 607 ¹.

392 723 493 779 Pau.
527 723 536 766 Ι
601 723 725 778 Quid
764 724 979 768 exercitia
994 758 1003 776 ,
1046 724 1191 766 tribus
1230 723 1314 766 viis
1352 729 1382 766 2.
1435 725 1665 779 Quorsum
1700 723 1940 768 attineant.

301 801 485 855 Quanta
509 800 758 844 necessitas
781 801 1075 854 electionum,
1102 816 1158 845 ne
1178 808 1268 843 tam
1294 800 1420 844 multi
1445 808 1615 845 temere
1637 816 1690 844 ac
1708 801 1806 845 sine
1829 815 1940 844 con-

301 878 399 921 silio
423 878 495 920 vel
513 879 570 920 ad
593 877 858 933 religionem
877 879 1058 930 adeant,
1081 879 1153 922 vel
1171 879 1227 921 ad
1246 892 1532 921 communem
1552 886 1737 922 statum.
1764 880 1939 933 Quem-

301 956 543 998 admodum
576 955 649 997 illa
678 955 853 998 inuenit
888 956 1038 998 Pater.
1082 957 1232 1011 Quam
1262 955 1516 999 necessaria
1551 956 1850 1011 philosophis,
1886 971 1942 1000 ex

299 1034 520 1077 Cicerone
542 1042 586 1076 et
610 1032 803 1089 graecis.
833 1034 972 1088 Quod
991 1048 1093 1088 pars
1112 1033 1427 1089 prouidentiae
1445 1034 1722 1076 consultatio
1742 1035 1941 1076 humana

299 1126 377 1167 per
401 1114 598 1153 humana
623 1111 786 1164 media,
811 1111 966 1154 diuina
988 1126 1067 1167 per
1090 1111 1261 1154 diuina.
1288 1113 1431 1167 Xpus.
1456 1111 1610 1153 docuit
1634 1126 1733 1164 nos,
1765 1125 1868 1154 cum
1894 1111 1939 1153 in

299 1190 531 1232 desertum
554 1188 758 1232 secessit.
781 1190 912 1231 Duae
935 1197 1041 1231 sunt
1066 1188 1180 1231 viae:
1204 1189 1540 1240 mandatorum,
1561 1196 1605 1231 et
1629 1188 1938 1233 consiliorum.

298 1265 347 1309 Si
370 1265 454 1316 vis,
481 1265 628 1320 inquit
651 1267 798 1320 Xpus.
824 1260 1054 1321 perfectus
1078 1280 1178 1309 esse
1202 1266 1234 1318 ³,
1261 1273 1350 1309 etc.
1378 1265 1427 1310 Si
1452 1265 1536 1318 vis,
1570 1280 1657 1321 age
1679 1266 1799 1320 quod
1827 1264 1871 1308 in
1898 1272 1941 1309 te

299 1351 367 1386 est
386 1357 465 1398 per
483 1358 554 1386 me
572 1357 651 1398 per
669 1342 877 1398 spiritum
897 1343 1145 1398 sapientiae
1168 1351 1213 1387 et
1235 1343 1510 1397 intellectus,
1532 1350 1579 1385 vt
1603 1342 1810 1386 inuenias
1833 1357 1940 1386 con-

301 1420 448 1462 silium
477 1428 522 1463 et
545 1420 855 1463 fortitudinem
879 1429 923 1463 et
947 1435 1025 1476 per
1049 1420 1222 1476 reliqua
1246 1422 1364 1463 dona
1393 1420 1611 1476 opereris.
1645 1420 1939 1476 Speculatiue

372 1568 380 1588 ¹
434 1569 491 1603 Ex
517 1569 774 1615 autographo,
802 1569 841 1604 in
871 1568 966 1604 Cod.
998 1570 1124 1604 Vatic.
1160 1579 1194 1615 2,
1223 1580 1244 1603 a
1271 1568 1384 1604 nobis
1415 1569 1454 1604 in
1484 1569 1611 1615 Epist.
1640 1570 1692 1603 P.
1724 1568 1875 1614 Nadal‚
1908 1570 1941 1612 1,

300 1636 480 1672 xL-xle,
501 1627 715 1674 descripto,
736 1628 802 1663 ubi
822 1629 895 1663 sub
914 1640 952 1663 n.
973 1637 1014 1663 12
1034 1628 1135 1664 inter
1153 1628 1249 1663 alios
1268 1628 1422 1663 codices
1440 1634 1681 1663 recensetur.
1703 1629 1790 1663 Duo
1809 1639 1942 1663 exem·-

300 1689 360 1733 pla
379 1687 495 1733 hujus
512 1687 728 1733 Apologiae
753 1688 959 1723 habentur.
987 1688 1175 1733 Primum,
1201 1687 1239 1722 in
1259 1686 1434 1734 praefato
1458 1687 1591 1722 codice
1617 1692 1862 1730 contentum,
1882 1695 1940 1722 to·

302 1754 383 1782 tum
403 1748 687 1794 autographum
707 1748 748 1783 P.
774 1748 940 1794 Natalis,
960 1759 981 1782 a
1006 1748 1049 1782 Ρ.
1079 1747 1190 1782 Pinio
1209 1747 1248 1782 in
1267 1749 1369 1782 Acta
1400 1747 1657 1791 Sanctorum,
1678 1753 1704 1782 t.
1727 1747 1800 1781 VII
1832 1746 1942 1792 Julii,

299 1811 398 1842 Acta
415 1808 455 1843 S.
475 1794 647 1854 Ignatii,
666 1806 886 1843 Commeat.
899 1811 1057 1853 proteu,
1073 1819 1110 1842 n.
1127 1806 1188 1853 88,
1202 1813 1541 1847 commemoratur.
1560 1807 1739 1841 Alterum
1755 1818 1848 1841 vero
1863 1818 1940 1841 non

300 1868 553 1913 completum,
573 1868 622 1902 ab
641 1865 872 1902 amanuensi
891 1872 1092 1902 exaratum
1113 1872 1152 1901 et
1170 1878 1191 1901 a
1210 1866 1339 1902 Natali
1359 1866 1622 1911 emendatum,
1643 1866 1743 1901 inter
1769 1865 1941 1901 Societa-

304 1926 353 1961 tis
375 1938 489 1961 manu
511 1926 655 1972 scripta
675 1932 912 1962 asservatur.
934 1927 1018 1961 Hoc
1038 1926 1252 1961 secundum
1271 1938 1292 1961 a
1307 1926 1420 1961 nobis
1439 1926 1586 1962 editum
1603 1926 1675 1961 fuit
1690 1926 1728 1961 in
1746 1924 1944 1960 Chronico

303 1987 343 2021 P.
367 1986 538 2031 Polanci,
559 1987 630 2031 ΙΙΙ,
663 1986 834 2030 525-573.
866 1985 965 2021 Cum
997 1991 1126 2021 autem
1158 1985 1254 2021 illud
1273 1986 1378 2032 typis
1405 1986 1687 2031 commisimus,
1716 1986 1938 2031 exemplum

303 2045 536 2080 Vaticanum
555 2047 791 2092 completum
812 2046 982 2081 nondum
1003 2046 1238 2081 videramus.
1266 2046 1407 2081 Postea
1433 2057 1540 2089 vero,
1567 2051 1731 2092 utroque
1758 2046 1939 2091 exemplo

305 2116 326 2139 a
346 2105 458 2140 nobis
478 2106 625 2140 Romae
657 2106 816 2145 collato,
848 2105 1062 2140 secundum
1095 2117 1142 2140 ex
1174 2105 1298 2152 primo
1318 2107 1592 2152 transcriptum
1617 2117 1637 2140 a
1657 2104 1813 2140 librario
1833 2109 1871 2138 et
1889 2105 1939 2138 ab

304 2170 463 2200 auctore
485 2165 618 2200 multis
639 2164 980 2200 emendationibus
999 2165 1213 2211 expolitum
1232 2164 1354 2200 fuisse
1379 2165 1651 2211 cognovimus,
1677 2175 1772 2211 quas
1796 2163 1942 2199 ibidem

2008 1984 2028 2025 ἒ

2013 2022 2025 2043 ο,

303 2223 350 2258 ad
368 2225 514 2259 calcem
534 2224 746 2270 diligenter
763 2226 1051 2260 annotavimus.
1071 2224 1170 2259 Cum
1189 2229 1320 2259 autem
1340 2230 1421 2259 tum
1447 2223 1611 2270 exordii,
1639 2229 1720 2259 tum
1745 2223 1939 2259 secundae
2003 2215 2028 2256 ⁴.-

304 2284 424 2329 partis
443 2285 558 2330 hujus
576 2285 779 2330 apologiae
798 2284 1114 2331 emendationem
1135 2284 1283 2319 Natalis
1302 2294 1378 2319 non
1397 2284 1624 2329 absolverit,
1640 2295 1739 2331 quae
1759 2284 1797 2318 in
1815 2284 1940 2318 altero

303 2345 482 2390 exemplo
500 2344 657 2389 desunt,
676 2344 763 2379 heic
782 2345 955 2379 inserere
982 2349 1095 2390 prout
1120 2343 1158 2379 in
1177 2345 1418 2390 autographo
1447 2344 1636 2378 Vaticano
1661 2345 1855 2378 habentur
1874 2342 1938 2377 de-

301 2403 510 2449 crevimus,
534 2409 576 2438 ut
595 2403 790 2448 integrum
810 2404 881 2438 hoc
901 2403 1051 2438 Natalis
1067 2403 1255 2449 scripturn
1275 2403 1313 2438 in
1333 2403 1439 2438 hisce
1460 2403 1745 2439 Moxunssmis
1771 2401 1938 2447 reperia-

303 2466 376 2495 tur.
399 2461 567 2506 Paginas
586 2467 625 2496 et
657 2461 745 2496 folia
776 2461 1032 2496 crassioribus
1064 2461 1236 2497 numeris
1268 2461 1498 2507 indicamu83
1519 2473 1567 2496 ex
1586 2461 1728 2507 quibus
1759 2459 1937 2495 foliorum

304 2520 571 2555 notationibus
590 2521 732 2556 clarius
751 2520 970 2567 apparebit,
989 2532 1179 2568 quaenam
1200 2520 1238 2556 in
1263 2522 1387 2555 altero
1413 2522 1592 2567 exemplo
1616 2520 1758 2555 omissa
1777 2519 1937 2561 fuerint;

304 2591 390 2614 narn
410 2591 431 2614 a
451 2580 591 2626 pagina
613 2580 663 2614 1.n
681 2580 730 2615 ad
753 2581 859 2615 idam
877 2581 1042 2616 habetur
1067 2580 1284 2625 exordium,
1306 2580 1343 2615 in
1363 2581 1485 2615 altero
1504 2591 1566 2615 ex.
1587 2579 1785 2614 omissum.
1815 2578 1848 2612 A
1875 2589 1936 2624 pa·

302 2639 394 2684 gina
413 2645 543 2674 autern
567 2641 642 2674 16.a
660 2640 708 2674 ad
728 2639 792 2675 fol.
818 2640 911 2684 165v
931 2641 1096 2675 habetur
1115 2651 1202 2686 pars
1221 2651 1241 2674 a
1260 2640 1374 2675 nobis
1388 2639 1468 2685 jam
1486 2639 1603 2674 edita.
1622 2639 1653 2673 A
1670 2638 1762 2674 folio
1782 2637 1937 2672 tandem

307 2699 398 2742 165v
413 2699 459 2733 ad
478 2698 594 2734 finem
614 2705 768 2734 caetera
787 2699 848 2734 hic
868 2698 1043 2734 exhibita
1062 2699 1325 2736 continentur.

1996 2513 2016 2558 vu
1996 2452 2021 2502 «χ.-
2002 2389 2018 2441 -·‚.

375 2762 387 2779 ²
440 2759 496 2793 Ex
516 2758 624 2793 hisce
643 2758 898 2804 argumentis,
920 2758 1094 2793 breviter
1114 2763 1262 2793 tantum
1283 2770 1303 2793 a
1323 2758 1451 2793 Natali
1471 2757 1665 2802 indicatis,
1682 2762 1842 2803 apparet
1856 2757 1941 2803 ejus
1988 2759 2016 2779 ·”“

305 2824 476 2852 mentem
497 2817 620 2852 fuisse
640 2817 795 2863 longius
813 2817 862 2852 de
881 2817 1081 2852 exercitiis
1099 2817 1307 2852 disserere.
1330 2818 1377 2852 Et
1395 2818 1467 2852 hoc
1485 2817 1523 2851 in
1542 2827 1658 2851 causa
1683 2827 1770 2851 esse
1796 2815 1936 2862 potuit,
1988 2811 1999 2849 ,2

305 2883 346 2911 ut
365 2876 678 2911 emendationem
697 2888 774 2912 non
795 2878 844 2912 ab
863 2876 1024 2912 exordio
1043 2876 1112 2912 sed
1131 2889 1152 2911 a
1171 2876 1264 2912 folio
1287 2877 1361 2914 16.⁰
1380 2877 1582 2923 inciperet,
1606 2881 1662 2921 ut,
1687 2875 1775 2910 data
1801 2886 1936 2922 oppor-
1985 2884 1990 2890 ‘

307 2935 488 2979 tunitate,
515 2935 718 2970 exordium
746 2936 900 2981 longius
928 2936 1152 2982 protrahere
1185 2941 1332 2982 posset;
1352 2936 1501 2971 interea
1523 2946 1615 2970 vero
1633 2940 1788 2970 caetera
1807 2945 1935 2970 ernen-
1981 2967 1989 2979 ,

305 2995 426 3032 daret.

376 3056 389 3074 ⁵
440 3055 751 3098 MATTH.‚X1X,
773 3062 830 3089 21.
