2028 3426
374 235 446 272 410
849 230 1003 265 PATms
1030 229 1275 265 Hmnonvffl
1301 227 1451 263 NADAL

328 330 533 374 officium
566 332 630 374 illi
663 332 962 388 iniungendo,
998 345 1102 374 cum
1135 344 1226 386 quo
1258 329 1382 386 prius
1415 344 1505 372 non
1536 329 1677 386 possit
1700 329 1966 384 conuenire,

327 415 406 451 aut
428 415 477 451 vt
500 408 704 452 mittatur
728 410 772 451 in
796 409 991 464 aliquem
1015 409 1165 451 locum
1194 407 1350 459 alium,
1375 413 1454 450 aut
1483 406 1678 462 aliquam
1699 405 1966 462 peregrina-

330 485 516 538 tionem,
542 495 620 529 aut
643 485 995 540 xenodochium,
1021 485 1093 529 vel
1121 484 1207 528 alia
1237 483 1410 528 ratione
1439 490 1484 527 et
1511 482 1748 536 industria,
1773 483 1838 526 vti
1865 490 1969 539 pot-

327 562 416 607 erit
439 564 647 620 superior
670 564 714 606 in
739 578 786 606 re
811 562 1050 619 praesenti.
1967 616 1969 618 Ι

415 642 490 684 Ab
513 641 582 692 iis,
604 641 680 696 qui
698 642 831 683 domo
849 640 1165 697 egrediuntur,
1186 639 1442 695 superiores
1460 638 1706 682 resciscant
1724 637 1832 693 quid
1851 652 1963 694 ege-

328 717 433 771 rint,
454 718 530 760 vbi
555 719 757 770 redeant3
785 709 1167 772 quemadmodum
1200 723 1471 760 consuetum
1495 715 1580 759 fuit
1602 714 1746 767 initio,
1780 722 1825 757 et
1854 714 1967 758 vtile

326 802 396 838 est
417 794 463 836 in
482 794 637 850 primis
660 808 712 837 ac
730 794 865 837 etiarn
890 794 1213 839 necessarium.
1235 792 1453 838 Similiter
1470 792 1622 836 socius
1644 792 1802 836 reddet
1826 791 1962 836 ratio-

327 885 430 914 nem
455 872 510 914 de
534 872 693 915 eadem
717 887 782 924 re,
807 870 884 913 vbi
907 870 1105 914 redierit.

416 948 473 992 ΙΙΟ
497 948 728 1004 Superior,
771 949 953 1004 quando
991 948 1048 991 ab
1070 962 1124 991 eo
1153 947 1323 1004 petitur
1351 947 1542 990 facultas
1579 945 1796 998 exeundi,
1830 945 1962 998 sciat,

326 1040 417 1068 non
441 1026 587 1068 solum
613 1040 702 1080 quo
726 1032 852 1078 eunt,
885 1026 965 1068 sed
994 1025 1129 1069 etiam
1158 1039 1359 1077 causam,
1391 1030 1573 1080 propter
1603 1037 1740 1078 quam
1764 1029 1891 1074 eunt,
1918 1029 1967 1064 et

327 1102 493 1145 scribet
516 1102 561 1144 in
580 1117 662 1145 sua
686 1103 875 1146 cartula:
905 1104 1032 1159 «Ego
1054 1101 1157 1146 dedi
1182 1102 1441 1144 facultatem
1473 1100 1550 1143 tali
1573 1115 1653 1156 pro
1675 1102 1765 1143 hoc
1793 1100 1865 1143 vel
1887 1099 1969 1142 illo

326 1179 547 1235 negocio»
582 1187 669 1224 etc.
701 1186 747 1222 et
776 1179 953 1236 vesperi
991 1178 1195 1222 conferet
1232 1193 1360 1222 suam
1400 1178 1618 1221 cartulam
1652 1191 1754 1220 cum
1787 1176 1974 1222 cartulav

324 1256 544 1308 ianitoris,
571 1263 615 1301 et
638 1256 674 1299 si
699 1271 787 1300 non
807 1255 1097 1308 conuenient,
1119 1270 1212 1300 rem
1231 1254 1521 1300 examinabit.
1546 1254 1832 1298 Praescribat
1850 1267 1965 1298 vero

325 1348 382 1376 ne
405 1333 491 1376 alio
514 1333 761 1387 diuertant,
789 1334 858 1377 vel
881 1333 1004 1376 aliud
1026 1340 1182 1390 agant,
1209 1347 1344 1389 quam
1367 1347 1447 1388 pro
1465 1346 1556 1388 quo
1571 1331 1802 1374 licentiam
1827 1343 1962 1374 acce-

325 1410 492 1465 perint,
519 1409 605 1453 nisi
629 1410 774 1453 obiter
796 1418 842 1453 et
864 1411 986 1465 quod
1008 1409 1155 1453 omitti
1173 1424 1267 1452 non
1286 1416 1454 1465 posset.

413 1487 484 1530 Ad
510 1487 723 1531 maiorem
747 1487 1114 1531 commoditatem
1137 1494 1182 1532 et
1204 1486 1487 1543 superiorum
1511 1493 1555 1530 et
1579 1484 1800 1538 ianitoris,
1826 1485 1959 1529 simul

326 1578 384 1607 ne
413 1564 514 1620 quis
544 1566 717 1620 absque
746 1565 964 1608 facultate
991 1578 1017 1607 e
1046 1564 1239 1620 collegio
1272 1563 1414 1620 possit
1441 1562 1599 1619 egredi
1632 1564 1770 1614 foras,
1796 1561 1970 1605 ianitor

326 1641 515 1685 habebit
554 1642 753 1684 tabulam
793 1641 984 1685 similem
1009 1655 1220 1685 romanae
1243 1655 1346 1683 cum
1378 1640 1473 1683 suis
1502 1639 1672 1683 locellis
1696 1639 1963 1691 commodis,

326 1718 401 1761 vbi
426 1719 597 1774 possint
621 1718 777 1775 reponi
816 1719 1024 1772 tabellae,
1051 1718 1216 1773 quibus
1238 1717 1523 1760 ascribentur
1551 1716 1734 1760 nomina
1757 1715 1965 1759 oninium-

326 1796 696 1849 domesticorum,
723 1795 858 1840 etiam
883 1795 1187 1852 superiorum,
1214 1809 1327 1850 quas
1358 1795 1546 1838 tabellas
1570 1795 1809 1838 habebunt
1831 1792 1877 1835 in
1901 1792 1977 1836 si·-

326 1873 509 1915 milibus
533 1873 700 1916 tabulis
737 1873 782 1925 ii,
809 1872 886 1930 qui
925 1873 1185 1915 facultatem
1219 1872 1329 1916 dare
1366 1878 1578 1928 poterunt
1607 1870 1886 1928 egrediendi.
1913 1870 1967 1913 In

328 1950 481 1992 tabula
503 1957 654 1993 autern
678 1950 719 1995 ΙΙΙ
743 1949 946 1993 ianitoris
970 1956 1146 1993 tantum
1170 1956 1304 1994 erunt
1326 1948 1509 1992 nomina
1526 1948 1694 2004 scripta
1711 1948 1755 1990 in
1774 1947 1965 2000 locellis,

325 2027 371 2069 in
395 2026 560 2070 tabulis
583 2042 690 2071 vero
713 2027 996 2083 superiorum
1022 2034 1067 2070 et
1084 2027 1128 2069 in
1153 2026 1342 2080 locellis,
1363 2033 1407 2070 et
1426 2025 1471 2068 in
1490 2025 1665 2069 tabellis
1688 2024 1779 2068 sint
1796 2024 1964 2081 scripta

327 2103 528 2148 nomina.
555 2105 730 2147 Omnes
760 2112 911 2147 autern
949 2103 1065 2148 istae
1102 2104 1310 2156 tabellae,
1343 2102 1389 2146 in
1421 2102 1586 2158 quibus
1619 2109 1754 2144 erunt
1781 2101 1971 2144 nomina

327 2187 601 2233 nostrorum,
628 2195 741 2236 quas
763 2181 846 2223 soli
863 2181 1098 2223 habebunt
1115 2179 1387 2236 superiores,
1408 2179 1499 2222 sint
1516 2179 1743 2235 aequales.
1766 2178 1972 2234 Quando
1997 2207 1999 2210 -

326 2256 468 2313 igitur
490 2257 696 2313 superior
718 2257 842 2300 dabit
866 2257 999 2300 alicui
1023 2258 1284 2301 facultatem
1308 2256 1520 2308 exeundi,
1542 2255 1667 2298 dabit
1689 2254 1752 2298 illi
1775 2262 1819 2299 et
1842 2254 1973 2298 socio

328 2334 514 2377 tabellas
537 2349 723 2376 suorum
748 2333 999 2386 nominum,
1026 2348 1138 2389 quas
1161 2334 1224 2376 illi
1246 2340 1466 2377 exeuntes
1489 2334 1663 2376 dabunt
1686 2331 1867 2375 ianitori
1890 2346 1960 2375 re-

327 2411 559 2467 ponendas
582 2411 627 2453 in
664 2411 834 2454 locellis
871 2425 1058 2454 suorum
1098 2410 1350 2462 nominum,
1391 2410 1516 2466 quod
1547 2409 1632 2454 erit
1654 2408 1839 2466 signum
1863 2407 1970 2451 illos<

328 2502 539 2545 egressos
567 2489 718 2531 domo.
750 2487 917 2531 Ianitor
945 2495 1098 2531 autem
1122 2487 1208 2530 illis
1233 2486 1530 2532 redeuntibus
1552 2486 1678 2529 dabit
1709 2485 1972 2530 reddendas.

329 2564 656 2621 superioribus,
681 2572 727 2607 et
766 2572 916 2607 tamen
957 2563 1250 2607 nihilominus
1279 2563 1442 2607 ianitor
1479 2563 1657 2619 vesperi
1686 2560 1968 2606 renuntiabit

330 2642 547 2698 quamdiu
587 2641 650 2684 illi
674 2642 917 2684 abfuerint.
954 2643 1121 2685 Rector
1144 2655 1250 2685 vero
1289 2642 1378 2683 hac
1400 2640 1639 2684 occasione
1668 2640 1726 2682 ab
1748 2638 1835 2681 illis
1864 2638 1967 2682 red-

329 2719 545 2763 euntibus
583 2719 864 2775 interrogare
902 2717 1066 2774 poterit
1103 2717 1211 2773 quid
1244 2717 1422 2772 egerint
1466 2719 1491 2760 ¹.
1534 2718 1569 2760 F
1573 2717 1818 2760 acultatem
1858 2727 1972 2757 vero

402 2860 411 2881 ¹
465 2861 525 2896 De
543 2862 615 2896 hac
635 2860 743 2908 praxi
762 2866 802 2895 et
820 2872 893 2895 usu
909 2860 1140 2895 tabellarum
1158 2860 1253 2895 haee
1273 2860 1466 2895 habentur
1484 2858 1523 2893 in
1541 2858 1676 2894 codice
1691 2857 1831 2893 Natat.
1847 2857 1968 2892 instr.

333 2920 478 2964 Lusit.‚
496 2920 561 2958 fol.
586 2919 668 2955 263:
690 2919 884 2955 «Tienese
901 2919 1066 2955 licencia
1084 2929 1152 2965 por
1170 2930 1246 2954 una
1263 2924 1369 2954 carta
1387 2918 1449 2953 del
1465 2918 1508 2953 P.
1525 2918 1639 2952 Mtro.
1657 2916 1779 2952 Nadal
1797 2916 1846 2952 de
1861 2925 1906 2961 29
1919 2915 1972 2950 de

329 2978 506 3016 Octubre
528 2979 631 3023 1561,
653 2990 744 3025 para
761 2990 852 3026 que,
870 2977 1170 3014 consultandose
1190 2983 1288 3022 esto,
1308 2989 1350 3012 se
1369 2982 1548 3012 execute.
1569 2975 1804 3011 Consultose
1823 2986 1873 3010 en
1886 2973 1970 3010 Lis-

330 3039 419 3074 boa.
442 3038 501 3073 No
520 3039 674 3085 parecio
693 3043 938 3085 executarse3
958 3049 984 3084 y
1003 3037 1051 3072 de
1069 3043 1155 3073 esto
1173 3049 1216 3073 se
1234 3037 1298 3073 dio
1317 3036 1426 3072 auiso
1445 3037 1479 3072 al
1499 3036 1543 3072 P.
1563 3036 1677 3072 Mtro.
1699 3034 1861 3071 Nadal.»
