2028 3426
702 186 1137 234 Ιικῐετιῑυεῑτιοικηῑε--611
1618 185 1688 231 423

194 289 274 332 Sat
296 287 381 329 erit
404 286 440 329 si
463 286 665 329 minister
687 287 941 330 subscribat
963 285 1276 343 chirographis
1299 286 1593 338 medicorum,
1616 301 1730 341 quae

104 365 160 408 ad
182 365 575 420 pharmacopolam
598 362 855 415 mittuntur,
881 363 1143 419 praesertim
1166 363 1203 406 si
1225 363 1299 406 illa
1322 363 1656 418 subscriptione
1674 363 1731 406 sit

105 440 454 496 pharmacopola
475 447 733 482 contentus.
1021 446 1026 451 '

195 516 505 567 Permittatur,
538 515 615 570 qui
643 516 890 560 deuotione
919 516 1116 570 ducitur,
1150 517 1267 560 ferre
1304 530 1484 559 crucem
1516 515 1726 570 aliquam,

104 600 181 636 aut
205 596 392 649 Agnum
421 592 524 644 Dei,
557 599 692 648 atque
720 592 853 635 etiarn
883 593 1111 649 reliquias,
1137 595 1219 635 has
1249 600 1400 636 tamen
1429 607 1532 635 cum
1562 607 1728 648 magna

104 669 479 713 consideratione.

191 745 347 788 Nostri
368 745 647 801 patrinorum
670 760 836 788 munus
860 761 950 788 non
973 748 1153 790 obeant.
1188 747 1262 789 Ad
1295 745 1607 802 processiones
1638 760 1728 788 non

101 829 222 873 eant,
247 829 297 864 vt
319 823 464 865 solent
488 821 561 866 143
586 822 786 878 religiosi
809 823 919 874 bini,
947 823 1026 866 sed
1048 837 1150 865 curn
1175 824 1342 879 populo
1363 830 1580 879 poterunt
1597 823 1725 878 sequi

101 899 453 954 processionem,
479 899 684 942 adhibito
706 899 910 955 syndico,
937 914 994 942 ne
1032 898 1137 955 quid
1167 900 1431 942 admittatur
1469 900 1625 942 contra
1647 901 1723 944 de-

101 975 296 1032 centiam
318 976 391 1019 vel
423 975 798 1020 aedificationem.
829 978 951 1020 Dent
982 992 1088 1020 vero
1121 991 1301 1032 operam
1333 977 1651 1035 prouinciales,
1679 983 1727 1018 vt

101 1058 280 1094 nostros
302 1066 359 1094 ne
381 1059 550 1108 cogant
573 1052 770 1108 episcopi
793 1053 849 1095 ad
871 1053 1184 1108 processiones
1200 1053 1279 1096 ire.
1554 1034 1564 1044 ·

188 1128 444 1171 Aduertant
465 1135 678 1181 rectores,
711 1128 748 1171 si
786 1130 966 1184 quando
1005 1130 1199 1184 aliquem
1232 1130 1382 1185 aliquo
1412 1130 1590 1173 mittere
1623 1145 1725 1185 pos-

100 1212 207 1248 sunt
229 1212 274 1249 et
296 1206 458 1248 volunt
480 1205 525 1247 in
563 1205 877 1258 ministerium,
904 1213 1145 1260 antequam
1176 1206 1417 1261 quicquam
1449 1206 1633 1249 omnino
1656 1206 1725 1248 di·

99 1290 204 1325 cant
225 1283 298 1326 vel
320 1282 581 1338 significent
603 1297 655 1325 ea
677 1283 734 1325 de
756 1297 804 1326 re
827 1282 1038 1338 cuipiam,
1066 1289 1112 1324 vt
1135 1283 1358 1338 accipiant
1381 1283 1601 1326 rationem
1627 1284 1725 1327 eius

51 1406 53 1409 v
98 1359 404 1417 conscientiae
426 1365 615 1411 secrete,
643 1366 689 1400 vt
713 1360 847 1402 rebus
870 1359 1082 1402 omnibus
1105 1360 1264 1402 melius
1287 1360 1460 1415 possint
1483 1374 1723 1404 occurrere

97 1449 150 1478 ac
177 1436 416 1491 prouidere
445 1436 501 1478 ad
533 1435 749 1479 maiorem
782 1436 867 1478 Dei
884 1435 1089 1491 gloriam:
1122 1443 1167 1478 et
1195 1435 1494 1480 intermittere
1519 1437 1722 1480 fortassis

97 1511 215 1554 illius
239 1511 513 1556 missionem.
540 1512 597 1554 Iis
619 1519 789 1564 autem,
816 1512 891 1567 qui
915 1512 1065 1566 aliquo
1088 1512 1347 1564 mittuntur,
1383 1528 1560 1568 semper
1591 1514 1722 1556 detur

96 1588 304 1644 specialis
325 1588 578 1640 instructio,
605 1589 982 1644 quemadmodum
1006 1604 1054 1632 se
1076 1603 1234 1644 gerere
1252 1590 1447 1632 debeant
1465 1590 1510 1631 in
1530 1589 1600 1632 via
1618 1604 1721 1632 cum

33 1701 35 1706 .
96 1665 424 1718 aedificatione,
450 1673 495 1709 et
534 1663 686 1708 fructu
723 1666 902 1708 illorum
942 1665 1136 1721 proprio,
1164 1673 1208 1709 et
1244 1680 1399 1708 eorum
1438 1666 1589 1718 etiam,
1616 1681 1718 1709 cum

96 1742 262 1797 quibus
285 1750 439 1798 agent,
466 1743 647 1798 quando
670 1757 778 1785 vero
800 1742 1069 1799 peruenient
1090 1757 1160 1794 eo,
1183 1757 1272 1797 quo
1294 1750 1401 1785 sunt
1425 1743 1563 1795 missi,
1585 1758 1712 1799 supe⁷

95 1818 236 1861 riores
258 1819 540 1875 interrogent
563 1834 642 1863 eos
662 1820 891 1874 quomodo
913 1834 961 1863 se
984 1819 1208 1875 gesserint
1230 1819 1276 1861 in
1298 1819 1385 1870 via,
1407 1827 1451 1863 et
1470 1820 1716 1874 quemlibet

35 1898 37 1900 ’
94 1895 228 1938 etiam
251 1895 328 1938 144
350 1910 504 1938 eorum
528 1895 783 1952 separatim,
804 1903 848 1939 et
878 1910 1032 1938 eorum
1063 1895 1251 1951 primam
1280 1897 1438 1939 saltem
1468 1897 1714 1939 confessio-

33 1972 42 1979 '
95 1986 198 2015 nem
223 1973 408 2015 audiant
435 1975 464 2025 ¹,
490 1980 535 2017 et
557 1973 815 2029 generalem
840 1973 1037 2028 quidem,
1064 1972 1100 2015 si
1124 1972 1184 2015 ibi
1207 1973 1296 2015 sint
1318 1973 1580 2015 habitaturi.

182 2050 349 2092 Rector
370 2064 461 2092 non
484 2049 706 2105 intelligat
728 2065 782 2092 ex
801 2050 994 2104 quodam
1013 2049 1158 2105 capite
1181 2049 1318 2092 officii
1337 2049 1406 2092 sui
1424 2065 1522 2094 esse
1545 2049 1627 2092 sibi
1651 2050 1716 2092 in—

94 2125 282 2177 dictum,
309 2140 366 2168 ne
395 2126 561 2182 sepius,
588 2141 721 2182 quam
750 2127 890 2170 semel
917 2126 962 2168 in
993 2141 1126 2177 anno,
1153 2133 1361 2169 exerceat
1389 2126 1541 2169 infima
1569 2127 1717 2169 officia

93 2202 254 2245 domus
273 2203 329 2244 ad
346 2202 719 2247 aedificationem.
733 2204 887 2245 Potest
905 2203 1023 2245 enim
1042 2210 1086 2246 et
1104 2203 1238 2246 debet
1252 2202 1547 2258 frequentius,
1561 2217 1718 2257 quem-

26 2300 38 2323 e·
94 2279 337 2321 admodum
366 2279 635 2335 intelligitur
665 2295 719 2323 ex
748 2280 893 2335 primo
918 2294 1016 2334 cap.
1053 2287 1134 2333 3.³‘³
1163 2279 1301 2334 partis
1331 2279 1530 2322 constit.:
1562 2294 1645 2322 nec
1675 2280 1717 2321 in

93 2354 162 2397 his
185 2356 403 2398 terminus
426 2357 556 2399 facile
574 2363 720 2411 potest
738 2355 942 2412 praefigi.
1000 2373 1012 2381 ³

178 2432 249 2475 De
270 2432 462 2488 singulis
491 2432 772 2488 intelligatur
801 2447 857 2474 an
889 2439 1219 2475 sacramentum
1254 2431 1606 2474 confirmationis
1639 2446 1716 2474 ac-

29 2553 35 2571 3
94 2507 312 2563 ceperint,
336 2515 386 2550 vt
408 2508 549 2564 primo
573 2523 756 2563 quoque
785 2515 1001 2564 tempore,
1028 2508 1104 2563 qui
1133 2523 1221 2550 non
1251 2508 1522 2563 acceperint,
1551 2508 1714 2549 confir-

94 2592 288 2627 mentur.
314 2586 487 2628 Omnes
510 2599 618 2628 vero
642 2585 912 2636 scholastici,
939 2585 1015 2640 qui
1037 2585 1224 2640 primam
1256 2592 1486 2627 tonsuram
1519 2598 1606 2625 non
1630 2585 1713 2627 ha-

91 2661 216 2715 bent,
242 2669 370 2705 curet
392 2669 538 2705 rector
561 2669 609 2703 vt
631 2661 750 2704 illam
774 2661 1010 2717 accipiant.

180 2737 473 2785 Tentationes
505 2740 691 2781 fratrum
719 2737 928 2790 leuiores,
955 2737 1120 2792 quibus
1158 2745 1305 2780 rector
1344 2738 1511 2781 mederi
1544 2746 1706 2794 potest,

92 2827 181 2856 non
205 2822 274 2857 est
296 2815 416 2869 quod
439 2815 494 2857 ad
513 2814 767 2870 superiores
789 2814 1060 2866 scribantur,
1091 2814 1175 2856 nisi
1199 2814 1242 2855 in
1267 2828 1449 2869 genere:
1477 2814 1712 2869 grauiores

164 2983 174 3002 ¹
225 2980 322 3016 Vide
340 2981 443 3016 dicta
461 2981 499 3016 in
518 2992 605 3028 pag.
626 2980 708 3027 369,
730 2987 860 3019 annot.
885 2989 916 3019 Ι.
