2028 3426
718 244 1134 283 SUPPLEMENTUM—-8
1621 250 1691 295 763

203 341 243 383 Y
266 355 437 396 porque
458 342 501 384 10
524 343 766 387 susodicho
789 361 864 390 sea
887 347 1068 402 piiblico
1090 363 1118 403 y
1142 349 1333 400 notorio,
1367 350 1626 393 mandamos
1649 366 1736 406 que

113 423 210 460 esta
232 424 416 461 nuestra
449 429 572 461 carta
594 434 671 463 sea
699 424 961 478 pregonada
990 439 1046 467 en
1068 432 1163 467 esta
1186 432 1370 467 nuestra
1403 433 1525 468 corte
1548 442 1576 482 y
1597 441 1652 469 en
1671 427 1736 470 las

113 501 235 536 otras
257 493 487 547 ciudades‚
513 494 643 539 villas
664 512 694 551 y
730 498 914 554 lugares
941 501 1093 543 destos
1117 508 1326 543 nuestros
1349 516 1512 556 reynos
1535 517 1615 557 por
1637 518 1736 558 pre-

114 584 285 626 gonero
307 586 337 626 y
360 579 465 615 ante
487 572 696 616 scribano
714 575 912 629 pi'iblico,
934 590 1104 632 porque
1123 591 1272 633 venga
1289 581 1314 620 a
1332 577 1496 620 noticia
1514 579 1570 622 de
1589 580 1733 632 todos,

112 662 140 702 y
164 647 370 703 ninguno
392 648 540 703 pueda
562 651 803 703 pretender
825 651 1105 707 ignorancia,
1121 668 1150 708 y
1173 653 1218 695 ni
1235 653 1307 696 -los
1330 667 1443 696 vnos
1464 654 1509 696 ni
1527 655 1593 697 105
1614 662 1737 699 otros

114 738 173 766 no
207 725 394 780 fagades
417 725 462 767 ni
486 726 624 781 fagan
653 727 768 770 ende
801 727 873 784 [al]
899 742 977 783 por
1000 729 1167 784 alguna
1189 745 1371 773 manera
1393 745 1443 773 so
1474 744 1588 786 pena
1618 733 1674 774 de
1695 732 1737 775 la

112 807 297 844 nuestra
319 802 500 845 mereed
520 817 550 857 y
572 801 671 845 diez
695 803 771 845 mil
794 806 1049 848 marauedis
1070 821 1177 861 para
1199 813 1384 850 nuestra
1407 811 1601 850 camara.

200 877 327 920 Dada
351 893 407 921 en
430 878 676 933 Aranjue2‚
702 883 727 921 a
751 892 804 922 22
828 881 925 923 dias
946 882 1017 924 del
1040 896 1135 926 mes
1152 883 1209 926 de
1231 882 1506 926 Noviembre
1524 884 1580 927 de
1604 889 1729 941 1559.

769 958 842 999 Yo
876 971 933 1000 ΕΙ,
967 959 1085 1001 REY.

201 1031 269 1073 Yo
300 1033 428 1087 JUAN
458 1032 693 1082 VAZQUEZ
722 1047 784 1075 DE
823 1036 1040 1085 MOLINA,
1075 1034 1318 1078 secretario
1346 1035 1403 1078 de
1432 1049 1486 1077 su
1515 1036 1736 1079 cathfflica

114 1108 351 1163 Magestad
374 1108 415 1150 13
437 1109 521 1150 fize
543 1109 712 1151 screbir
736 1124 816 1165 por
839 1125 889 1152 su
916 1111 1155 1153 mandado.

172 1186 369 1228 MARTI'N
402 1199 464 1228 DE
488 1186 739 1229 VERGARA.
836 1190 1031 1231 MARTI'N
1055 1202 1116 1230 DE
1138 1189 1389 1242 VERGARA,
1415 1189 1674 1233 chaneiller.

113 1263 179 1304 Er,
203 1276 492 1305 LICENCIADO
517 1264 647 1305 BACA
671 1277 732 1306 DE
761 1264 973 1307 CASTRO.
1068 1266 1133 1307 Ε(
1170 1279 1458 1308 LICENCIADO
1491 1266 1729 1309 ARRIETA.

570 1341 636 1383 EL
670 1354 958 1384 LICENcmDO
993 1343 1283 1385 MONTALUO.

245 1417 311 1459 EL
343 1430 535 1460 DOCTOR
570 1419 808 1461 BELASCO.
935 1419 1000 1461 Ε(
1034 1433 1323 1462 LICENCIADO
1358 1421 1595 1462 PEDROSA.

200 1494 269 1534 En
291 1493 334 1534 la
356 1492 521 1535 ciudad
545 1493 601 1535 de
625 1494 813 1546 Toledo,
840 1502 1020 1546 martes,
1046 1499 1071 1537 a
1095 1507 1150 1552 29
1171 1496 1243 1538 del
1267 1510 1361 1538 mes
1383 1497 1439 1539 de
1461 1495 1733 1540 Nobiembre

110 1569 167 1612 de
192 1579 301 1625 1559
325 1575 452 1621 anos,
473 1584 554 1625 por
575 1577 680 1612 ante
703 1574 761 1612 mi
785 1571 825 1613 61
849 1571 1057 1613 scribano
1080 1586 1108 1626 y
1132 1571 1321 1627 testigos
1344 1573 1400 1615 (16
1421 1587 1535 1626 yuso
1557 1571 1732 1623 scritos,

112 1661 168 1689 en
193 1646 234 1688 la
255 1647 384 1701 placa
406 1647 462 1688 de
485 1647 754 1691 Zocodouer
776 1663 804 1702 y
838 1663 893 1691 en
927 1648 991 1689 135
1024 1655 1185 1702 quatro
1220 1649 1354 1691 631165
1386 1663 1415 1703 y
1447 1663 1503 1690 en
1536 1649 1577 1690 la
1609 1649 1736 1703 plaea

111 1737 200 1777 que
222 1726 320 1765 esta
342 1723 398 1765 de
421 1723 620 1765 frontero
642 1724 698 1766 de
721 1725 785 1766 las
808 1738 934 1767 63535
957 1725 1027 1767 (161
1056 1725 1397 1779 ayuntamiento
1428 1725 1484 1766 (16
1513 1731 1608 1768 esta
1637 1723 1728 1766 Ciu·
1763 1751 1767 1755 ·

110 1799 214 1852 dad,
241 1802 407 1843 Martin
430 1801 634 1844 Sanchez
659 1802 901 1844 Maluenda
924 1816 952 1856 y
976 1801 1149 1856 Miguel
1166 1802 1222 1844 de
1245 1801 1460 1853 Rubielos
1481 1816 1509 1855 y
1532 1801 1734 1855 Gonealo

111 1878 250 1928 Vaza,
276 1890 556 1932 pregoneros
578 1876 784 1931 pi'iblicos
801 1878 858 1920 de
881 1885 977 1920 esta
1000 1877 1178 1930 ciudad,
1199 1877 1255 1934 [a]
1274 1878 1386 1919 altas
1408 1892 1436 1932 y
1454 1885 1634 1920 enteras
1657 1892 1734 1919 vo-

111 1968 186 1996 zes
207 1967 493 2009 pregonaron
517 1960 613 1996 esta
635 1962 759 1996 carta
781 1969 809 2009 y
832 1954 1062 2010 prouisibn
1085 1955 1177 1998 real
1195 1955 1250 1997 de
1273 1969 1326 1997 su
1344 1953 1507 2010 Magfl,
1528 1967 1656 1998 como
1679 1968 1734 1997 en

110 2030 195 2073 ella
218 2044 266 2072 56
288 2029 514 2081 contiene,
539 2045 569 2084 y
586 2033 681 2073 ansi
700 2032 978 2086 pregonada,
999 2031 1187 2073 dixeron
1205 2029 1473 2088 manda[r]se
1490 2045 1730 2086 pregonar,

111 2121 282 2162 porque
306 2121 455 2162 venga
477 2111 503 2149 a
527 2106 692 2150 noticia
715 2108 771 2150 de
801 2109 947 2160 todos,
973 2108 1162 2152 estando
1192 2115 1424 2163 presentes
1451 2108 1520 2150 105
1549 2107 1733 2163 agnaci—

110 2184 175 2226 165
208 2185 458 2226 Hernando
487 2184 543 2227 de
571 2185 793 2227 Zandiual
821 2199 849 2239 y
874 2186 992 2241 Juan
1022 2185 1078 2227 de
1111 2186 1303 2228 Morales
1340 2199 1368 2239 y
1407 2186 1441 2226 F
1447 2184 1647 2226 ranciseo
1679 2185 1734 2227 de

109 2261 317 2313 Zamora,
349 2261 391 2302 13
420 2260 526 2316 qual
555 2275 603 2304 se
634 2265 837 2316 preg0n6
874 2276 955 2316 por
987 2261 1212 2304 mandacio
1252 2262 1306 2303 de
1339 2261 1406 2303 105
1443 2267 1626 2304 senores
1662 2260 1734 2302 (161

111 2337 293 2391 eonsejo
315 2338 371 2379 de
394 2338 458 2381 Su
483 2336 647 2392 Mag.d;
672 2352 701 2392 y
724 2352 783 2391 yo
801 2339 921 2394 Juan
945 2339 1003 2386 (16
1023 2337 1224 2389 Garibai‚
1251 2337 1459 2380 seribano
1481 2338 1536 2380 de
1559 2341 1734 2379 camara

110 2414 166 2456 de
186 2414 251 2457 Su
274 2413 423 2469 Mag.d
443 2429 472 2469 y
490 2414 563 2457 del
585 2413 756 2456 crimen
779 2429 835 2457 en
858 2415 900 2456 13
922 2429 976 2457 su
999 2414 1253 2467 audiencia,
1280 2415 1359 2469 fuy
1382 2418 1407 2456 a
1429 2415 1471 2455 10
1493 2412 1733 2455 susodieho

109 2497 319 2544 presente
341 2505 428 2533 con
451 2491 517 2533 los
540 2490 700 2532 dichos
724 2489 914 2545 testigos
936 2505 965 2546 y
987 2505 1068 2546 por
1092 2491 1206 2534 ende
1229 2491 1312 2533 fize
1336 2490 1395 2531 mi
1418 2489 1548 2545 signo
1566 2503 1621 2531 en
1645 2495 1731 2531 tes-

111 2564 300 2624 timonio
323 2566 380 2610 de
403 2567 586 2609 verdad.

1006 2644 1132 2698 JUAN
1165 2656 1225 2685 DE
1258 2643 1494 2684 GARIBAY.
1556 2675 1558 2678 .

198 2720 346 2761 Adanu
364 2721 527 2761 Patris
544 2720 749 2762 Natalis.
776 2721 845 2762 De
863 2719 998 2762 rebus
1022 2717 1402 2773 hispaniensibus.
1426 2717 1624 2759 Primera
1642 2718 1727 2760 via.
