2028 3426
379 188 447 223 832
956 189 1095 227 EPlST.
1126 190 1168 227 Ρ.
1199 189 1348 225 NADAL

330 291 533 342 seclusis,
561 291 640 334 sed
664 291 724 333 ita
751 298 900 335 tamen
932 298 979 334 vt
1008 292 1183 348 puritas
1217 292 1343 335 latini
1375 292 1597 335 sermonis
1619 301 1972 339 conseruaretur

330 375 593 422 Vtcumque,
620 381 673 410 ac
695 369 877 412 scholae
900 368 1036 412 simul
1059 370 1283 425 permulta
1307 367 1546 422 vo'cabula,
1564 371 1808 415 nonnullae
1833 371 1968 415 etiam

329 447 517 501 phrases
531 453 865 500 permanerent;
897 448 902 501 Ι
931 460 1088 488 verum
1108 448 1192 489 hac
1211 448 1313 502 lege
1332 460 1390 489 ne
1407 446 1451 488 in
1471 446 1628 489 anxias
1646 447 1968 502 grammatico-

330 537 428 565 rum
452 522 635 577 regulas
659 522 832 567 iurasse
854 523 1105 575 videamur,
1133 537 1217 566 nec
1240 523 1275 566 si
1306 523 1414 580 quid
1447 523 1491 567 in
1521 538 1606 567 vsu
1635 539 1725 567 non
1754 533 1822 568 est
1851 526 1966 569 clas-

328 599 523 641 sicorum
553 606 810 652 auctorum,
837 600 881 641 id
909 600 1128 643 continuo
1152 601 1394 643 barbarum
1417 600 1621 644 dicamus
1644 608 1781 657 atque
1802 602 1966 646 exsibi-

327 677 487 727 lemus‚
514 677 636 730 quod
658 684 727 719 est
750 676 913 719 misere
936 679 1034 722 sine
1056 677 1218 733 spiritu
1242 692 1294 720 ac
1317 677 1611 734 grammatice
1634 678 1755 733 loqui
1789 680 1966 723 theolo-

327 768 455 808 gum,
484 767 586 795 nam
611 753 683 796 cui
710 754 924 810 theologo
948 756 1086 798 verba
1109 755 1165 798 ab
1181 754 1354 811 Spiritu
1371 762 1528 797 sancto
1546 769 1572 797 a
1590 755 1811 798 catholica
1830 762 1966 812 atque

329 831 581 873 orthodoxa
598 831 806 883 ecclesia,
826 846 851 874 a
869 832 1008 875 sacris
1026 832 1289 875 doctoribus
1309 840 1520 888 vsurpata
1542 840 1679 888 atque
1701 841 1966 878 consecrata

326 909 511 951 sordent
535 922 586 950 ac
606 915 783 963 putent,
805 908 906 965 quis
925 924 1014 952 non
1035 909 1198 953 misere
1215 924 1268 954 ac
1287 911 1520 965 prophane
1538 910 1659 953 dicat
1679 911 1965 966 theologum?

326 985 477 1027 Verba
500 984 640 1041 igitur
674 985 927 1041 scripturae
959 994 1144 1031 sanctae
1177 986 1388 1041 illiusque
1426 988 1613 1042 phrases
1651 987 1820 1031 lumina
1857 996 1965 1031 sunt

325 1061 626 1105 illustrissima
650 1062 882 1115 orationis,
900 1063 1066 1118 quibus
1090 1063 1338 1106 luminibus
1362 1064 1434 1108 175
1453 1064 1606 1107 diuine
1624 1065 1815 1121 effulget
1834 1066 1964 1109 theo-

324 1139 416 1195 logi
446 1139 643 1182 doctoris
672 1139 934 1196 disputatio.
973 1141 1126 1195 Atque
1160 1141 1328 1183 vtinam
1363 1143 1448 1184 hoc
1483 1142 1634 1193 ferret,
1660 1142 1728 1184 vel
1765 1143 1963 1186 humana

323 1215 621 1267 imbecillitas,
648 1217 718 1259 vel
743 1217 926 1270 malitia,
949 1225 992 1261 et
1017 1218 1073 1260 ad
1097 1225 1266 1260 tantam
1292 1217 1475 1274 spiritus
1493 1218 1739 1262 efficaciam
1762 1218 1962 1275 attinge-

323 1301 421 1335 rent
445 1293 664 1350 theologi,
692 1302 742 1337 ut
765 1294 894 1339 aliter
917 1295 1038 1350 loqui
1063 1310 1152 1337 non
1177 1294 1348 1347 liceret,
1375 1310 1510 1351 quam
1534 1302 1581 1337 vt
1609 1304 1768 1338 sancto
1790 1295 1961 1352 Spiritu

321 1370 567 1426 inspirante
590 1371 729 1414 locuti
753 1379 858 1414 sunt
882 1372 1026 1415 sancti
1046 1372 1130 1416 Dei
1149 1372 1372 1423 homines,
1394 1387 1586 1428 quorum
1605 1380 1700 1417 erat
1723 1387 1897 1417 «sermo
1916 1381 1961 1417 et

320 1448 594 1502 praedicatio
614 1464 702 1491 non
724 1449 768 1491 in
788 1449 1162 1505 persuasibilibus
1180 1452 1405 1494 humanae
1422 1449 1671 1506 sapientiae
1690 1450 1857 1502 verbis,
1878 1451 1957 1494 sed

319 1524 364 1566 in
387 1525 645 1569 ostensione
668 1526 853 1582 spiritus
876 1535 920 1571 et
946 1526 1141 1579 virtutis,
1168 1534 1216 1569 vt
1240 1527 1351 1570 fides
1376 1534 1530 1569 nostra
1554 1542 1644 1570 non
1666 1534 1786 1571 esset
1812 1527 1856 1570 in
1881 1542 1958 1570 sa-

319 1601 486 1656 pientia
509 1601 760 1654 hominum,
787 1604 868 1645 sed
891 1603 936 1645 in
961 1603 1128 1647 virtute
1151 1603 1235 1647 Dei
1266 1606 1291 1646 ¹.
1307 1625 1322 1641 υ
1344 1604 1435 1648 Sed
1466 1605 1582 1646 hanc
1612 1603 1742 1646 nobis
1772 1603 1960 1648 liberta—

320 1687 408 1721 tem
421 1679 585 1735 eripuit
605 1680 712 1722 hinc
731 1681 965 1723 hominum
986 1681 1238 1733 infirmitas,
1269 1680 1277 1734 l
1304 1681 1471 1736 quibus
1488 1688 1535 1738 yt
1554 1681 1798 1737 plurimum
1812 1682 1959 1737 placet

319 1756 557 1799 latinarum
588 1757 819 1800 literarum
850 1759 1078 1814 splendor,
1105 1758 1226 1801 illinc
1256 1758 1491 1810 haeretici,
1519 1758 1595 1813 qui
1630 1759 1716 1800 hac
1751 1772 1958 1814 praeser-

319 1833 395 1876 tim
417 1842 684 1890 tempestate
707 1836 976 1892 garrulitate
994 1837 1179 1892 linguae
1197 1837 1439 1880 aduersum
1465 1851 1547 1878 nos
1570 1836 1825 1891 petulanter
1844 1836 1931 1878 abu
1945 1861 1957 1867 -

320 1920 491 1953 tuntur.
528 1911 673 1955 Simul
703 1913 1002 1969 intelligimus
1031 1914 1246 1969 mysterio
1277 1921 1414 1968 atque
1436 1912 1774 1968 dispensatione
1803 1912 1958 1957 diuina

319 1988 487 2030 factum
513 1989 554 2030 in
581 1990 773 2033 ecclesia
796 1990 1041 2046 primitiua,
1080 2005 1152 2039 ne,
1179 1991 1215 2034 si
1240 2005 1318 2046 per
1341 1990 1652 2046 persuasibilia
1679 1990 1833 2041 verba,
1871 1991 1956 2032 hoc

314 2074 381 2108 est
422 2081 502 2121 per
539 2067 649 2110 artis
687 2067 942 2111 rethoricae
976 2067 1234 2121 artificium,
1271 2067 1606 2123 praedicaretur
1643 2066 1952 2123 euangelium,

313 2150 448 2196 atque
473 2143 766 2199 reciperetur,
793 2144 937 2187 virtus
961 2152 977 2169 ἃ
1001 2145 1075 2187 illa
1098 2144 1328 2188 videretur
1352 2147 1565 2195 humana,
1586 2159 1703 2199 quae
1728 2158 1816 2186 non
1839 2151 1952 2188 erat.

313 2220 539 2274 Quocirca
563 2221 754 2276 simplici
779 2236 831 2264 ac
855 2222 1183 2277 contemptibili
1208 2236 1416 2266 sermone
1439 2223 1537 2264 sola
1565 2220 1774 2264 coelestis
1806 2234 1859 2263 ac
1883 2221 1943 2263 di-

311 2298 416 2341 uina
440 2298 585 2340 virtus
609 2298 652 2340 in
671 2298 889 2354 apostolis
908 2300 1182 2354 operabatur
1202 2299 1490 2342 excellenter.
1519 2299 1676 2353 Itaque
1700 2297 1772 2341 176
1791 2298 1846 2341 ad
1872 2297 1952 2340 mi-

311 2375 512 2417 raculum
546 2377 630 2417 hoc
654 2380 834 2430 quoq'ue
859 2377 1110 2431 spectabat,
1137 2375 1516 2430 quemadmodum
1541 2374 1653 2418 aliae
1682 2382 1950 2430 supernatu-

310 2452 424 2494 rales
448 2452 750 2506 operationes,
777 2453 862 2495 alia
886 2452 1071 2509 spiritus
1093 2453 1212 2495 dona
1235 2466 1287 2495 ac
1317 2452 1506 2508 gratiae,
1533 2466 1726 2506 quorum
1750 2451 1825 2495 ille
1852 2458 1950 2494 erat

310 2528 425 2579 linis,
460 2537 507 2571 vt
537 2529 705 2573 virtute
728 2528 882 2571 diuina
912 2536 1049 2584 atque
1082 2528 1352 2572 auctoritate
1380 2535 1608 2572 constaret
1638 2527 1946 2583 euangelium3

308 2620 396 2659 quo
419 2605 667 2648 constituto
690 2614 827 2661 atque
851 2614 1048 2662 recepto,
1076 2613 1123 2648 vt
1147 2613 1384 2649 cessarunt
1413 2605 1645 2658 miracula,
1670 2605 1805 2655 dona,
1839 2618 1947 2660 gra—

310 2682 412 2734 tiae,
440 2682 500 2724 ita
526 2683 772 2725 necessitas
794 2683 1048 2726 communis
1076 2683 1196 2725 illius
1229 2685 1445 2738 phraseos
1468 2681 1660 2737 amplius
1690 2680 1947 2725 necessaria

307 2773 395 2800 non
423 2759 520 2811 suit3
554 2761 633 2802 sed
662 2761 783 2814 quod
813 2759 981 2804 virtute
1009 2759 1164 2802 diuina
1195 2760 1434 2802 fundatum
1464 2766 1548 2811 est,
1574 2758 1785 2801 omnibus
1815 2756 1947 2800 bonis

374 2904 388 2920 c
439 2898 475 2929 et
497 2896 625 2929 virtus
646 2907 715 2933 ms.
738 2895 816 2930 Sed
835 2899 871 2931 et
891 2907 1099 2942 superesse
1119 2895 1289 2931 videtur.

375 3007 382 3025 ¹
436 3008 597 3054 leon„
621 3010 671 3053 11,
693 3020 728 3054 4,
749 3020 786 3053 5.
