2028 3426
358 216 427 252 838
934 217 1070 253 EPJST.
1099 217 1142 251 Ρ.
1173 216 1323 252 NADAL

307 319 382 374 qui
405 320 551 361 bonae
573 318 668 374 spei
692 319 852 374 plenus
875 319 930 361 ad
953 318 1140 361 consilia
1163 318 1236 362 Χ.ἰ
1251 320 1362 376 Jesu
1385 318 1569 375 aspirat,
1602 328 1663 371 et,
1696 320 1944 364 diuenditis

311 410 425 450 quae
450 394 664 451 possidet,
697 410 869 451 pauper
898 409 1142 451 pauperem
1178 397 1346 451 Xpum.
1383 396 1510 451 sequi
1543 396 1790 440 desiderat?
1821 397 1943 441 Nihil

309 472 474 515 minus.
502 473 576 515 Ad
606 486 739 527 quem
773 472 933 528 igitur?
962 472 1035 515 Ad
1065 472 1256 524 nullum,
1290 473 1360 516 vel
1389 472 1466 528 qui
1505 472 1577 516 X.i
1609 474 1717 529 Jesu
1756 474 1944 518 consilia

307 550 589 605 amplexatus
618 556 701 600 est,
735 549 806 592 vel
836 548 912 604 qui
942 549 1170 592 desiderat
1200 549 1458 605 amplexari.
1502 551 1693 600 Constat
1727 566 1840 607 ergo
1871 549 1944 596 187

306 626 392 668 illis
421 626 667 670 conuenire
697 627 842 669 solum
874 626 1125 670 orationem
1159 626 1304 679 illam,
1340 627 1417 682 qui
1450 634 1617 670 statum
1651 627 1945 683 perfectionis

308 717 390 747 nec
414 710 685 758 sequuntur,
712 717 796 747 nec
820 703 947 758 sequi
973 703 1146 746 volunt.
1175 703 1400 748 Breuiter:
1428 703 1531 756 illis,
1558 703 1634 759 qui
1665 704 1710 747 in
1734 704 1944 760 imperfe-

306 780 455 823 ctione
499 787 646 822 status
685 780 957 829 consistunt,
999 795 1050 823 ac
1090 788 1331 836 praecepta
1363 782 1507 824 solum
1544 781 1815 837 suscipiunt,
1851 796 1941 824 non

306 857 441 900 etiam
461 857 666 900 consilia.
697 858 770 900 Ab
794 857 866 900 his
889 857 962 901 illa
985 857 1128 900 oratio
1152 872 1242 900 non
1266 865 1335 900 est
1365 858 1525 902 aliena:
1559 859 1615 901 ab
1644 858 1742 901 aliis
1772 866 1840 902 est
1869 860 1940 902 vel

307 935 518 980 maxime.
545 936 607 978 At
632 949 716 977 nos
739 934 838 977 illos
862 950 954 978 non
974 934 1256 988 instruimus,
1277 936 1333 978 ad
1355 935 1454 978 illos
1477 950 1568 978 non
1592 935 1835 991 loquimur,
1864 937 1943 980 sed

308 1013 363 1054 ad
385 1026 463 1054 eos
485 1012 648 1063 solum,
680 1011 773 1066 qui,
807 1011 982 1056 etiamsi
1015 1019 1183 1054 statum
1214 1012 1506 1067 perfectionis
1535 1026 1618 1055 nec
1648 1020 1940 1068 aeceperunt,

307 1103 393 1133 nec
417 1089 694 1140 desiderant,
720 1088 782 1131 ita
806 1097 955 1131 tamen
980 1103 1028 1132 se
1057 1097 1337 1144 comparant,
1371 1097 1418 1131 vt
1448 1089 1532 1133 Dei
1564 1090 1845 1132 voluntatem
1871 1089 1943 1133 in-

308 1165 557 1222 uestigent,
584 1173 631 1207 vt
655 1174 934 1221 compertam
960 1174 1004 1210 et
1027 1165 1134 1208 boni
1162 1167 1418 1218 consulant,
1444 1175 1489 1209 et
1511 1166 1808 1210 libentissime
1830 1181 1915 1211 exe
1938 1193 1943 1198 -

308 1250 529 1299 quantur,
561 1242 567 1300 Ι
596 1256 887 1298 quocumque
930 1250 1078 1295 vocet,
1119 1257 1453 1298 quamcumque
1496 1243 1680 1287 viuendi
1719 1244 1941 1288 rationem

307 1319 603 1375 praescribat.
632 1319 753 1363 Nihil
778 1319 918 1376 igitur
941 1321 997 1363 ad
1028 1334 1109 1362 nos
1132 1319 1326 1376 pertinet
1349 1320 1422 1364 ille
1445 1321 1590 1372 locus,
1623 1320 1732 1363 nihil
1764 1328 1939 1377 pugnat

307 1398 529 1441 aduersus
559 1404 756 1439 nostram
781 1397 1153 1453 propositionem.
1182 1397 1267 1440 His
1298 1398 1554 1440 consultum
1579 1405 1647 1442 est
1680 1397 1943 1441 indifferen-

308 1474 430 1516 tibus
462 1482 478 1499 ³
511 1489 626 1518 esse.
664 1473 730 1516 Illi
762 1481 954 1530 possunt
976 1474 1073 1518 sine
1106 1473 1408 1518 indifferentia
1430 1488 1614 1518 seruare
1643 1476 1872 1526 mandata,
1900 1483 1944 1519 et

309 1566 386 1607 per
409 1551 484 1593 illa
508 1552 564 1594 ad
587 1551 726 1594 vitam
750 1551 924 1607 ingredi
948 1551 991 1593 in
1016 1553 1117 1594 X.⁰.
1145 1552 1246 1594 Hoc
1271 1559 1422 1594 tamen
1447 1552 1564 1596 vide:
1592 1551 1764 1596 etiarnsi
1790 1552 1833 1593 hi
1859 1551 1941 1607 ipsi

308 1629 484 1685 possint
507 1629 568 1671 ita
597 1643 743 1682 orare,
770 1627 931 1672 melius
956 1636 1105 1672 tamen
1129 1642 1231 1670 eum
1262 1628 1348 1671 illis
1371 1637 1600 1684 ageretur,
1626 1629 1662 1672 si
1685 1630 1741 1671 ad
1765 1628 1919 1672 indiffe

307 1706 496 1748 rentiam
535 1705 655 1747 illam
694 1712 1016 1748 conuerterent
1053 1704 1318 1748 orationem.
1361 1706 1500 1760 Quod
1539 1705 1666 1748 addis
1695 1720 1750 1747 ex
1781 1705 1939 1755 Paulo,

309 1783 445 1825 miror
468 1784 589 1837 quod
612 1796 702 1824 non
737 1781 869 1826 etiam
895 1789 1052 1825 contra
1083 1797 1164 1824 nos
1193 1781 1306 1824 cites
1335 1790 1430 1835 4³¹³
1453 1782 1704 1825 dominicae
1728 1782 1944 1825 orationis

309 1859 571 1915 petitionem
596 1858 628 1912 ¹³3
655 1875 758 1902 nam
791 1858 1004 1901 alimenta
1032 1866 1077 1901 et
1101 1859 1265 1914 quibus
1297 1867 1523 1915 tegamur,
1549 1859 1678 1915 panis
1703 1867 1772 1903 est
1794 1858 1919 1914 quoti

307 1937 485 1988 dianus,
511 1951 645 1991 quem
671 1935 867 1991 petimus
890 1950 1064 1988 omnes,
1092 1938 1179 1978 hoc
1203 1944 1271 1980 est
1295 1936 1434 1978 victui
1457 1944 1502 1979 et
1533 1936 1727 1978 naturali
1758 1950 1943 1978 conser-

309 2014 479 2056 uationi
509 2012 778 2065 necessaria3
805 2027 921 2067 quae
944 2012 1103 2067 petitio
1125 2027 1227 2055 cum
1262 2014 1335 2057 illa
1358 2013 1660 2057 indifferentia
1683 2014 1740 2055 ad
1763 2012 1943 2055 diuitias

311 2099 355 2135 et
379 2097 690 2147 paupertatem
720 2098 898 2132 constat
920 2091 1068 2145 plane3
1096 2105 1184 2132 non
1209 2090 1329 2133 enim
1360 2099 1602 2146 paupertas
1631 2090 1844 2146 religiosa
1871 2089 1944 2132 illa

310 2167 594 2223 intelligitur,
620 2168 740 2210 vnde
771 2168 905 2222 plane
928 2166 1192 2221 quotidiano
1216 2181 1348 2223 pane,
1375 2167 1599 2211 alimentis
1623 2176 1666 2211 et
1689 2167 1854 2222 quibus
1878 2174 1944 2209 te-

311 2260 488 2300 gamur,
516 2246 604 2287 hoc
627 2251 695 2288 est
720 2244 915 2286 naturali
940 2251 985 2286 et
1008 2244 1263 2288 necessaria
1286 2245 1632 2296 sustentatione,
1654 2245 1945 2300 profiteamur

311 2336 393 2364 nos
417 2336 515 2366 esse
539 2321 800 2377 priuandos;
827 2322 907 2363 sed
930 2335 1019 2375 qua
1046 2320 1320 2377 proprietate
1354 2336 1503 2364 rerum
1538 2336 1621 2364 nos
1654 2321 1936 2364 abdicamus.

312 2399 485 2455 Itaque,
507 2405 746 2441 Constante
765 2397 965 2453 perfecta
983 2412 1134 2441 rerum
1153 2397 1452 2450 abdicatione,
1473 2398 1668 2454 petimus
1687 2412 1846 2454 panem
1867 2412 1943 2440 no-

312 2485 453 2518 strum
477 2474 791 2530 quotidianum
815 2482 860 2517 et
883 2474 1094 2518 alimenta
1114 2489 1167 2517 ae
1186 2475 1351 2530 quibus
1375 2483 1599 2531 tegamur3
1627 2475 1671 2518 in
1694 2489 1784 2530 quo
1807 2489 1943 2519 sensu

313 2554 422 2594 illud
452 2553 585 2594 etiam
617 2552 874 2595 Selomonis
912 2551 1198 2607 interpretari
1233 2566 1489 2608 possumus:
1527 2559 1863 2608 «paupertatem
1888 2565 1943 2594 ne

312 2629 489 2673 dederis
519 2628 655 2670 mihi»
684 2643 766 2672 nec
789 2628 905 2672 desit
928 2628 1036 2670 mihi
1061 2628 1227 2681 victus,
1248 2628 1372 2671 iuxta
1395 2644 1540 2673 meam
1564 2629 1683 2673 vitae
1706 2629 1776 2672 vel
1800 2635 1945 2671 status

314 2709 554 2758 rationem3
581 2714 624 2749 et
657 2708 742 2748 boc
774 2705 955 2760 quidem
986 2712 1071 2757 est,
1099 2706 1218 2760 quod
1242 2705 1453 2750 hebraice
1482 2705 1747 2762 exprimitur
1779 2721 1943 2750 *mmm-z

313 2800 380 2837 -ρη
402 2786 499 2828 crib:
533 2784 816 2837 «Excerpere
847 2782 957 2824 mihi
986 2783 1210 2825 concede»
1233 2782 1278 2824 id
1299 2790 1385 2835 est,
1410 2782 1622 2836 «victum,
1643 2797 1807 2838 panem
1832 2781 1938 2824 mihi

383 2918 398 2933 a
427 2906 683 2941 Emendatum
702 2913 762 2942 est
782 2907 847 2953 ita,
870 2913 911 2942 ut
937 2917 1014 2942 non
1039 2906 1209 2942 discerni
1229 2907 1352 2953 possit
1370 2918 1419 2942 an
1438 2906 1775 2953 indifferentibus
1800 2908 1862 2942 vel
1887 2909 1944 2943 in-

312 2966 549 3012 differentes
576 2965 731 3000 tandem
755 2965 933 3000 relictum
963 2965 1091 3005 fuerit.
1120 2966 1239 3004 Verb.
1260 2977 1338 3001 esse
1364 2967 1545 3001 iteratum
1570 2971 1644 3002 est.
1695 2968 1762 2993 —b
1789 2966 1855 3001 Bis
1873 2967 1944 3002 hoc

312 3028 420 3062 verb.
442 3033 502 3061 est
520 3025 558 3059 in
579 3036 650 3060 ms.
