2028 3426
708 231 992 266 INSTRUCTION
999 229 1114 265 [ἵε-6
1121 237 1134 263 1
1617 238 1637 273 5
1645 236 1685 272 ῐ7

106 327 256 380 nachi,
282 336 328 371 et
348 330 669 372 accomodatus
696 344 795 372 esse
827 331 961 374 debet
991 329 1182 374 vestitus
1214 335 1370 371 noster
1402 330 1457 370 ad
1495 330 1730 372 honestam

105 405 330 458 quandam
353 404 587 457 rationem,
612 413 658 448 et
680 420 810 448 Vsum
834 411 904 452 421
927 405 1202 462 prouinciae.
1236 405 1492 457 Caeterum,
1526 406 1647 459 quod
1675 405 1732 446 ad
1784 405 1787 407 ’

103 492 232 521 vsum
251 481 470 536 pileorum
490 482 666 533 attinet,
689 483 854 536 quibus
871 483 936 525 vti
953 484 1120 527 debent
1137 480 1423 524 coadiutores
1443 482 1728 536 temporales,

107 555 150 597 id
174 557 473 611 prouinciales
500 559 767 611 censebunt,
801 559 1178 613 quemadmodum
1206 557 1253 601 in
1280 559 1462 601 decreto
1495 558 1689 611 quodam
1721 559 1728 578 ¹

103 633 471 689 congregationis
508 634 675 689 primae
707 643 724 659 ²
755 642 974 677 statutum
1009 641 1093 687 est3
1129 633 1299 690 singuli
1332 641 1480 676 tamen
1514 632 1531 657 ¹³
1563 634 1730 676 debent

103 723 232 752 Vsum
261 725 370 753 suae
396 711 658 766 prouinciae
686 726 765 767 per
793 712 946 755 literas
973 725 1199 767 exponere
1227 710 1428 766 generali
1457 709 1726 766 praeposito.

104 787 204 829 Mea
227 787 406 841 quidem
429 794 445 812 ‘³
467 787 689 830 sententia
713 789 768 830 de
791 788 918 843 pileis
941 787 1254 830 coadiutorum
1278 786 1589 842 temporalium
1619 788 1730 828 haec

100 871 234 906 esset:
271 872 318 905 vt
351 879 505 907 omnes
538 864 583 907 in
615 865 825 907 omnibus
858 865 1101 920 prouinciis
1133 870 1367 908 vterentur
1389 863 1532 919 pileis,
1566 862 1730 917 quibus

99 939 247 982 clerici
277 947 480 992 Vtuntur,
512 942 584 983 vel
613 941 764 996 paruis
787 941 966 996 galeris,
993 955 1082 983 non
1112 941 1230 984 enim
1260 941 1513 996 probarem,
1549 946 1614 990 vt,
1652 938 1731 993 qui

98 1017 322 1059 seculares
346 1031 433 1059 non
457 1024 578 1069 sunt,
604 1017 731 1072 pileis
760 1017 1039 1061 secularibus
1067 1025 1265 1059 vtantur.
1299 1018 1418 1060 Sunt
1447 1022 1603 1072 postea
1637 1015 1729 1056 dati

100 1092 436 1137 coadiutoribus
468 1092 572 1148 pilei
606 1093 849 1145 clericales;
885 1100 930 1135 et
963 1101 1127 1145 tamen,
1162 1093 1198 1135 si
1227 1093 1304 1148 qui
1325 1093 1578 1148 singulares
1601 1091 1727 1134 ince-

101 1168 229 1219 dunt,
255 1168 284 1210 ii
308 1177 489 1224 gestant
512 1177 620 1211 tunc
643 1170 846 1225 galerum
869 1169 905 1214 d.

189 1246 290 1288 Non
317 1246 496 1289 uidetur
517 1261 542 1289 e
564 1246 771 1289 decentia
792 1261 906 1298 esse,
929 1247 1000 1289 vel
1022 1248 1258 1290 honestate
1280 1254 1449 1297 nostra,
1475 1253 1524 1287 vt
1546 1246 1726 1301 permit-

101 1327 219 1364 tatur
241 1322 452 1364 fratribus
473 1330 659 1378 propter
680 1323 873 1366 calorem
897 1322 1045 1365 exutis
1068 1322 1227 1379 caligis
1249 1323 1555 1375 obambulare3
1589 1336 1641 1365 ac
1672 1337 1729 1365 ne

100 1397 146 1440 in
168 1398 378 1441 cubiculo
400 1399 596 1454 quidem.

183 1475 230 1519 Si
254 1476 433 1530 quando
456 1476 745 1531 contingeret
767 1476 962 1531 aliquem
986 1476 1166 1518 fratrem
1186 1477 1298 1518 adeo
1317 1476 1542 1518 madidam
1561 1477 1728 1519 habere

98 1551 334 1595 interulam
360 1566 414 1594 ex
436 1556 521 1597 422
545 1553 724 1604 sudore,
751 1560 798 1594 vt
820 1552 1050 1595 videretur
1066 1552 1386 1596 detrimentum
1410 1554 1569 1596 afferre
1591 1567 1728 1608 posse

94 1627 290 1679 sanitati,
317 1629 352 1670 si
375 1628 494 1671 illam
517 1628 562 1670 in
586 1630 702 1671 lecto
724 1628 953 1679 retineret,
986 1629 1060 1670 vbi
1089 1629 1221 1671 aliam
1249 1630 1417 1672 habere
1440 1643 1531 1671 non
1555 1636 1725 1684 posset,

96 1703 158 1746 illi
180 1705 368 1748 concedi
391 1714 543 1760 posset
566 1721 591 1748 a
614 1712 786 1748 rectore
808 1713 857 1746 vt
878 1706 1049 1760 absque
1071 1705 1266 1748 interula
1289 1705 1521 1750 dormiret.

696 1838 758 1866 DE
787 1837 1128 1867 CONFESSARIIS

184 1937 329 1978 Casus
362 1936 504 1978 nostri
535 1937 751 1980 reseruati
785 1951 889 1979 cum
923 1937 1304 1980 declarationibus
1336 1937 1561 1989 omnibus,
1598 1938 1727 1981 exhi-

96 2012 287 2055 beantur
309 2018 564 2054 nostrorum
588 2013 891 2064 confessariis,
917 2013 1016 2056 aliis
1051 2027 1160 2056 vero
1188 2013 1383 2057 minime.
1409 2015 1554 2057 Casus
1578 2021 1726 2058 autem

95 2096 383 2132 externorum
413 2098 668 2133 reseruatos
704 2091 939 2134 habebunt
962 2090 1094 2134 etiam
1125 2090 1266 2133 nostri
1298 2098 1588 2135 externorum
1618 2105 1727 2133 con-

97 2165 285 2216 fessarii,
311 2166 365 2207 ad
389 2166 622 2208 arbitrium
647 2167 849 2215 rectoris.
876 2167 937 2210 Hi
959 2181 1066 2210 vero
1088 2182 1222 2210 casus
1250 2175 1383 2211 erunt
1405 2167 1482 2219 illi,
1509 2183 1534 2209 a
1563 2167 1727 2222 quibus

99 2243 335 2286 absoluere
359 2258 449 2285 non
473 2250 665 2298 possunt
687 2259 742 2286 ex
772 2245 1001 2295 facultate,
1027 2259 1162 2299 quarn
1193 2245 1334 2286 nostri
1363 2244 1625 2288 confessarii
1655 2259 1727 2286 ac—

97 2318 285 2374 cipiunt.
313 2320 431 2362 Sunt
452 2334 561 2362 vero
585 2320 630 2361 hi
653 2320 886 2372 reseruati,
907 2335 1005 2382 nonx
1019 2320 1184 2363 nostris
1206 2320 1529 2376 superioribus,
1550 2322 1630 2363 sed
1654 2321 1725 2364 vel

97 2409 275 2437 summo
299 2395 502 2451 pontifici
526 2397 597 2439 vel
621 2397 863 2449 ordinario,
883 2397 1058 2440 etiamsi
1075 2397 1172 2440 fieri
1189 2397 1345 2452 possit,
1366 2405 1414 2438 vt
1431 2399 1486 2439 ab
1505 2412 1594 2439 vno
1613 2411 1722 2439 casu

94 2480 307 2514 externos
339 2473 574 2515 absoluere
607 2473 748 2527 possit
780 2473 1004 2528 superior,
1041 2488 1129 2516 non
1163 2474 1368 2529 priuatus
1401 2473 1718 2524 confessarius,

98 2549 217 2602 quod
242 2557 331 2590 tam
357 2549 547 2603 amplam
567 2549 827 2592 facultatem
844 2549 917 2592 hic
934 2564 1024 2592 non
1048 2550 1288 2605 acceperit,
1310 2550 1474 2592 habeat
1498 2548 1719 2603 superior.

59 2619 62 2622 ’
99 2626 201 2668 Non
225 2632 376 2667 tamen
398 2632 634 2680 propterea
656 2627 746 2668 423
770 2626 832 2668 illi
854 2616 938 2668 erit
961 2634 1219 2670 reseruatus
1241 2640 1388 2676 casuS,
1415 2639 1553 2680 quum
1580 2625 1722 2667 confi—

99 2702 234 2745 tentis
272 2716 361 2743 non
394 2701 452 2743 sit
484 2701 702 2756 superior.
739 2703 870 2745 Tunc
891 2702 1026 2754 enim,
1053 2702 1088 2745 si
1123 2704 1179 2745 ad
1211 2702 1486 2757 superiorem
1517 2708 1720 2743 nostrum

162 2818 178 2834 a
229 2807 312 2841 Hoc
332 2808 441 2842 verb.
463 2807 553 2841 Nat.
575 2819 690 2842 manu
709 2807 883 2843 additum
903 2808 941 2843 in
964 2807 1058 2843 cod.
1084 2809 1209 2843 Vatic.
1233 2818 1266 2852 3.
1322 2809 1384 2832 —b
1412 2807 1503 2841 Nat.
1521 2818 1635 2841 manu
1649 2807 1720 2841 hoc

97 2867 206 2901 verb.
226 2866 346 2901 addit.
366 2865 461 2900 ibid.
517 2887 537 2892 —
561 2876 576 2893 c
603 2867 688 2902 Hoc
708 2868 816 2903 verb.
838 2879 859 2902 a
878 2868 965 2905 Nat.
988 2868 1107 2903 addit.
1128 2867 1223 2902 ibid.
1275 2886 1304 2891 —
1321 2868 1339 2893 d
1370 2866 1410 2900 16
1430 2866 1548 2900 verba
1567 2876 1721 2911 praece-

97 2923 228 2960 dentia
244 2937 265 2959 a
285 2925 374 2959 Nat.
395 2924 524 2960 addita
544 2925 637 2961 ibid.

170 3023 177 3040 ¹
233 3020 348 3057 Decr.
368 3029 427 3063 95.
447 3019 509 3055 Cf.
534 3020 661 3055 [nstit.
684 3023 770 3058 Soc.
784 3021 881 3068 Jesu
898 3021 1007 3066 (edit.
1028 3022 1127 3066 cit.),
1146 3021 1197 3065 ΙΙ,
1220 3028 1298 3064 177.

811 3136 820 3160 l

327 3192 345 3209 υ
