2028 3426
173 608 694 663 MONUMENTA
733 610 1219 665 PROVINCIAE
1256 611 1719 666 FLANDRIAE

910 747 979 790 5⁷

934 841 962 897 ff.

334 946 508 1000 QUAE
542 946 710 988 DIXIT
742 947 796 990 R.
834 948 888 990 P.
923 948 1194 992 NATALIS
1227 947 1485 991 LOUANII
1521 949 1550 990 ¹.

214 1053 284 1095 Ne
305 1051 359 1093 lis
381 1051 529 1106 aliqua
551 1051 692 1107 possit
713 1052 901 1095 excitari
925 1053 968 1095 in
992 1054 1177 1096 domum
1198 1054 1434 1108 licentiati,
1461 1055 1610 1098 datam
1630 1055 1760 1097 nobis

120 1135 170 1171 et
191 1127 518 1181 amortizatam,
544 1128 724 1172 videtur
743 1128 851 1172 vtile
873 1131 984 1182 fore,
1010 1130 1047 1172 si
1071 1137 1255 1174 curetur
1283 1146 1362 1187 per
1390 1132 1584 1175 eundem
1616 1131 1759 1176 licen-

125 1204 283 1248 tiatum
320 1211 369 1246 vt
406 1205 543 1248 frater
578 1205 692 1257 eius,
733 1221 759 1248 a
796 1220 885 1261 quo
924 1206 1122 1259 timetur,
1164 1207 1477 1260 conueniatur,
1520 1216 1565 1251 et
1607 1222 1758 1251 coram

121 1280 287 1333 iudice,
313 1280 350 1323 si
373 1288 592 1336 oporteat,
613 1281 919 1338 interrogetur
942 1282 979 1325 si
1002 1283 1109 1337 quid
1132 1285 1394 1339 praetendat
1411 1284 1522 1327 iuris
1538 1284 1584 1327 in
1604 1292 1758 1328 nostra

123 1358 272 1410 domo,
293 1371 376 1400 nos
393 1358 509 1400 velle
526 1358 567 1401 ei
584 1358 858 1403 satisfacere.
880 1360 981 1402 Hoc
998 1360 1138 1416 igitur
1155 1360 1388 1403 curabitur
1405 1361 1503 1405 fieri
1521 1376 1601 1417 per
1618 1361 1758 1405 licen-

123 1433 297 1487 tiatum‚
319 1441 364 1478 et
386 1442 490 1477 actu
513 1434 694 1491 publico
716 1435 814 1479 fieri
836 1450 1040 1480 securam
1059 1436 1332 1481 Societatem
1351 1437 1397 1479 in
1415 1452 1594 1482 omnem
1613 1452 1757 1482 euen-

121 1517 232 1553 tum.
255 1512 395 1566 Quod
412 1526 514 1554 cum
533 1512 667 1556 faciet
683 1512 956 1566 licentiatus,
978 1513 1153 1557 intersit
1176 1514 1337 1569 aliquis
1360 1529 1384 1557 e
1407 1514 1591 1557 nostris.
1621 1515 1759 1570 Quod

116 1585 157 1629 si
180 1588 304 1630 nullo
326 1595 458 1643 pacto
480 1589 615 1632 vellet
645 1588 757 1632 illud
786 1604 922 1646 agere
950 1590 1228 1643 licentiatus,
1260 1598 1379 1634 esset
1408 1598 1561 1634 tamen
1592 1605 1758 1634 curan-

123 1663 230 1706 dum
254 1679 278 1707 a
300 1665 483 1710 nostris.
509 1667 637 1708 Haec
659 1666 808 1709 omnia
829 1666 891 1709 ita
913 1666 1242 1723 intelligantur,
1268 1667 1305 1709 si
1324 1682 1415 1710 non
1433 1667 1490 1710 sit
1508 1669 1757 1712 vehemens

117 1741 440 1797 praesumptio,
467 1743 588 1797 quod
610 1742 750 1786 simus
772 1743 986 1786 maiorem
1009 1744 1259 1800 tragediam
1278 1743 1535 1787 excitaturi.
1559 1744 1698 1799 Quod
1718 1743 1755 1786 si

119 1817 207 1860 hoc
229 1832 318 1860 non
342 1819 574 1869 succedat,
599 1820 670 1862 vel
692 1819 790 1863 fieri
816 1834 907 1862 non
930 1819 1087 1876 possit,
1121 1821 1383 1863 consulatur
1412 1827 1563 1863 tamen
1593 1810 1771 1875 aliquis*

115 1892 455 1938 iureconsultus
477 1895 682 1948 celebris,
709 1896 818 1952 quid
848 1898 996 1940 facere
1020 1897 1252 1953 possimus
1268 1912 1369 1951 nos,
1395 1904 1444 1939 vt
1467 1897 1656 1941 eandem
1679 1910 1754 1939 se-

117 1970 356 2015 curitatem
380 1986 712 2028 consequamur
736 1974 766 2016 ²².

205 2048 500 2092 Ceremoniae
537 2048 702 2092 missae
743 2057 983 2094 seruentur
1025 2051 1277 2093 secundum
1319 2065 1450 2093 Vsum
1495 2064 1747 2101 romanum,

187 2231 196 2251 ¹
248 2232 306 2266 Ex
319 2233 540 2278 apographo
555 2243 714 2276 coaevo,
726 2233 766 2268 in
780 2244 898 2279 parvo
912 2233 1046 2269 codiee
1062 2232 1178 2279 in8.⁰‚
1190 2232 1314 2268 codici
1327 2233 1464 2268 Natal.
1478 2234 1596 2267 instr.
1613 2232 1750 2268 Germ.

114 2290 275 2332 inserto,
294 2291 396 2326 foliis
414 2291 570 2336 262-273
590 2291 789 2337 (347-357).
810 2293 885 2328 Hie
903 2304 1045 2339 parvus
1063 2292 1187 2328 codex
1205 2293 1367 2328 Romam
1386 2292 1529 2327 missus
1547 2292 1670 2327 fuisse
1698 2292 1757 2326 vi·

113 2349 228 2384 detur
246 2361 294 2384 ex
318 2362 379 2397 eo,
404 2350 506 2397 quod
524 2362 545 2385 a
564 2355 676 2396 tergo
695 2351 822 2386 ultimi
844 2351 928 2386 folii
951 2352 1138 2398 scriptum
1161 2358 1234 2398 est,
1260 2352 1425 2387 scilieet:
1455 2352 1640 2386 «Romam
1666 2351 1753 2385 mit-

114 2408 274 2444 tendum
304 2420 353 2444 ex
382 2409 548 2454 collegio
579 2410 835 2446 louaniensi.»
861 2411 999 2446 Totus*
1011 2412 1060 2446 ab
1088 2422 1165 2446 uno
1190 2411 1404 2458 eodemque
1429 2410 1586 2446 librario
1610 2410 1750 2445 litteris

114 2467 271 2514 quidem
289 2467 448 2504 minutis
466 2473 647 2504 exaratus
665 2475 739 2504 est.
760 2470 951 2505 Ultimum
966 2469 1116 2516 folium,
1131 2475 1285 2517 praeter
1298 2470 1441 2505 dietam
1456 2469 1748 2515 inscriptionem

112 2531 154 2561 et
170 2527 269 2562 hanc
287 2528 460 2563 alteram:
482 2527 780 2564 «Ordinationes
798 2529 844 2565 R.
865 2530 910 2565 P.
930 2529 1096 2575 Natalis,
1115 2529 1315 2575 Louanii»,
1331 2529 1426 2564 nihil
1442 2528 1546 2564 aliud
1560 2527 1748 2564 continet.

114 2586 223 2621 Haec
241 2585 444 2622 instructio
468 2598 569 2622 anno
593 2587 682 2632 1567
708 2589 770 2623 vel
793 2588 893 2634 1568,
915 2588 1007 2624 dum
1033 2588 1182 2624 Natalis
1207 2588 1371 2624 Lovanii
1395 2593 1630 2631 versaretur,
1659 2585 1749 2621 scri-

114 2649 180 2691 pta
192 2644 280 2682 fuit.
296 2645 356 2683 Cf.
373 2646 502 2691 Epist.
520 2647 569 2681 P.
583 2646 734 2688 Nadal,
751 2646 818 2693 ΙΙΙ,
832 2647 915 2693 496,
933 2655 1002 2692 519
1016 2653 1056 2682 et
1071 2647 1152 2692 564.
1170 2647 1312 2694 Aliqua
1326 2659 1375 2682 ex
1390 2648 1462 2681 hoc
1480 2649 1746 2690 monumento,

112 2703 216 2749 apud
234 2709 364 2739 nostra
381 2704 565 2740 Monam.
592 2705 790 2753 Paedag„
810 2717 898 2752 pag.
918 2705 987 2741 833
1006 2711 1046 2741 et
1063 2718 1171 2753 seqq.
1193 2706 1297 2741 edita
1315 2712 1421 2751 sunt,
1440 2716 1538 2751 quae
1557 2703 1620 2738 hic
1640 2714 1747 2750 prae—

119 2762 384 2798 termittimus.

184 2823 198 2843 ‘²
250 2821 364 2856 Anno
386 2822 474 2866 1565
494 2822 683 2868 «collegio
702 2823 938 2859 Louaniensi
951 2824 1148 2871 proprium
1167 2824 1323 2860 tandem
1337 2822 1591 2867 domicilium,
1608 2820 1656 2855 de
1671 2831 1747 2867 quo

113 2879 263 2924 tandiu,
282 2886 438 2927 tamque
456 2882 711 2917 vehementer
734 2888 924 2919 certatum
950 2889 1022 2928 est,
1048 2883 1096 2918 ad
1121 2895 1290 2927 manum,
1317 2888 1358 2917 ut
1383 2882 1503 2926 aiunt,
1530 2884 1744 2915 emortuam

115 2938 198 2975 iure
217 2941 444 2976 translatum
458 2942 532 2976 hoc
544 2953 658 2978 annO.
675 2942 843 2978 Senatus
856 2944 962 2979 nulla
976 2955 1132 2990 prorsus
1151 2942 1300 2978 adiecta
1318 2941 1538 2977 conditione
1557 2938 1742 2974 addixit.»

112 2997 370 3044 SACCHINUS‚
392 3000 465 3035 loc.
486 2999 569 3045 cit.‚
589 2996 687 3047 part.
708 3001 777 3047 ΙΙΙ,
796 3001 864 3038 lib.
884 3002 915 3046 1,
940 3013 979 3036 n.
1005 3002 1064 3046 87.
1091 3000 1152 3037 Cf.
1178 3001 1306 3047 Epist.
1329 3001 1377 3036 P.
1405 2999 1553 3039 NadaZ‚
1579 2998 1629 3041 II,
1657 2996 1740 3043 310,

117 3055 202 3102 348,
220 3056 303 3102 349.
