2028 3426
670 269 1094 307 INSTRucrioNEs—61
1580 265 1649 313 369

157 377 330 419 Interea
352 388 455 416 cum
479 375 591 416 haec
613 371 769 428 exigit,
795 371 929 414 simul
952 371 1086 413 rebus
1109 369 1321 425 gerendis
1343 376 1387 412 et
1416 368 1695 411 constituen-

68 452 138 495 dis
159 452 205 494 in
228 450 424 506 collegio
447 449 571 491 dabit
593 463 789 504 operam.
817 450 872 490 Et
896 447 1088 503 primum
1111 445 1309 501 quidem,
1330 444 1480 487 statim
1498 459 1601 486 cum
1620 460 1696 488 Ve—

69 529 186 574 nerit
207 529 262 571 ad
290 526 548 582 collegium,
580 525 676 580 ipse
704 526 906 567 attendet
937 522 1257 579 gubernationi
1286 521 1480 577 collegii,
1512 521 1698 577 perinde

4 598 5 601 ¹
69 621 122 649 ac
144 605 180 648 si
203 611 322 647 esset
343 602 734 659 superintendens,
760 608 805 644 et
827 600 1002 643 curabit
1025 599 1277 655 intelligere
1309 605 1449 641 totam
1479 597 1697 640 rationem

71 680 428 739 gubernationis,
454 692 732 734 cognoscere
756 692 911 720 omnes
936 679 1094 719 Patres
1116 683 1161 718 et
1189 677 1365 726 fratres,
1399 674 1600 717 omnium
1630 674 1699 715 in-

72 758 206 815 genia
228 765 273 800 et
295 770 456 799 mores.
485 754 706 806 Breuiter‚
733 768 848 808 quae
877 761 1077 809 aguntur
1106 751 1254 795 omnia
1284 752 1448 808 (quoad
1476 751 1573 793 eius
1603 750 1700 793 fieri

70 834 251 892 poterit>
282 832 458 876 curabit
486 845 778 888 cognoscere,
809 831 865 872 de
894 830 1057 885 quibus
1086 829 1237 884 exiget
1267 828 1403 871 etiam
1433 827 1645 870 noticiam
1678 842 1703 869 a

71 919 260 964 rectore,
301 917 346 953 et
382 908 672 965 praescribet,
715 915 762 949 vt
800 908 856 950 ad
896 907 937 950 12
976 922 1025 950 se
1063 908 1242 958 referat,
1282 912 1327 948 et
1364 905 1456 950 det,
1478 903 1702 947 rationem

71 1002 245 1038 eorum,
272 1001 386 1041 quae
408 985 532 1028 domi
555 991 770 1040 aguntur,
797 998 913 1038 quae
938 983 1118 1037 quidem
1142 982 1231 1024 sint
1255 981 1444 1025 alicuius
1465 980 1699 1023 momenti.

73 1065 203 1108 quet
225 1063 270 1105 in
293 1063 365 1105 his
387 1062 597 1105 omnibus
620 1059 927 1116 prouincialis.

163 1140 346 1183 Parabit
375 1154 424 1183 se
451 1138 648 1190 interim,
678 1144 727 1179 vt
755 1137 899 1192 possit
930 1137 1097 1180 habere
1127 1136 1348 1187 examina,
1382 1134 1530 1190 qualia
1561 1134 1707 1177 solent

75 1217 171 1260 fieri
194 1224 321 1260 sexto
343 1230 525 1271 quoque
546 1229 716 1266 mense,
744 1213 908 1269 quibus
931 1213 1214 1255 examinibus
1238 1213 1562 1267 complectetur
1592 1218 1707 1254 tem-

75 1309 162 1350 pus
184 1300 423 1349 postquam
448 1308 470 1334 a
501 1291 704 1348 proximo
732 1290 966 1333 visitatore
989 1291 1059 1333 vel
1089 1288 1395 1332 commissario
1425 1288 1592 1330 fuerint
1622 1288 1707 1330 Pa-

80 1378 170 1415 tres
189 1378 234 1414 et
257 1370 417 1412 fratres
440 1367 698 1411 examinati.
720 1370 790 1411 De
808 1367 1091 1411 examinibus
1109 1373 1271 1422 agetur
1289 1365 1475 1408 inferius
1493 1379 1575 1407 suo
1593 1365 1708 1406 loco.

164 1447 385 1501 Omnium
408 1453 641 1502 praeterea
665 1444 817 1488 audiet
836 1445 1072 1500 generales
1091 1443 1398 1486 confessiones
1421 1445 1448 1495 ¹,
1470 1450 1514 1485 et
1532 1442 1576 1483 in
1600 1441 1709 1496 ipsis

77 1524 266 1580 accipiet
285 1523 503 1567 rationem
527 1521 846 1573 conscientiae,
873 1523 960 1563 hoc
982 1535 1090 1564 vero
1113 1535 1203 1562 non
1228 1520 1373 1562 solum
1400 1518 1531 1562 faciet
1557 1517 1602 1559 in
1622 1517 1709 1568 his,

79 1602 156 1658 qui
178 1608 284 1644 sunt
305 1599 567 1643 renouaturi
590 1606 711 1650 vota,
738 1599 818 1642 sed
841 1598 976 1641 etiam
999 1597 1044 1638 in
1067 1597 1153 1648 his,
1176 1596 1250 1651 qui
1275 1602 1379 1637 vota
1402 1609 1491 1637 non
1515 1603 1620 1637 sunt
1646 1609 1710 1637 re-

80 1677 309 1729 nouaturi,
334 1684 383 1718 vt
402 1676 577 1729 nouitii,
603 1675 679 1732 qui
702 1676 854 1718 adhuc
876 1681 981 1716 vota
1005 1689 1096 1716 non
1120 1674 1302 1724 habent,
1324 1673 1396 1714 Vel
1420 1687 1472 1715 ea
1492 1686 1585 1713 non
1604 1678 1711 1713 sunt

81 1769 185 1797 cum
222 1754 320 1796 aliis
358 1753 571 1796 fratribus
609 1751 890 1795 renouaturi.
933 1749 1219 1792 Examinabit
1258 1749 1364 1791 item
1403 1749 1631 1804 professos
1667 1754 1712 1789 et

82 1831 367 1874 coadiutores
397 1831 628 1882 formatos,
654 1844 811 1873 verum
836 1827 929 1871 suis
952 1826 1253 1879 examinibus,
1286 1834 1330 1869 et
1354 1840 1509 1868 eorum
1534 1825 1714 1867 confes-
1770 1816 1774 1819 ⁵

80 1908 231 1952 siones
254 1908 405 1951 audiet
428 1907 678 1963 generaleS,
704 1913 748 1948 et
766 1905 954 1960 accipiet
972 1903 1278 1947 conscientiae
1294 1902 1533 1953 rationem,
1555 1916 1715 1956 quam-

82 1984 152 2027 uis
176 1985 206 2026 ii
228 1999 319 2027 non
344 1990 568 2028 renouent
588 1990 710 2025 vota.
1381 1966 1386 1973 ’

171 2061 212 2106 13
252 2060 452 2104 Habebit
491 2060 663 2115 aliquot
700 2058 1037 2102 exhortationes
1069 2056 1404 2100 commissarius
1438 2055 1482 2097 in
1521 2054 1716 2111 singulis

80 2139 301 2194 collegiis,
322 2137 367 2180 in
386 2137 550 2193 quibus
565 2136 819 2197 versabitur
837 2135 956 2177 circa
973 2134 1168 2177 instituti
1186 2133 1424 2184 rationem,
1445 2139 1490 2174 et
1508 2146 1576 2183 ea,
1599 2146 1716 2186 quae

82 2215 275 2258 incitent
304 2215 361 2257 ad
393 2213 578 2269 spiritus
609 2211 948 2255 innouationem
981 2218 1026 2254 et
1058 2209 1400 2254 renouationem
1436 2208 1574 2250 totius
1608 2208 1714 2252 reli-

81 2291 237 2348 giosae
264 2290 621 2334 conuersationis
649 2289 696 2331 in
724 2288 884 2332 melius
912 2296 957 2332 et
985 2287 1246 2344 perfectius3
1274 2285 1469 2341 attinget
1502 2299 1611 2328 vero
1640 2285 1715 2327 illa

16 2387 21 2390 ·
83 2367 434 2424 particulariter,
469 2381 585 2421 quae
613 2365 936 2410 reformatione
965 2378 1101 2420 egere
1132 2363 1426 2414 videbuntur,
1462 2362 1499 2404 si
1531 2362 1715 2417 publica

88 2444 270 2488 fuerint.
998 2442 1010 2451 ³

171 2522 348 2565 Interea
370 2521 475 2563 dum
499 2520 724 2564 examinat
748 2521 908 2561 Patres
931 2525 976 2560 et
999 2518 1174 2569 fratres,
1196 2532 1251 2560 ex
1274 2530 1431 2558 eorum
1456 2515 1715 2571 responsio-

83 2597 217 2640 nibus
239 2597 424 2653 colliget
448 2603 719 2652 opportune,
740 2610 857 2651 quae
879 2595 1026 2651 ipsum
1050 2594 1208 2637 iuuare
1226 2592 1400 2648 possint
1419 2594 1474 2634 ad
1493 2593 1715 2634 reforma-

84 2674 251 2731 tionem
273 2673 469 2730 collegii,
494 2681 539 2716 et
561 2677 614 2716 ea
635 2672 875 2729 separatim
898 2671 1064 2714 scribet
1086 2670 1131 2712 in
1155 2684 1237 2713 suo
1260 2669 1571 2725 quaternione.
1613 2667 1712 2709 Ob-

84 2750 284 2793 seruabit
311 2750 446 2795 etiam
473 2750 569 2806 ipse
591 2749 755 2801 omnia,
791 2763 906 2804 quae
940 2754 1139 2804 aguntur
1177 2746 1225 2788 in
1262 2745 1471 2801 collegio,
1512 2751 1557 2786 et
1597 2757 1713 2797 quae

156 2894 167 2914 ¹
222 2893 392 2927 Decreto
411 2890 626 2927 Clementis
645 2889 753 2936 VIII,
773 2890 818 2924 26
835 2889 927 2935 Maji
953 2887 1043 2933 1593
1067 2887 1169 2933 dato,
1198 2898 1297 2921 «non
1323 2886 1414 2920 licet
1440 2885 1715 2931 Superioribus

86 2950 346 2996 Regularibus
364 2950 628 2985 confessiones
647 2948 890 2985 subditorum
908 2947 1053 2993 audire,
1076 2946 1149 2981 nisi
1167 2945 1320 2992 quando
1339 2949 1541 2990 peccatum
1560 2943 1717 2990 aliquod

87 3015 328 3044 reservatum
353 3008 593 3052 admiserint3
619 3013 686 3043 aut
710 3007 866 3054 ipsimet
891 3005 1035 3041 subditi
1061 3007 1196 3051 sponte
1221 3015 1264 3038 ac
1285 3003 1452 3049 proprio
1477 3005 1585 3037 motu
1612 3001 1650 3037 id
1669 3003 1718 3036 ab

87 3068 144 3103 eis
163 3067 385 3114 petierint.»
405 3067 522 3102 lustit
557 3068 641 3102 Soc.
654 3066 754 3112 Jesu
775 3064 1023 3111 (Florentiae,
1049 3061 1279 3108 1892·1893),
1300 3061 1330 3105 I,
1350 3068 1431 3104 550.

265 3131 378 3168 Eprsr.
402 3132 441 3160 P.
466 3131 601 3166 NADAL,
621 3138 701 3159 τοΜ.
725 3130 790 3159 IV.
1505 3125 1541 3153 25
1597 3111 1600 3114 .
