2028 3426
141 554 204 588 61.

543 269 677 305 INDEX
702 278 935 306 GENERALIS
963 279 1119 313 QUARTI
1147 279 1370 307 VOLUMINIS

613 409 764 443 Patris
782 410 959 444 Natalis
977 410 1306 445 instructiones.

261 553 364 589 Patri
379 554 553 591 oliverio
568 555 763 600 Manareo,
776 556 1038 591 commissario
1053 556 1279 599 Galliarum,
1294 556 1509 602 instructio,
1527 567 1627 603 quae

328 613 471 659 poterit
487 614 768 650 accommodari
786 614 1089 660 provincialibus
1107 615 1259 662 quando
1278 615 1449 653 visitant.
1474 615 1576 659 1563.

258 673 463 708 Instructio
478 673 770 719 provincialium
780 699 1617 711 ....................................

261 731 467 767 Rectorum
486 730 707 767 instructio.
734 758 1619 770 .....................................

259 791 317 824 De
337 790 542 838 suffragiis,
564 802 662 838 quae
680 791 869 838 praecipit
887 792 1062 828 Societas
1069 819 1619 830 ........................

260 848 442 886 Officium
460 850 818 897 superintendentis
836 850 991 896 collegii
1017 851 1089 886 sub
1113 850 1343 897 compendio
1352 877 1621 886 ............

260 909 596 954 Quemadmodum
616 911 671 946 uti
690 921 759 946 suo
779 910 905 945 officio
924 910 1066 946 debeat
1083 915 1208 945 rector
1226 909 1394 956 collegii,
1413 909 1478 945 ubi
1498 921 1629 956 super-

329 968 535 1004 intendens
555 975 1621 1007 est

259 1027 362 1063 Usus
381 1028 497 1063 officii
517 1029 680 1064 ministri
691 1056 1526 1066 ....................................
1543 1061 1545 1063 .
1566 1056 1574 1064 .
1591 1057 1597 1063 .
1614 1057 1622 1064 .

260 1087 364 1123 Usus
382 1087 497 1123 officii
515 1089 756 1124 subministri
764 1115 1622 1125 .....................................

260 1146 596 1191 Quemadmodum
616 1148 656 1194 ii,
675 1149 741 1195 qui
759 1154 956 1195 praesunt,
984 1160 1025 1183 se
1048 1159 1185 1194 gerere
1210 1148 1356 1183 debent
1380 1159 1472 1194 erga
1496 1148 1629 1183 Patres

330 1211 369 1241 et
387 1205 526 1242 fratres
534 1233 1624 1244 ...............................................

261 1265 597 1310 Quemadmodum
617 1279 659 1302 se
676 1278 815 1312 gerere
833 1267 975 1302 debeat
994 1267 1168 1313 superior
1185 1279 1271 1302 cum
1291 1267 1576 1302 consultoribus
1592 1294 1599 1302 .
1617 1295 1624 1301 .

260 1323 440 1361 Officium
460 1324 712 1362 admonitoris
718 1352 1622 1363 .......................................

262 1384 598 1430 Quemadmodum
619 1397 661 1421 se
678 1397 817 1432 gerere
836 1386 978 1422 debeat
996 1386 1169 1432 superior
1187 1397 1274 1421 curn
1299 1391 1543 1432 procuratore
1567 1385 1631 1420 do-

333 1445 1178 1493 musvelcollegii.....................4
1191 1471 1506 1481 ..............

262 1501 405 1537 Addita
423 1503 470 1537 ad
489 1502 658 1539 officium
678 1505 935 1550 procuratoris
941 1530 1624 1542 .............................

263 1561 324 1596 Ad
343 1561 532 1598 rationem
552 1568 590 1598 et
605 1564 928 1600 consuetudinem
943 1576 1108 1600 annuam
1124 1564 1278 1609 collegii
1290 1563 1437 1599 romani
1452 1564 1632 1599 Patribus

335 1626 374 1656 et
391 1620 574 1657 fratribus
594 1623 912 1659 mortificationes
932 1623 1217 1671 proponendae,
1233 1623 1459 1669 praesertim
1475 1623 1541 1657 ubi
1555 1627 1634 1657 stu-

334 1680 396 1716 dia
415 1680 724 1717 intermittuntur
730 1703 1626 1718 .......................................

263 1739 475 1786 Catalogus
494 1752 642 1787 eorum,
661 1753 760 1788 quae
779 1743 857 1788 legi
876 1742 923 1777 ad
947 1753 1119 1777 mensam
1144 1747 1320 1788 possunt,
1345 1740 1570 1787 praesertim
1595 1741 1633 1775 in

333 1800 508 1846 collegiis
514 1826 1625 1839 ................................................

263 1859 306 1894 In
325 1859 527 1906 colloquiis
546 1859 705 1896 fratrum
724 1861 916 1907 agendum
927 1887 1219 1897 .............
1219 1851 1223 1855 ’
1236 1886 1624 1896 .................

266 1919 325 1953 De
344 1918 633 1964 coadjutoribus
652 1921 928 1966 temporalibus
948 1920 1150 1955 instructio
1157 1945 1624 1955 .....................

265 1977 401 2023 Casus,
419 1990 580 2025 quorum
600 1980 792 2015 absolutio
816 1986 1015 2016 reservata
1040 1985 1100 2015 est
1118 1979 1305 2025 superiori
1324 1978 1460 2013 domus
1479 1979 1540 2013 vel
1559 1979 1635 2013 col-

339 2037 446 2084 legii,
468 2044 507 2073 et
532 2039 581 2074 ab
606 2039 696 2084 alio,
721 2040 795 2075 nisi
821 2040 869 2075 de
895 2040 978 2086 ejus
1004 2050 1187 2086 expressa
1213 2038 1383 2083 licentia,
1403 2037 1553 2072 absolvi
1572 2049 1634 2071 ne-

334 2102 483 2142 queunt
488 2122 1628 2136 .................................................

268 2155 469 2191 Resolutio
488 2156 613 2192 Patris
632 2158 780 2194 Natalis
799 2158 900 2194 circa
918 2170 1031 2194 casus
1056 2162 1275 2194 reservatos
1299 2156 1400 2191 facta
1425 2154 1635 2201 Compluti‚

340 2215 384 2248 26
403 2216 518 2251 Febr.
542 2217 645 2263 1561,
664 2229 685 2252 a
704 2218 747 2253 P.
769 2218 904 2254 Lainio
928 2219 1138 2264 approbata
1148 2241 1628 2252 .....................

269 2273 554 2310 Annotationes
579 2275 617 2310 in
636 2288 749 2312 casus
768 2283 988 2321 reservatos
1002 2299 1628 2312 ...........................

269 2332 478 2368 Instructio
496 2345 564 2380 pro
582 2334 829 2372 confessariis
849 2342 1066 2372 nostrorum
1079 2358 1629 2371 ........................

271 2391 478 2427 Instructio
509 2393 679 2437 Patrum,
711 2395 776 2441 qui
808 2380 977 2430 audiunt*
1006 2393 1273 2429 confessiones
1307 2396 1538 2435 nostrorum,
1571 2391 1636 2425 ubi

340 2452 567 2497 praesertim
586 2452 792 2489 difficultas
813 2455 940 2501 aliqua
959 2452 1165 2488 obvenerit
1175 2475 1630 2486 ....................

269 2509 407 2555 Casus,
428 2521 588 2557 quorum
608 2512 800 2548 absolutio
820 2518 1018 2548 reservata
1038 2518 1098 2547 est
1117 2510 1304 2556 superiori
1322 2509 1457 2544 domus
1483 2510 1544 2543 vel
1563 2509 1637 2543 col-

338 2569 444 2615 legii,
479 2576 517 2605 et
536 2571 585 2605 ab
610 2571 701 2612 alio,
720 2572 794 2607 nisi
820 2572 868 2607 de
895 2572 979 2618 ejus
1005 2581 1189 2617 expressa
1214 2568 1383 2613 licentia,
1403 2567 1553 2602 absolvi
1574 2578 1638 2601 ne—

340 2634 503 2675 queunt,
524 2629 561 2664 in
581 2630 751 2665 secunda
770 2631 1074 2676 congregatione
1093 2627 1266 2674 generali
1283 2626 1498 2662 confirmati
1510 2651 1631 2663 ......

271 2687 407 2732 Casus,
442 2700 462 2722 a
493 2688 535 2724 P.
567 2689 764 2724 Everardo
796 2689 1038 2725 Mercuriano
1070 2687 1261 2733 recogniti
1293 2698 1340 2721 ex
1367 2685 1638 2721 commissione

339 2748 653 2793 congregationis
673 2757 745 2784 2.ae
764 2755 802 2783 et
821 2748 896 2783 3,ae
914 2748 1122 2794 generalis.
1144 2755 1184 2781 21
1201 2748 1287 2792 Jan.
1312 2752 1400 2789 1575
1411 2770 1632 2779 ..........

273 2806 366 2841 Post
383 2806 665 2842 confessionem
684 2809 909 2853 generalem
929 2807 1100 2853 proderit
1115 2806 1153 2841 in
1169 2805 1423 2852 sequentibus
1439 2804 1630 2838 meditari.

271 2865 483 2900 Instructio
502 2877 570 2911 pro
589 2866 652 2909 iis,
671 2867 737 2912 qui
755 2873 846 2901 sunt
864 2866 901 2901 in
921 2866 1042 2912 prima
1061 2865 1288 2912 probatione
1295 2889 1630 2899 ...............

272 2923 390 2958 Index
411 2924 773 2970 interrogationum,
793 2925 895 2959 unde
909 2925 1038 2970 juvari
1063 2928 1246 2970 poterunt
1268 2922 1387 2957 nostri
1413 2921 1636 2956 confessarii

290 2985 293 2988 ”
346 2983 498 3029 quando
526 2983 688 3018 audiunt
711 2984 979 3018 consessiones
1003 2984 1207 3028 generales
1231 2982 1386 3016 Patrum
1407 2988 1444 3015 et
1464 2981 1635 3023 fratrum,

341 3042 484 3088 quibus
503 3044 602 3077 solet
621 3043 720 3078 ratio
738 3042 855 3078 etiam
874 3042 1085 3089 apertionis
1102 3041 1364 3077 conscientiae
1383 3040 1502 3085 accipi
1509 3065 1630 3076 ......

331 3142 443 3171 Eprsr.
466 3142 501 3171 P.
523 3142 656 3178 ΝΑῡΑι,
676 3150 751 3171 roni.
773 3142 833 3170 lv.
1559 3139 1598 3167 60

1653 280 1722 316 929

1657 491 1740 525 Pag.

1588 641 1621 651 ..
1677 615 1745 660 364

1675 674 1745 719 378

1676 742 1743 778 4οῐ

1677 802 1746 838 424

1677 859 1744 896 425

1677 969 1745 1015 432

1678 1028 1747 1074 433

1679 1087 1748 1133 434

1679 1200 1750 1251 435v

1679 1275 1744 1311 441

1680 1335 1749 1371 444

1680 1453 1748 1489 445

1681 1503 1750 1548 446

1683 1689 1750 1726 447

1683 1799 1751 1844 448

1681 1869 1751 1904 450

1682 1927 1751 1963 452

1684 2104 1754 2140 454

1685 2223 1753 2259 455

1685 2281 1754 2317 457

1685 2333 1754 2375 462

1687 2450 1754 2494 464

1687 2746 1756 2789 469

1687 2813 1756 2849 470

1687 2872 1751 2907 47Ι

1687 3048 1755 3083 472
