2028 3426
383 226 452 269 706
856 225 1009 259 PATmS
1036 223 1280 259 HlssRONYMt
1306 223 1455 258 NADAL
1492 244 1493 247 =

337 329 415 370 tati
440 329 714 383 exemplum,
741 335 788 368 vt
811 326 887 381 qui
926 325 1130 381 superior
1158 332 1245 378 est,
1276 326 1494 369 honorem
1533 325 1658 368 illum
1687 339 1788 369 esse
1821 333 1966 381 putet,

336 413 381 447 et
406 419 496 448 non
520 405 670 460 potius
695 403 973 446 functionem
997 401 1266 445 humilitatis
1283 410 1328 444 et
1352 401 1602 446 seruitutis.
1629 401 1758 455 Item,
1778 402 1815 446 si
1839 411 1967 458 putet

334 481 418 523 sibi
442 481 650 523 iniuriam
682 481 777 524 fieri
809 488 856 521 vt
886 478 1034 522 officio
1063 486 1322 530 moueatur,
1348 493 1401 521 ac
1423 480 1668 522 contendat
1691 487 1736 524 et
1763 486 1893 524 curet
1920 479 1965 521 in

335 558 603 614 magistratu
627 572 906 613 permanere.

419 639 491 681 212
527 636 752 677 Externae
775 632 1160 677 contradictiones
1182 634 1383 676 fuerunt.

420 716 680 767 Antequam
705 710 911 755 Societas
933 711 1295 762 confirmaretur,
1322 710 1528 754 Venetiis
1549 709 1745 753 excitata
1773 718 1842 754 est
1857 725 1965 754 con-

334 789 540 831 tradictio
572 804 597 830 a
629 790 764 830 Petro
801 788 1022 838 Carraffa,
1055 786 1130 842 qui
1162 787 1247 829 fuit
1277 787 1448 830 Paulus
1477 799 1520 840 4.
1554 788 1668 830 Nam
1708 786 1822 831 aliae
1860 803 1964 831 nar-

333 874 488 908 rantur
512 881 536 908 a
558 864 882 908 commentario
905 864 1159 919 aliquorum
1182 873 1417 920 gestorum
1439 865 1493 908 Ρ.
1515 864 1694 920 Ignatii.
1913 858 1916 861 ’

423 942 526 985 Alia
551 943 656 984 item
680 950 785 984 ante
807 940 1051 985 Societatis
1069 941 1457 984 confirmationem
1480 940 1567 983 fuit
1595 942 1852 994 Mudarrae,
1882 944 1964 985 Pa-
1989 980 1992 983 .

331 1019 497 1062 schasii
520 1027 565 1062 et
590 1021 823 1071 Barrerae,
855 1017 1104 1060 aulicorum
1136 1031 1347 1062 romanae
1376 1017 1529 1061 curiae
1566 1017 1905 1074 hispanicorum
1935 1021 1963 1064 ¹.

421 1096 535 1139 Dein
570 1094 812 1138 cardinalis
844 1093 1161 1146 Guidaccioni,
1187 1094 1260 1137 cui
1289 1094 1576 1138 commiserat
1608 1096 1779 1139 Paulus
1803 1095 1965 1139 tertius

332 1174 565 1229 negotium
589 1171 946 1215 confirmationis
964 1186 1083 1214 anno
1107 1183 1232 1226 1540.

420 1252 661 1294 Praeterea
686 1251 778 1293 fere
801 1249 935 1292 simul
958 1248 1175 1301 Mathiae‚
1201 1248 1278 1304 qui
1302 1257 1398 1293 erat
1426 1249 1763 1294 veredariorum
1787 1250 1955 1306 praefe—

328 1337 430 1370 ctus
454 1328 584 1370 Pauli
609 1326 746 1379 tertii,
775 1327 1018 1378 Rossellae,
1038 1334 1083 1369 et
1102 1326 1364 1370 Barberani.

415 1405 518 1447 Alia
564 1405 647 1447 fuit
684 1404 874 1461 Joannis
917 1418 942 1446 a
985 1405 1208 1455 Mercato,
1255 1403 1332 1459 qui
1374 1411 1578 1459 praeerat
1619 1404 1962 1449 catechumenis

325 1496 442 1524 anno
472 1493 597 1536 1552.

413 1561 608 1601 Rursum
633 1573 752 1601 anno
785 1560 909 1613 1564,
938 1558 1023 1600 fuit
1044 1557 1240 1602 excitata
1262 1559 1318 1601 ab
1341 1557 1588 1602 Caesarino
1611 1559 1642 1600 ².

411 1638 615 1679 Fuerunt
639 1638 725 1679 hae
747 1635 929 1690 quidem
954 1635 1248 1687 Vniuersales,
1275 1642 1323 1676 vt
1345 1649 1462 1691 quae
1493 1635 1727 1691 negotium
1759 1636 1957 1681 facesse-

324 1715 433 1755 bant
456 1722 613 1756 contra
636 1714 897 1769 generalem
921 1720 966 1756 et
990 1714 1150 1756 Patres
1173 1726 1400 1755 romanos.

410 1795 481 1837 213
514 1792 719 1835 Fuerunt
747 1799 791 1834 et
821 1790 934 1834 aliae
963 1804 1143 1832 rursum
1174 1789 1469 1842 vniuersales,
1495 1789 1609 1833 Cani
1640 1789 1684 1832 in
1716 1790 1955 1846 Hispania,

323 1869 555 1911 Sorbonae
580 1867 805 1912 Lutetiae.
832 1867 963 1911 Aliae
985 1866 1166 1923 quidem
1194 1867 1438 1909 nonnullae
1468 1867 1651 1911 fuerunt
1681 1874 1847 1920 motae,
1875 1870 1956 1911 sed

322 1960 436 2000 quae
459 1960 514 1987 ex
538 1945 660 1987 falsis
684 1945 942 1987 rumoribus
966 1945 1149 1987 fuerunt
1171 1944 1307 2000 paulo
1325 1943 1511 2000 negotio
1528 1943 1773 1988 extinctae.

411 2023 464 2063 Et
506 2023 590 2065 hae
628 2021 811 2076 quidem
843 2028 1054 2077 poterunt
1082 2020 1312 2064 Chronico
1349 2020 1502 2072 inseri;
1535 2021 1650 2064 aliae
1687 2021 1733 2063 in
1766 2021 1952 2064 secretis

320 2099 674 2142 commentariis.
954 2151 958 2154 γ

409 2177 579 2219 Sensus
604 2186 651 2218 vt
674 2177 861 2219 adeatur
891 2176 948 2219 ad
986 2175 1148 2218 missae
1186 2175 1474 2228 sacrificium,
1508 2183 1602 2218 tum
1631 2177 1687 2218 ad
1717 2190 1952 2220 sacrosan-

319 2261 437 2294 ctam
461 2253 779 2296 eucharistiam
804 2253 1103 2296 confidenter.
1138 2253 1256 2295 Nam
1285 2251 1434 2294 aditur
1464 2252 1676 2295 Christus
1705 2253 1949 2309 gloriosus,

319 2322 444 2373 Deus
468 2330 769 2385 omnipotens,
790 2345 869 2386 per
892 2344 1113 2372 summam
1137 2329 1516 2381 obsecrationem,
1537 2330 1666 2386 quasi
1689 2345 1769 2386 per
1792 2338 1951 2373 actua-

318 2408 405 2450 lem
429 2407 704 2450 oblationem
727 2407 770 2448 in
795 2421 946 2458 cruce,
974 2414 1021 2448 vt
1051 2406 1096 2448 in
1119 2405 1360 2458 sacrificio,
1386 2413 1431 2448 et
1454 2421 1533 2462 per
1562 2421 1717 2450 veram
1741 2415 1947 2459 mortem,

317 2492 364 2525 vt
388 2484 431 2525 in
455 2492 755 2527 sacramento
784 2485 914 2534 Nam,
942 2491 990 2525 vt
1014 2483 1057 2525 in
1087 2482 1310 2526 sacrificio
1338 2484 1543 2535 offertur,
1575 2483 1702 2538 quasi
1733 2492 1949 2527 renouata

318 2561 541 2615 passione,
569 2562 734 2615 Xpus.;
762 2560 806 2602 in
832 2568 1131 2612 sacramento,
1157 2559 1285 2614 quasi
1318 2574 1438 2603 mors
1462 2575 1585 2612 vera,
1611 2560 1739 2615 quasi
1779 2576 1825 2604 re
1853 2560 1948 2617 ipsa

315 2645 671 2692 repraesentata:
699 2646 940 2692 Vtrumque
969 2637 1012 2678 in
1044 2636 1470 2680 commemoratione
1499 2651 1605 2680 vera
1633 2645 1679 2680 et
1697 2637 1878 2680 ‘efficaci
1903 2639 1945 2680 in

315 2714 467 2757 sensili
490 2714 624 2769 signo
641 2713 876 2756 diuinitus.

385 2856 392 2874 ¹
447 2855 505 2888 De
531 2854 590 2889 his
617 2854 758 2899 Ignatii
785 2854 1130 2889 calumniatoribus
1155 2853 1311 2899 saepius
1337 2853 1374 2888 in
1394 2853 1575 2890 Monam.
1597 2855 1747 2902 Ignem,
1774 2867 1847 2892 ser.
1879 2857 1942 2902 lv,

313 2919 416 2947 tomo
437 2914 467 2957 1,
487 2923 613 2948 sermo
632 2919 705 2948 est.
728 2913 977 2947 Paschasium
997 2919 1142 2955 autem,
1158 2913 1220 2947 hic
1236 2911 1492 2956 nominatum,
1508 2913 1645 2949 nullibi
1662 2915 1757 2950 alias
1772 2914 1943 2961 reperire

311 2972 521 3016 potuimus.
721 3014 725 3017 ,

380 3031 394 3051 ²
447 3031 544 3066 Vide
564 3042 692 3077 supra,
716 3042 803 3077 pag.
831 3030 894 3075 148
910 3036 949 3065 et
968 3042 1075 3077 seqq.
