2028 3426
675 192 1012 228 INSTRUCTIONES
1020 193 1104 226 —61
1588 201 1654 238 575

162 299 244 341 557
268 294 478 338 Materies
503 294 732 349 petitionis
754 293 800 336 in
823 293 1025 337 oratione
1047 295 1159 337 haec
1181 307 1281 336 esse
1299 300 1463 348 potest.

161 372 343 426 Septem
359 371 609 426 petitiones
637 370 852 413 orationis
880 369 1149 421 dominicae,
1175 370 1231 411 ad
1260 384 1370 424 quas
1401 385 1556 413 ornnes
1593 370 1702 414 aliae

69 449 374 491 reducuntur.

163 524 409 568 Petitiones
448 523 647 566 omnium
687 523 942 566 orationum
981 523 1144 565 missae
1182 530 1226 566 et
1264 525 1474 565 horarum
1518 523 1701 565 canoni-

72 615 245 644 Garum.

159 676 248 719 Pro
270 677 462 719 ecclesia
486 685 641 719 sancta
664 676 886 719 catholica
910 691 1109 719 romana.

160 753 248 796 Pro
272 767 448 796 summo
465 753 696 809 pontifice.

112 878 113 882 Ἰ
161 833 250 873 Pro
272 830 566 872 cardinalium
591 830 798 886 collegio.

161 909 250 949 Pro
272 907 482 948 omnibus
499 906 737 962 episcopis,
760 914 804 950 et
821 905 1109 962 peculiariter
1128 919 1207 961 pro
1226 919 1294 956 eo,
1316 905 1362 946 in
1381 904 1509 947 cuius
1528 904 1703 960 episco—

20 1011 21 1015 =
70 991 178 1039 patu
203 997 548 1025 commoramur.

161 1062 250 1103 Pro
273 1060 483 1102 omnibus
508 1060 731 1115 parochis.

160 1138 247 1178 Pro
270 1137 478 1178 omnibus
503 1135 798 1192 religionibus
822 1143 866 1179 et
889 1136 1198 1191 superioribus
1217 1143 1261 1179 et
1284 1135 1506 1190 religiosis
1531 1149 1704 1178 earum-

72 1215 190 1256 dem.

159 1292 248 1332 Pro
270 1289 495 1333 Societate
519 1289 821 1344 peculiariter;
848 1297 892 1331 et
915 1305 996 1345 pro
1020 1289 1276 1345 praeposito
1299 1288 1521 1344 generali.

159 1369 246 1409 Pro
270 1367 480 1408 omnibus
503 1366 741 1410 Societatis
764 1366 1119 1422 prouincialibus
1142 1374 1186 1410 et
1215 1365 1542 1421 superioribus,
1575 1378 1703 1419 prae—

24 1467 27 1471 >
64 1432 201 1498 ‘cipue
219 1458 300 1498 pro
319 1448 404 1489 558
424 1443 688 1498 prouinciali
706 1443 802 1486 eius
820 1442 1095 1498 prouinciae,
1111 1450 1156 1486 et
1171 1442 1478 1498 superioribus
1497 1441 1700 1484 eiusdem

23 1551 34 1561 Α,
70 1519 248 1576 collegii
272 1527 349 1562 aut
372 1521 549 1571 domus,
575 1519 619 1561 in
644 1534 733 1574 qua
756 1527 864 1561 tunc
887 1534 1059 1562 sumus.

158 1599 245 1639 Pro
269 1597 477 1638 omnibus
501 1596 743 1651 prouinciis
767 1595 1024 1647 Societatis,
1045 1596 1305 1651 praesertim
1327 1609 1405 1650 pro
1424 1594 1548 1636 India
1566 1600 1610 1636 et
1630 1607 1698 1635 re-

22 1688 30 1731 f
57 1672 287 1728 ‘gionibus
310 1673 754 1728 septentrionalibus.

160 1752 247 1792 Pro
271 1749 530 1792 ministeriis
553 1749 808 1800 Societatis‚
840 1763 1011 1805 proque
1041 1763 1194 1791 eorum
1226 1748 1455 1799 ministris,
1490 1754 1534 1791 et
1563 1761 1699 1802 pecu-

69 1825 234 1869 liariter
258 1841 337 1882 pro
360 1827 522 1868 domus
546 1834 623 1868 aut
646 1826 827 1881 collegii
850 1826 895 1867 in
920 1840 1010 1880 quo
1035 1840 1207 1868 sumus.
1250 1849 1253 1852 ·

158 1904 245 1945 Pro
269 1903 477 1945 omnibus
504 1902 715 1946 Patribus
737 1910 782 1944 et
805 1902 1018 1944 fratribus
1041 1901 1298 1945 Societatis.

163 1981 251 2022 Pro
275 1980 573 2022 Conuersione
597 1979 944 2022 haereticorum.

163 2058 250 2099 Pro
274 2056 570 2099 conuersione
594 2055 859 2098 infidelium.

164 2135 251 2175 Pro
274 2132 358 2183 his,
386 2132 461 2187 qui
485 2139 592 2174 sunt
615 2131 662 2173 in
684 2139 872 2186 peccato
895 2132 1089 2174 mortali.

161 2207 252 2251 Pro
275 2209 511 2250 animabus
534 2208 801 2264 purgatorii.

160 2287 249 2327 Pro
287 2286 432 2328 salute
470 2293 515 2327 et
553 2285 835 2340 perfectione
864 2284 1175 2328 Vniuersarum
1205 2284 1472 2335 animarum,
1506 2292 1549 2326 et
1580 2298 1704 2339 prae-

72 2361 203 2417 cipue
249 2376 424 2412 eomm,
476 2375 666 2416 quorum
720 2375 875 2403 curam
923 2368 967 2403 et
994 2359 1449 2403 *administrationem
1499 2359 1702 2404 Societas

75 2438 207 2493 gerit.

159 2516 247 2557 Pro
270 2514 481 2556 Vniuerso
505 2522 626 2557 statu
649 2513 959 2557 ecclesiastico
983 2513 1167 2567 suisque
1190 2513 1420 2555 ministris.

157 2592 247 2632 Pro
272 2590 481 2632 omnibus
504 2590 688 2646 regibus
706 2597 751 2632 et
769 2590 1048 2645 principibus
1066 2589 1339 2640 christianis,
1362 2588 1603 2644 praecipue
1623 2603 1702 2643 pro

69 2664 171 2719 illis,
199 2670 281 2713 559
305 2681 496 2723 quorum
521 2666 801 2721 prouinciam
826 2666 1082 2709 incolimus.

158 2743 246 2785 Pro
269 2742 371 2793 illis,
398 2743 474 2797 qui
499 2743 704 2785 laborant
728 2743 773 2784 in
792 2742 1022 2786 extremis.

161 2820 250 2861 Pro
274 2819 483 2860 omnibus
507 2819 710 2863 tentatis.

163 2897 248 2937 Pro
270 2895 356 2947 his,
381 2895 459 2949 qui
481 2895 525 2936 in
550 2895 754 2950 periculo
779 2896 999 2951 peccandi
1023 2903 1145 2939 sunt.

163 2972 250 3014 Pro
274 2972 552 3027 protectione
576 2954 688 3025 Dei,
716 2972 998 3015 beatissimae
1022 2971 1222 3026 Virginis
1245 2970 1412 3021 matris,
1439 2976 1481 3012 et
1506 2970 1704 3012 omnium
