2028 3426
572 238 618 273 IN
644 246 818 273 EXAMEN
845 240 1270 275 ANNOTATiONES—66
1618 243 1690 290 649

882 375 962 417 66

422 458 488 498 Ρ.
541 456 1013 500 HIERONYMI
1060 458 1424 504 NATALIS

545 565 595 593 IN
626 565 822 594 EXAMEN
857 566 1225 596 ANNOTArioNEs
1260 555 1286 596 ¹.

183 644 322 687 .«Fuit
344 659 370 687 a
392 645 512 688 Sede
535 646 800 700 Apostolica
822 655 1083 702 nuncupata
1106 647 1311 691 Societas
1327 650 1438 705 Jesu
1457 650 1488 694 ⁹².
1502 670 1517 688 »
1541 652 1601 693 Vt
1618 652 1731 696 aliae

92 729 248 777 'partes
272 721 480 774 instituti,
506 722 568 765 ita
595 730 640 764 et
671 724 756 765 hoc
785 738 950 767 nomen
979 724 1302 768 authoritatem
1335 726 1507 781 accepit
1536 729 1591 770 ab
1621 743 1729 784 apo-

93 799 254 841 stolica
283 799 405 849 sede,
446 798 713 854 principium
752 807 902 843 tamen
930 815 956 843 a
983 800 1068 843 Dei
1103 800 1244 856 ipsius
1272 801 1578 858 inspiratione.
1613 806 1727 848 Nam

24 908 26 911 s
90 875 211 916 ratio
249 882 429 917 nostrae
468 875 716 918 uocationis
749 875 904 919 militia
942 878 1162 932 quaedam
1200 885 1269 920 est
1291 879 1376 921 sub
1405 879 1570 922 uexillo
1600 882 1725 937 Xpi.‚

85 952 214 1006 quod
238 959 282 994 et
307 951 410 994 totis
439 951 664 994 exercitiis
691 953 963 1009 colligimus,
989 962 1034 996 et
1063 955 1113 995 in
1138 954 1430 999 meditatione
1460 959 1726 1011 praesertim

91 1029 239 1084 Regis
272 1030 530 1084 temporalis
552 1044 604 1072 ac
643 1030 921 1073 Uexillorum
950 1031 1186 1084 sentimus;
1223 1047 1326 1074 nam
1357 1032 1403 1074 in
1436 1034 1727 1078 meditatione

93 1106 238 1162 Regis
260 1107 520 1161 temporalis
557 1121 774 1150 uocamur
796 1123 821 1150 a
855 1107 1040 1151 Christo
1058 1110 1167 1165 Jesu
1191 1123 1368 1151 summo
1392 1117 1436 1153 et
1459 1112 1724 1166 angelorum

83 1189 136 1226 et
159 1182 406 1236 hominurn,
431 1187 472 1225 et
493 1197 602 1239 rege
619 1187 659 1225 et
680 1185 796 1226 duce
818 1185 876 1227 ad
897 1184 1156 1228 societatem
1182 1186 1251 1228 sui
1270 1187 1392 1240 belli,
1413 1189 1535 1241 quod
1558 1189 1723 1231 aduer-

90 1273 168 1301 sus
207 1260 443 1310 mundum,
484 1275 681 1314 carnem,
724 1261 1071 1316 teterrimosque
1112 1263 1355 1306 daemones
1398 1264 1537 1320 gerit,
1579 1265 1723 1308 donec

89 1336 238 1378 tradat
260 1351 451 1392 regnum
475 1339 575 1380 Deo
597 1334 642 1381 et
666 1337 805 1389 Patri,
831 1345 968 1393 atque
992 1343 1174 1380 enaczaet
1196 1354 1375 1382 omnem
1399 1341 1718 1397 principatum,

88 1418 357 1466 potestatem
375 1420 421 1455 et
444 1412 660 1457 uirtutem
684 1415 715 1465 ³,
743 1413 925 1457 nomina
948 1429 1032 1457 nos
1054 1415 1214 1457 damus
1237 1423 1373 1470 atque
1393 1417 1720 1461 conscribimus

82 1487 232 1544 digito
260 1489 346 1532 Dei
369 1489 413 1531 in
439 1489 558 1532 illam
583 1490 785 1533 militiam
813 1499 1163 1534 sacrosanctam.
1198 1493 1273 1534 Ex
1306 1494 1579 1535 Vexillommz
1614 1509 1718 1537 vero

86 1564 376 1608 meditatione
413 1565 710 1622 intelligimus
748 1567 852 1622 Xpi.
889 1569 1017 1624 Jesu,
1044 1569 1100 1610 ad
1140 1568 1379 1624 ipsumque
1400 1569 1716 1625 imperatorem

81 1641 318 1683 Christum
350 1636 433 1684 nos
462 1657 747 1696 concurrere,
787 1658 891 1686 cum
915 1658 969 1688 eo
992 1644 1037 1686 in
1076 1645 1219 1688 aciem
1251 1646 1507 1700 procedere,
1546 1647 1592 1688 in
1622 1647 1718 1690 acie

80 1724 219 1769 stare,
244 1734 300 1761 ex
323 1719 418 1762 acie
433 1724 520 1774 per
542 1720 666 1762 illum
690 1721 950 1776 confligere.
978 1723 1079 1764 Hac
1102 1721 1275 1765 ratione
1307 1722 1498 1777 primum
1526 1731 1721 1766 uocatus·
1759 1758 1764 1762 .

82 1804 152 1836 est
175 1796 227 1836 P.
257 1795 474 1851 Ignatius3
517 1798 601 1839 hac
624 1811 703 1852 per
734 1797 830 1840 illas
868 1798 1182 1841 meditationes
1220 1813 1302 1852 nos
1342 1808 1475 1842 uocat
1498 1801 1641 1855 Xpus.
1670 1801 1713 1842 in

83 1871 357 1916 Societatem
382 1887 490 1917 suae
513 1873 711 1927 militiae3
738 1873 799 1916 ita
818 1889 981 1917 nomen
1006 1875 1103 1918 eius
1127 1875 1293 1918 vicario
1312 1875 1357 1918 in
1377 1876 1504 1918 terris
1522 1891 1707 1919 romano

80 1948 282 2004 pontifici
305 1950 389 1992 sub
429 1950 593 1993 uexillo
631 1950 778 1993 crucis
815 1951 921 1993 dare
944 1966 1025 1994 nos
1048 1952 1092 1993 in
1117 1953 1313 1994 formula
1340 1952 1536 1995 instituti
1566 1954 1716 1996 nostri

79 2025 287 2080 legimus.
331 2027 725 2080 Quemadmodum
763 2031 913 2069 autem
949 2029 1215 2071 confirmata
1245 2029 1379 2073 suerit
1417 2029 1571 2072 diuina
1595 2031 1709 2074 haec

77 2099 310 2156 inspiratio
333 2110 378 2144 et
401 2103 657 2158 appellatio,
684 2103 852 2155 audite,
894 2105 1053 2147 fratres
1092 2105 1194 2147 mei.
1237 2107 1353 2148 Nam
1376 2120 1479 2148 curn
1503 2106 1591 2148 iam
1616 2106 1711 2161 pri-

77 2192 200 2220 mum
234 2179 407 2221 ueniret
438 2181 572 2223 Pater
606 2180 809 2235 Ignatius
841 2180 1046 2233 Romam,
1083 2190 1326 2237 antequam
1364 2182 1609 2237 quidquam
1650 2184 1678 2224 d

72 2255 417 2298 confirmatione
447 2255 688 2300 Societatis
722 2264 951 2313 ageretur,
983 2265 1119 2312 atque
1141 2258 1185 2300 in
1218 2258 1377 2301 itinere
1407 2267 1571 2311 oraret,
1598 2274 1704 2302 ecce

72 2331 281 2385 apparuit
303 2331 365 2373 illi
388 2335 532 2388 Xpus.
560 2334 708 2389 jesus,
740 2348 921 2378 crucem
953 2334 1174 2388 baiulans,
1208 2335 1383 2378 audiuit
1417 2350 1523 2378 uero
1557 2337 1708 2379 Deum

75 2407 257 2450 Patrem
280 2408 326 2451 in
349 2409 523 2464 spiritu,
551 2424 602 2452 ac
624 2410 765 2453 sensit
788 2411 906 2465 quod
937 2425 986 2453 se
1014 2411 1070 2453 ad
1100 2413 1270 2469 Xpum.
1297 2411 1558 2466 applicaret,
1600 2419 1645 2455 et
1667 2411 1712 2452 in

71 2481 190 2525 illius
211 2485 476 2528 seruitutem
500 2496 545 2529 et
573 2475 801 2541 sequelam
841 2495 1061 2531 assereret
1098 2502 1150 2530 ac
1188 2488 1374 2531 diceret:
1422 2489 1548 2543 «Ego
1575 2488 1706 2544 uobis

72 2573 152 2620 ero
180 2562 445 2616 propitius.»
482 2564 610 2606 Haec
639 2578 738 2606 sese
765 2564 946 2607 audisse
975 2565 1031 2607 ab
1061 2564 1138 2607 illo
1168 2565 1404 2607 confirmat
1437 2566 1487 2606 P.
1522 2564 1704 2615 Lainez,

144 2677 152 2698 ¹
205 2679 263 2712 Ex
280 2680 508 2725 archetypo,
526 2680 678 2715 Natalis
697 2692 813 2715 manu
831 2681 1052 2727 emendato,
1074 2682 1112 2716 in
1131 2682 1266 2716 codice
1286 2681 1450 2716 fisis-cell,
1472 2682 1518 2715 de
1537 2682 1651 2721 Inst„
1673 2680 1707 2725 I,

72 2747 180 2771 num.
211 2737 243 2782 8,
267 2736 369 2773 foliis
403 2747 432 2784 Ι,
458 2744 502 2783 2,
534 2748 569 2782 5,
604 2748 727 2783 15-17.
762 2739 862 2774 Vide
894 2739 994 2774 dicta
1027 2740 1075 2775 de
1106 2741 1177 2775 hoc
1209 2740 1358 2774 Natalis
1390 2739 1549 2785 scripto,
1575 2750 1705 2784 supra,

8 2839 13 2842 Ι
70 2807 190 2841 pagg.
215 2797 272 2840 26,
294 2806 352 2841 27.
373 2798 484 2843 Quae
502 2798 642 2833 italicis
662 2799 766 2845 typis
790 2805 981 2845 notamus,
1012 2799 1161 2834 Natalis
1188 2811 1301 2834 manu
1328 2798 1533 2833 emendata
1558 2799 1620 2833 vel
1641 2798 1704 2832 ad-

57 2854 149 2896 ,dita
168 2862 271 2891 sunt.
292 2857 396 2891 Usus
415 2862 475 2891 est
493 2858 564 2892 hoc
582 2857 716 2893 codice
736 2859 777 2893 Ρ.
801 2859 1003 2903 ASTRAIN,
1023 2859 1222 2899 Historia,
1244 2859 1272 2900 Ι,
1301 2859 1379 2903 106,
1402 2865 1484 2901 107.

140 2918 153 2935 ²¹
204 2915 311 2949 Haec
331 2916 449 2949 verba
467 2915 672 2962 desumpta
690 2923 781 2952 sunt
800 2929 848 2952 ex
868 2917 1080 2958 Examine,
1101 2929 1185 2963 cap.
1208 2918 1235 2960 I,
1255 2918 1270 2962 ἓ
1294 2925 1324 2953 1.
1353 2916 1417 2951 Cf.
1447 2916 1704 2951 Constitutio-

69 2984 136 3007 nes
156 2973 352 3019 Soc.]esu
373 2975 449 3010 lat.
472 2978 508 3010 et
525 2976 644 3020 hisp„
662 2987 750 3022 pag.
771 2986 806 3012 2.

142 3033 155 3050 ·'·
206 3033 360 3075 ICOR„
380 3034 465 3080 XV,
488 3043 547 3078 24,
