2028 3426
336 240 401 276 104
805 233 958 268 PATms
984 232 1225 266 Hit-:nonnil
1253 227 1403 263 NADAL

355 346 446 387 >10.
513 335 671 389 Quod,
707 334 824 377 sicut
853 342 986 376 antea
1016 347 1092 388 per
1123 345 1146 386 3
1177 337 1221 373 et
1250 342 1294 383 4,
1330 329 1392 371 ita
1429 342 1548 371 nunc
1578 340 1657 383 per
1693 338 1720 379 4
1751 325 1916 368 funda·
1951 379 1953 382 Α

288 418 424 455 tores.
1956 459 1958 462 ,

381 500 448 532 11.
513 489 693 532 Teneor
721 490 831 530 haec
868 489 1030 538 facere,
1067 485 1171 541 quia
1203 484 1335 528 video
1359 482 1524 526 multos
1553 482 1727 523 errores
1755 479 1800 521 in
1833 480 1940 538 hac*
1978 465 1987 490 ⁷

288 564 635 618 gubernatione.

365 654 448 686 ,12.
515 643 593 683 Est
613 641 820 684 confusio
845 639 1118 696 gubernatio
1141 647 1158 664 ‘²
1180 652 1261 694 per
1285 645 1375 680 tam
1399 635 1415 661 b
1438 636 1619 686 multos,
1644 640 1689 676 et
1713 630 1947 687 quotidie.

288 718 472 762 venient
496 718 694 773 proffesi,
721 726 764 762 et
789 733 879 760 non
904 716 1086 773 expedit
1109 724 1139 758 ⁰.
1944 703 1946 705 ¹
1974 697 1982 702 “

1085 829 1125 873 4

705 910 756 950 Ρ.
794 907 1112 951 NICOLAUS
1147 904 1507 949 BOBADILLA

650 1010 1066 1040 GUBERNATORI
1118 1006 1457 1039 LAURETANO
1502 992 1559 1047 (ἓ)

795 1099 955 1133 ROMAE,
985 1098 1027 1135 15
1053 1097 1236 1126 AUGUSTI
1266 1096 1354 1133 1557
1383 1088 1419 1121 ·.
1677 1121 1682 1139 t

290 1175 522 1209 Societatem
548 1174 596 1208 ab
625 1174 923 1219 antiquioribus
944 1173 1136 1208 Patribus
1150 1172 1370 1218 regendam
1389 1171 1532 1211 ce11set,·
1553 1168 1756 1208 Lainimn,
1779 1165 1925 1200 Polem-

447 1245 534 1269 cum
565 1237 601 1269 et
633 1233 821 1268 Natalem
843 1237 1061 1280 perperam
1088 1232 1205 1267 illam
1231 1231 1524 1266 aduiinistraoe
1549 1225 1764 1263 contendit.
1823 1267 1829 1271 ·

1009 1381 1011 1383 q
1055 1318 1153 1374 jhs.

382 1415 529 1457 Mons.
557 1420 836 1467 gouernator
859 1411 904 1454 in
927 1413 1012 1455 Χ.0
1036 1419 1180 1454 oss.¹¹¹0

380 1490 540 1533 Gratia
563 1498 608 1532 et
631 1504 718 1545 pax
740 1488 849 1534 Dni.
876 1489 1015 1531 nostri
1039 1488 1096 1531 sit
1119 1501 1295 1543 semper
1319 1485 1574 1528 nobiscum.
1601 1485 1767 1526 Amen,

381 1568 484 1610 Non
517 1565 664 1623 saprei
686 1566 730 1609 io
752 1567 927 1622 parlare
955 1565 1029 1622 piu
1061 1564 1508 1621 giustificatamente‚
1534 1563 1618 1604 che
1647 1559 1758 1602 dire:
1795 1572 1844 1601 se
1867 1556 1927 1599 mi
1956 1567 1964 1574 ·

1938 1670 1954 1685 l

363 1708 380 1724 a
431 1698 503 1732 Ms.
521 1698 780 1744 gubernativ.
834 1698 900 1724 —b
927 1697 1000 1732 Ms.
1025 1700 1091 1742 pr.
1113 1699 1197 1730 tan.
1250 1704 1313 1722 —c
1341 1695 1417 1729 Ms.
1442 1693 1630 1740 expediti.

367 1800 373 1818 ¹
428 1800 484 1833 Ex
511 1799 733 1845 apographo
761 1809 922 1842 coaevo,
945 1798 982 1832 in
1012 1797 1147 1832 codice
1179 1797 1239 1832 De
1258 1797 1370 1832 rebus
1389 1805 1528 1842 congr.
1547 1805 1644 1841 gen.
1672 1793 1704 1828 I·
1720 1793 1758 1832 V.
1779 1789 1925 1838 duplici

297 1859 380 1905 fol„
400 1872 437 1896 n.
459 1868 519 1904 59,
538 1859 585 1894 60
604 1864 680 1904 (22,
700 1857 759 1906 233
785 1866 866 1902 144,
889 1859 987 1902 145).
1019 1857 1128 1891 Haec
1152 1856 1317 1902 epistola
1342 1866 1431 1890 curn
1459 1853 1774 1890 accusationibus
1799 1846 1932 1887 eidem'

296 1919 486 1964 subjectis
505 1918 594 1953 data
625 1917 698 1953 fuit
730 1917 1043 1963 «gubernatori»,
1064 1915 1255 1960 Quisnam
1279 1921 1408 1950 autern
1439 1913 1558 1950 fuerit
1583 1913 1649 1949 ille
1671 1913 1925 1957 gubernator,

295 1989 371 2014 non
391 1979 548 2013 omnino
567 1982 808 2023 compertum
827 1977 1030 2012 habemus.
1059 1977 1202 2010 Romae
1232 1974 1390 2022 quidem
1416 1985 1549 2009 mense
1580 1973 1685 2019 Julio
1714 1970 1805 2007 anni
1838 1978 1928 2015 1557

294 2037 569 2082 gubernatoris
590 2048 750 2071 munere
769 2036 1006 2082 fungebatur
1021 2036 1198 2070 Salvator
1217 2033 1363 2080 Pacini‚
1385 2033 1592 2080 episcopus
1610 2032 1800 2076 clusinus,
1814 2034 1928 2077 prout
1965 2047 1968 2051 <

295 2109 343 2132 ex
364 2098 537 2142 Regesto
556 2096 703 2131 romani
731 2096 876 2131 archivi
897 2095 1101 2139 (Archivio
1119 2094 1157 2129 di
1173 2094 1314 2138 Stato),
1329 2093 1391 2129 cui
1411 2093 1561 2128 titulus:
1580 2090 1774 2127 «Mandati
1790 2090 1929 2126 Came·
1968 2085 1982 2100 ¹·
2004 2099 2007 2138 }

296 2156 389 2192 ra1i»
408 2167 596 2191 annorum
619 2158 836 2201 1556·1559‚
857 2167 925 2202 per
942 2155 1208 2190 honorabilem
1230 2153 1412 2189 tabularii
1432 2151 1671 2199 praefectum
1686 2151 1736 2185 D.
1753 2148 1926 2184 Polidori
1960 2143 1987 2192 ἶ,

297 2222 337 2251 et
355 2216 398 2250 P.
420 2216 577 2250 Petrum
597 2215 924 2262 'racchi-Venturi
943 2215 1178 2261 accepimus.
1199 2213 1276 2248 Sed
1296 2223 1372 2248 non
1396 2211 1598 2259 probabile
1624 2210 1779 2245 videtur
1804 2209 1926 2244 Boba·
1975 2243 1986 2249 ‚

296 2275 427 2310 dillam
442 2275 489 2310 ad
505 2275 623 2311 Urbis
636 2276 938 2320 gubernatorem
953 2274 1142 2309 detulisse
1157 2283 1451 2319 causam‚quam
1467 2281 1641 2306 summus
1657 2267 1834 2316 pontifex
1847 2279 1928 2303 car·
1968 2253 2009 2266 ’ν’

296 2335 415 2370 dinali
435 2334 638 2380 Cmpensi,
659 2333 869 2369 Societatis
888 2333 1113 2380 protectori,
1133 2332 1394 2369 commiserat.
1416 2331 1608 2366 Fortassis
1626 2329 1673 2364 ad
1691 2329 1928 2374 gubernato·
1981 2369 1989 2377 ι

298 2405 378 2430 rem
399 2393 556 2428 Laureti
573 2394 672 2428 hane
691 2393 895 2439 epistolam
914 2392 1005 2428 dare
1025 2392 1225 2438 cogitavit,
1244 2398 1286 2427 ut
1301 2403 1349 2426 ex
1364 2391 1439 2426 illis
1456 2390 1601 2434 verbis,
1621 2389 1693 2423 sub
1709 2386 1812 2432 n.7.⁰
1828 2386 1930 2433 posi·
1978 2392 1986 2437 .

299 2454 362 2499 tis,
379 2452 566 2499 suspicari
583 2453 687 2487 licet:
706 2452 766 2487 «io
782 2452 831 2487 ini
847 2463 960 2487 scuso
975 2463 1047 2487 con
1063 2453 1098 2486 la
1113 2458 1294 2498 presente
1313 2461 1499 2497 appresso
1516 2449 1556 2484 di
1571 2449 1687 2483 X.⁰et
1701 2447 1739 2482 di
1751 2447 1800 2481 V.
1813 2445 1928 2489 Sria.,
1980 2445 1984 2453 '

299 2514 333 2548 la
356 2513 444 2559 qual
471 2524 511 2547 sa
536 2513 608 2546 che
634 2512 709 2546 mai
733 2513 1029 2557 gouernarebbe
1050 2511 1094 2545 L'
1114 2516 1222 2546 oreto
1242 2510 1406 2545 insieme
1430 2510 1489 2544 col
1515 2508 1698 2554 capitolo,
1718 2507 1766 2542 ne
1794 2515 1930 2540 manco

303 2574 457 2618 Laynez
484 2583 556 2606 con
583 2571 673 2605 tutti
700 2571 724 2606 li
751 2570 954 2617 professi.»
980 2570 1078 2606 Cum
1110 2576 1239 2605 autem
1265 2568 1471 2604 cardinalis
1497 2567 1725 2613 Rodulphus
1756 2565 1848 2600 Pius
1878 2563 1928 2600 de
1968 2579 1975 2609 j
2006 2576 2009 2602 ζ

300 2631 430 2678 Carpi,
451 2642 526 2666 non
547 2632 671 2665 solum
692 2630 917 2676 Societatis‚
937 2629 1005 2665 sed
1024 2630 1141 2665 etiam
1162 2630 1384 2664 lauretanae
1403 2627 1541 2662 domus
1556 2631 1765 2673 protector,
1781 2625 1858 2660 imo
1873 2629 1928 2659 to·

301 2692 377 2726 tius
396 2689 621 2737 provinciae
643 2690 863 2735 picentinae
883 2689 1103 2736 praefectus
1123 2694 1244 2734 esset,
1270 2686 1372 2723 haud
1398 2685 1653 2722 inverisimile
1678 2685 1834 2720 videtur
1857 2684 1930 2718 130-
1976 2680 1978 2682 ’

301 2750 483 2786 badillam
510 2760 578 2795 per
608 2750 908 2794 gubernatorem
940 2750 1182 2783 lauretanum
1215 2747 1386 2782 animum
1414 2735 1620 2781 cardinalis
1645 2743 1856 2790 Carpensis
1882 2741 1930 2778 ad
1990 2739 2013 2764 A

301 2810 487 2854 prolatam
503 2819 570 2854 pro
587 2807 721 2842 Lainio
736 2808 971 2842 sententiam
987 2798 1244 2842 revoca⁰ndam
1259 2805 1451 2840 adducere
1467 2814 1708 2850 procurasse.
1726 2801 1786 2838 Cf.
1803 2801 1929 2848 Epist.
1980 2845 1982 2850 ,

305 2869 350 2906 Ρ.
383 2868 535 2911 Ναάηἶ,
555 2867 601 2912 11,
621 2867 681 2912 56,
702 2867 766 2902 ubi
795 2866 1003 2902 cardinalis
1034 2865 1246 2912 Carpensis
1276 2864 1472 2899 sententia
1502 2864 1598 2898 haec
1622 2862 1744 2897 fuisse
1774 2861 1930 2896 dicitur:
1971 2865 2006 2877 '¹'

301 2929 442 2964 «Pater
462 2929 630 2974 Laynes,
649 2927 877 2962 conuocatis
895 2933 934 2961 et
953 2926 1087 2973 primis
1105 2931 1145 2961 et
1163 2925 1250 2961 aliis
1265 2924 1462 2969 Patribus,
1482 2922 1530 2957 ad
1553 2921 1778 2967 concilium,
1797 2931 1931 2956 eorum
1963 2961 1975 2978 .
1995 2909 2011 2941 ”¹

301 2988 444 3023 auditis
463 2987 687 3031 sententiis,
707 2986 943 3022 Societatem
968 2988 1202 3033 gubernet.»
1229 2986 1291 3020 An
1320 2990 1450 3020 autem
1481 2984 1580 3018 hanc
1612 2981 1818 3028 epistolam
1842 2991 1942 3016 cum·
1974 2979 1979 2982 ’

300 3048 558 3095 sequentibus
576 3047 892 3083 accusationibus
912 3058 1048 3094 reapse
1065 3046 1219 3082 dederit
1244 3044 1447 3080 Bobadilla
1476 3041 1743 3090 gubernatori,
1765 3040 1850 3076 sive
1875 3050 1934 3075 ro·
1979 3047 2012 3095 5¹·

1974 3075 2010 3171 ἒ.

1976 3249 1995 3286 ὶῖ

1976 3312 1998 3350 l..

1978 3353 2010 3374 μμ

1975 3375 2002 3426 ἑὲ

2005 2011 2007 2020 -
1971 1965 1977 1973 'A
1970 1723 2004 1937 ἧιὲἒμρςῲ*

1971 3310 1974 3313 Α
1986 3284 2000 3316 ἓ

1974 3370 1983 3382 J
