2028 3426
365 193 436 228 602
841 189 994 223 PA'rms
1023 187 1264 222 HlssRONYMI
1291 185 1441 221 NADAL

322 294 611 350 exigendam,
637 291 881 348 negocium
904 290 1038 332 detur
1060 287 1196 331 alicui
1219 295 1424 339 externo,
1450 288 1507 331 de
1529 301 1619 342 quo
1642 287 1761 329 bona
1777 286 1835 330 sit
1851 301 1957 342 spes

322 372 418 415 fore
451 371 572 426 quod
604 369 869 425 diligentem
904 381 956 410 ea
990 366 1035 409 in
1068 379 1117 408 re
1150 380 1198 410 se
1230 366 1446 421 praebeat
1479 364 1566 408 629
1599 372 1644 407 et
1676 363 1816 406 fidum
1851 377 1953 406 cum

322 448 598 491 authoritate
623 445 853 499 literisque
876 442 1199 499 procuratoriis
1221 441 1480 495 Societatis,
1506 441 1583 496 qui
1611 441 1830 497 singulari
1858 457 1955 484 mo·

323 525 555 570 deramine
579 537 756 566 omnem
780 535 963 576 operam
988 519 1237 571 adhibebit,
1264 519 1507 574 omniaque
1529 519 1785 575 experietur
1809 519 1957 562 media

322 610 388 654 vt,
414 602 602 644 aliorum
627 615 728 642 cum
755 597 1085 649 aedificatione,
1112 603 1407 652 recuperetur
1426 597 1550 651 quod
1573 597 1774 652 legatum
1800 596 1955 640 Socie-

322 679 402 722 tati
428 679 511 721 fuit
534 679 605 719 vel
629 678 864 719 donatum.
886 676 1036 731 Quam
1060 676 1108 716 in
1131 689 1243 727 rem,
1263 675 1371 716 dum
1395 675 1451 716 de
1469 673 1791 729 recuperandis
1813 673 1958 716 dona·

324 756 380 798 tis
401 757 474 799 vel
496 755 660 810 legatis
689 753 841 809 agitur
864 751 1056 795 iuridice
1086 765 1138 794 ac
1167 750 1382 807 litigiose,
1416 751 1484 794 vel
1515 750 1702 792 omnino
1725 751 1781 792 ad
1805 751 1955 794 foren-

325 847 418 877 sem
444 832 636 886 aliquam
672 844 873 881 causam,
910 829 1062 872 nullus
1085 843 1110 872 e
1143 828 1373 873 Societate
1405 841 1506 872 sese
1537 827 1731 884 ingerat:
1768 827 1890 882 quod
1922 828 1958 869 si

324 912 568 953 vehemens
591 908 740 962 aliqua
764 906 1012 951 necessitas
1034 906 1079 948 id
1102 905 1346 962 flagitaret,
1373 905 1515 961 possit
1537 904 1699 960 aliquis
1722 905 1778 946 de
1801 904 1959 949 Socie—

327 994 417 1030 tate
436 1000 539 1028 cum
559 986 661 1037 illis,
683 985 803 1040 apud
822 999 937 1040 quos
954 984 1008 1027 lis
1025 983 1194 1040 agitur,
1214 982 1427 1040 priuatim
1446 997 1600 1038 agere,
1616 996 1731 1037 quae
1749 981 1958 1026 videren-

326 1072 398 1106 tur
421 1063 627 1114 dicenda,
654 1063 789 1105 modo
811 1061 992 1118 publice
1015 1061 1061 1105 in
1084 1060 1251 1104 iudicio
1274 1060 1427 1103 nullus
1448 1074 1473 1102 e
1496 1059 1661 1102 nostris
1683 1066 1959 1115 compareat,

326 1142 405 1183 sed
429 1148 693 1196 procurator
716 1140 968 1183 dumtaxat.

982 1272 1045 1301 DE
1072 1271 1302 1301 NEGOTIIS

416 1373 518 1414 Non
541 1372 590 1413 fit
613 1379 773 1414 contra
795 1371 1016 1427 regulam,
1042 1384 1159 1427 quae
1182 1369 1388 1426 prohibet
1413 1369 1500 1414 630
1523 1369 1620 1426 geri
1643 1384 1668 1412 a
1692 1369 1857 1412 nostris
1879 1384 1955 1413 ne-

327 1448 459 1501 gocia
481 1448 718 1500 secularia,
745 1448 923 1491 etiamsi
952 1448 1025 1505 pia
1055 1448 1160 1500 sint,
1193 1448 1229 1490 si
1268 1447 1369 1502 quis
1407 1447 1559 1501 alicui,
1592 1462 1725 1502 quem
1764 1447 1963 1490 confidat

327 1528 422 1570 fore
444 1525 490 1568 in
516 1540 736 1581 pauperes
766 1525 1123 1577 misericordem,
1149 1524 1247 1568 siue
1277 1524 1396 1567 illius
1425 1524 1579 1567 audiat
1609 1523 1958 1575 confessionem,

327 1603 426 1647 siue
448 1617 539 1646 non
565 1602 738 1655 audiat,
764 1603 1051 1646 commendet
1074 1610 1122 1644 vt
1145 1603 1221 1644 det
1243 1603 1316 1646 vel
1339 1601 1522 1647 aliunde
1539 1601 1749 1644 conficiat
1765 1602 1962 1645 eleemo-

329 1695 486 1735 synam
512 1695 591 1736 pro
622 1679 913 1736 pauperibus3
949 1681 1084 1722 modo
1112 1681 1430 1735 eleemosynae
1457 1678 1545 1721 illis
1575 1678 1849 1735 pauperibus
1870 1693 1962 1721 non

328 1773 406 1813 per
429 1765 608 1801 nostros
632 1756 978 1812 distribuantur3
1005 1772 1121 1812 quae
1145 1764 1298 1800 tamen
1327 1756 1624 1812 intelligenda
1652 1763 1777 1807 sunt,
1802 1755 1838 1798 si
1862 1755 1963 1810 quis

329 1835 492 1877 habeat
515 1849 540 1877 a
563 1848 646 1878 suo
668 1834 903 1890 superiore
925 1849 1024 1879 eam
1049 1835 1329 1885 facultatem,
1362 1833 1459 1876 siue
1483 1833 1527 1875 in
1552 1833 1771 1888 generali,
1797 1833 1894 1875 siue
1917 1832 1961 1874 in

330 1911 604 1967 particulari,
630 1913 686 1954 de
708 1911 795 1954 illis
819 1912 956 1956 rebus
979 1911 1215 1955 tractandi.

759 2045 820 2074 DE
845 2045 1120 2074 BENEFICIIS
1145 2044 1532 2074 ECCLESIASTICIS

421 2143 648 2186 Beneficia
672 2158 728 2187 ne
752 2143 1029 2199 recipiantur
1052 2159 1077 2186 a
1099 2143 1282 2195 nostris,
1310 2142 1437 2198 quasi
1463 2142 1506 2184 in
1536 2142 1812 2198 depositum,
1836 2150 1881 2186 et
1916 2151 1962 2184 vt

331 2219 444 2262 solet
465 2218 554 2261 dici
576 2219 620 2261 in
644 2220 982 2272 confidentiam,
1009 2228 1057 2263 vt
1086 2219 1259 2263 scilicet
1280 2219 1353 2262 alii
1383 2219 1606 2275 accipiant
1636 2221 1811 2262 fructus
1833 2226 1878 2262 et
1907 2221 1962 2262 ad

331 2310 487 2339 eorum
511 2297 791 2340 voluntatem
814 2297 1124 2353 resignentur,
1149 2297 1315 2352 quibus
1337 2305 1383 2339 et
1405 2298 1587 2351 quando
1610 2296 1765 2339 velint.

423 2373 621 2416 Professi
645 2374 716 2417 vel
740 2373 1044 2426 coadiutores,
1071 2374 1293 2418 beneficia
1316 2388 1400 2417 nec
1423 2372 1494 2418 631
1526 2373 1725 2429 recipere
1754 2382 1960 2429 possunt,

332 2464 416 2493 nec
454 2449 679 2494 sustinere
716 2450 1046 2506 possessionem
1085 2465 1260 2502 eorum,
1302 2450 1339 2493 si
1377 2465 1511 2505 quam
1555 2451 1824 2503 habuerant;
1869 2450 1964 2501 alii,

332 2527 466 2571 etiam
496 2527 532 2569 si
562 2527 761 2571 habeant
790 2534 911 2579 vota,
937 2535 1127 2583 possunt
1156 2527 1337 2583 quidem
1377 2527 1602 2570 sustinere
1632 2527 1960 2583 possessionem

335 2619 509 2657 eorum,
536 2618 652 2660 quae
674 2605 860 2656 habent,
886 2605 1030 2649 donec
1054 2613 1236 2648 censeat
1259 2606 1481 2662 superior;
1507 2619 1627 2647 noua
1649 2604 1849 2660 recipere
1871 2619 1962 2647 non

334 2689 540 2737 possunt,
566 2681 654 2725 nisi
678 2681 805 2736 siqua
828 2681 935 2733 sint,
961 2683 1017 2724 ad
1041 2696 1157 2738 quae
1190 2682 1259 2725 ius
1287 2683 1470 2737 aliquod
1498 2682 1606 2738 ipsis
1642 2689 1868 2737 competat
1896 2681 1965 2724 le-

335 2758 579 2813 gittimum.
614 2759 730 2802 Nam
761 2766 916 2800 votum
946 2758 1223 2814 paupertatis
1251 2760 1440 2814 simplex
1471 2759 1514 2801 in
1553 2758 1639 2810 his,
1668 2758 1842 2801 etiamsi
1871 2772 1959 2800 non

337 2834 480 2889 priuet
505 2835 601 2879 iure
624 2836 694 2879 vel
719 2835 944 2891 praesenti
967 2836 1039 2877 vel
1070 2836 1239 2888 futuro,
1266 2835 1301 2878 si
1326 2837 1448 2891 quod
1469 2837 1684 2888 habeant,
1710 2836 1766 2878 ad
1789 2835 1961 2879 benefi—

334 2911 418 2963 cia,
459 2926 629 2955 nouum
668 2912 738 2955 ius
775 2911 1013 2967 adquirere
1050 2920 1195 2962 vetat3
1224 2912 1498 2968 proprietate
1527 2913 1598 2956 vel
1636 2911 1862 2968 praesenti
1890 2912 1960 2954 vel

335 2988 486 3031 debita
509 3003 563 3031 ex
587 2988 683 3032 iure
707 2988 932 3045 praesenti
961 3003 1051 3031 non
1081 2988 1245 3044 priuat;
1273 3002 1406 3039 noua,
1433 2988 1567 3031 etiam
1600 2989 1768 3041 futura,
1795 2987 1956 3043 priuat.
