2028 3426
714 221 1142 257 INSTRUCTIONES—61
1626 221 1695 267 539

114 323 297 365 domum
328 321 412 364 nisi
441 337 556 374 raro,
588 329 632 364 et
662 337 764 365 cum
795 323 985 372 alicuius
1006 322 1291 365 authoritatis
1316 322 1411 364 viro
1433 331 1476 365 et
1500 324 1739 379 specialem

114 398 306 453 aliquam
330 400 387 441 ob
405 398 641 441 Vtilitatem
664 405 709 441 et
727 399 1100 450 aedificationem,
1121 399 1256 441 etiam
1275 400 1544 454 superiores,
1567 415 1649 444 nec
1668 401 1741 443 alii

114 475 210 517 sine
239 476 400 517 horum
429 474 624 518 licentia.
658 476 706 517 In
730 474 801 517 his
832 483 981 520 tamen
1011 477 1147 518 rebus
1174 481 1258 522 469
1288 475 1452 530 poterit
1483 476 1741 531 dispensare

113 551 334 607 superior,
367 559 557 607 vrgente
579 551 727 606 aliqua
757 566 907 594 causa.
935 554 1025 596 Sed
1056 553 1093 595 si
1122 552 1207 595 sibi
1239 567 1292 595 ea
1323 552 1369 594 in
1402 567 1449 596 re
1482 552 1741 608 indulgeret

114 628 334 684 superior,
360 629 667 670 admonebunt
689 628 744 670 de
766 644 818 672 ea
840 630 1121 671 consultores
1149 629 1471 685 prouincialem
1494 630 1566 671 vel
1599 644 1741 684 gene-

115 706 268 747 ralem.

203 780 369 826 Selecti
387 783 545 823 Patres
559 788 605 824 et
620 783 780 825 fratres
795 789 1010 837 poterunt
1024 797 1080 826 ex
1094 782 1278 825 arbitrio
1293 781 1536 838 superioris
1549 781 1741 837 aliquem

115 858 325 909 inuisere,
351 858 388 900 si
411 859 585 900 fructus
613 858 773 913 aliquis
803 858 1044 914 spiritualis
1072 860 1144 902 vel
1171 859 1421 902 aedificatio
1453 866 1732 914 expectetur3

115 934 329 989 alioquin,
360 941 408 976 vt
437 936 581 976 solum
610 934 696 977 illis
724 935 928 986 satisfiat,
961 950 1051 978 non
1081 935 1164 979 erit
1195 949 1431 979 necessum
1460 935 1741 978 visitationes

116 1011 363 1067 suscipere.

205 1087 420 1131 Officium
444 1096 594 1131 tamen
616 1087 726 1130 illud
744 1095 879 1143 atque
899 1087 1074 1144 pietatis
1093 1088 1377 1143 obsequium,
1399 1089 1520 1143 quod
1538 1103 1563 1131 a
1581 1089 1746 1130 nostris

115 1165 351 1209 exhibetur
369 1164 558 1207 infirmis
574 1165 868 1217 moribundis,
883 1179 974 1207 non
986 1172 1054 1208 est
1071 1165 1477 1218 intermittendum,
1494 1165 1592 1209 siue
1614 1172 1747 1207 nocte

115 1242 212 1285 siue
234 1241 443 1293 interdiu,
470 1242 590 1297 quod
607 1242 830 1284 curabunt
848 1249 998 1285 tamen
1015 1241 1271 1297 diligenter,
1292 1256 1350 1284 ne
1367 1242 1474 1283 dum
1493 1242 1590 1284 aliis
1607 1256 1738 1297 opem

117 1319 232 1361 ferre
254 1318 326 1374 pie
347 1319 571 1369 volumus,
597 1317 736 1360 nostri
760 1318 805 1360 in
828 1318 1009 1373 aliquod
1031 1318 1330 1361 coniiciantur
1352 1318 1616 1373 periculum.

204 1395 475 1450 Discipulos,
496 1394 671 1437 infirma
689 1395 946 1438 valetudine
962 1396 1233 1447 laborantes,
1254 1403 1302 1436 vt
1320 1410 1397 1450 per
1414 1410 1462 1438 se
1480 1403 1740 1450 praecepto-

116 1486 186 1514 res
207 1470 291 1527 ipsi
314 1471 512 1514 inuisant
534 1486 626 1514 non
649 1479 716 1515 est
739 1473 1021 1516 consuetudo
1043 1472 1087 1514 in
1111 1471 1355 1516 Societate.
1383 1472 1430 1516 Si
1453 1474 1570 1514 hanc
1604 1473 1742 1514 facul-

115 1556 252 1591 tatem
274 1548 478 1604 superior
499 1548 639 1599 dabit,
666 1548 709 1590 id
732 1548 866 1590 faciat
887 1563 943 1591 ex
965 1555 1088 1592 certa
1110 1563 1263 1600 causa,
1290 1548 1441 1590 fructu
1464 1556 1509 1591 et
1531 1547 1743 1592 aedifica—

115 1625 251 1668 tione.
294 1626 395 1667 Hoc
432 1625 630 1667 officium
645 1659 654 1677 ‚
695 1624 732 1666 si
770 1639 858 1666 non
897 1639 976 1680 per
1012 1639 1061 1668 se
1102 1625 1294 1676 obeunt,
1341 1640 1420 1680 per
1461 1624 1741 1667 infirmorum

114 1700 445 1756 condiscipulos
457 1708 682 1756 praestare
697 1700 789 1745 470
806 1708 1119 1756 praeceptores
1137 1708 1364 1756 poterunt,
1380 1702 1500 1756 quod
1516 1701 1599 1744 erit
1615 1701 1738 1744 satis.
1780 1755 1784 1758 -

202 1777 495 1821 Visitationes
524 1784 780 1819 nostrorum
808 1784 1048 1821 versentur
1074 1777 1118 1820 in
1152 1777 1445 1820 xenodochiis
1474 1786 1520 1820 et
1552 1778 1746 1821 carceri-

115 1855 216 1899 bus,
250 1853 461 1909 Episcopi
494 1853 629 1896 inuisi
660 1861 872 1909 poterunt
904 1868 956 1897 ac
988 1854 1212 1910 principes
1239 1844 1296 1897 ad
1324 1856 1521 1897 fructum
1552 1855 1744 1909 aliquem

113 1930 405 1985 spiritualem,
431 1937 476 1972 et
499 1929 791 1985 magistratus
809 1930 1053 1986 praecipui,
1076 1938 1170 1974 tum
1188 1931 1479 1974 ecclesiastici
1500 1939 1594 1973 tum
1612 1946 1744 1975 secu—

72 2058 76 2064 *
113 2007 245 2058 lares,
271 2013 365 2049 tum
388 2006 461 2049 alii
483 2006 566 2047 viri
588 2021 770 2062 graues.
796 2007 1008 2050 Mulieres
1025 2007 1100 2049 vix
1119 2008 1300 2051 tandem
1319 2007 1639 2059 visitabuntur,
1661 2007 1744 2050 nisi

116 2083 384 2127 necessitate
401 2083 708 2127 intercedente
725 2091 770 2127 et
789 2084 963 2126 fructus
980 2083 1224 2139 spiritualis
1241 2099 1320 2139 spe
1343 2093 1561 2140 concepta
1585 2084 1746 2140 singu-

113 2159 210 2211 lari,
237 2166 282 2203 et
302 2160 445 2202 solum
469 2159 650 2215 quidem
675 2147 792 2214 quae
815 2159 983 2202 fuerint
1011 2160 1248 2215 primariae
1275 2161 1349 2203 vel
1375 2161 1586 2204 illustres.
1620 2162 1746 2204 Haec

115 2235 233 2279 enim
255 2235 587 2291 intelliguntur,
613 2236 689 2295 vbi
711 2235 908 2279 visitatio
931 2251 1022 2279 non
1043 2237 1094 2278 fit
1117 2238 1173 2279 ad
1195 2237 1525 2281 confessionem
1556 2236 1745 2280 audien-

115 2312 217 2354 dam
241 2313 313 2355 vel
335 2311 628 2355 moribundos
650 2313 971 2356 subleuandos.
998 2368 1010 2376 κ

519 2444 581 2473 DE
604 2443 696 2473 OPE
719 2444 940 2473 FERENDA
963 2444 1351 2474 CONSANGUINEIS

206 2540 298 2596 Qui
319 2548 425 2583 sunt
447 2542 504 2585 de
526 2541 770 2594 Societate,
795 2556 888 2584 non
911 2542 1186 2597 obligantur,
1218 2542 1480 2597 praesertim
1512 2548 1612 2596 post
1641 2548 1747 2583 vota

116 2617 250 2669 edita,
292 2617 552 2672 parentibus
590 2618 683 2660 suis
721 2618 947 2671 iuuandis,
987 2618 1064 2674 qui
1097 2618 1329 2660 constituti
1364 2632 1452 2659 non
1487 2618 1669 2659 fuerunt
1701 2617 1747 2659 in

117 2699 318 2737 extrema
345 2693 616 2738 necessitate
644 2709 733 2749 quo
762 2701 963 2750 tempore
995 2702 1100 2736 vota
1132 2694 1387 2746 ediderunt;
1424 2707 1507 2736 nec
1545 2693 1748 2737 Societas

117 2768 212 2824 ipsa
233 2769 311 2812 471
334 2769 421 2812 illis
443 2770 611 2825 aliquid
632 2771 783 2815 debet.
810 2771 858 2815 Si
883 2785 989 2814 uero
1012 2778 1162 2814 essent
1185 2770 1230 2812 in
1253 2777 1452 2812 extrema
1475 2769 1745 2812 necessitate

118 2844 194 2887 vbi
216 2852 321 2887 sunt
344 2846 605 2902 recipiendi,
638 2862 694 2890 ne
723 2847 995 2903 recipiantur
1025 2846 1223 2889 omnino.
1255 2845 1327 2887 Ad
1356 2845 1567 2887 maiorem
1599 2852 1746 2887 tamen

70 2917 75 2922 ’
119 2920 331 2975 quietem,
358 2922 502 2965 sciant
523 2923 664 2965 nostri
683 2923 1012 2966 solicitudinem
1037 2931 1081 2966 et
1103 2936 1275 2973 curam,
1302 2921 1338 2963 si
1362 2921 1417 2963 ad
1436 2928 1744 2976 paupertatem

118 2997 385 3041 deuenirent
421 3007 631 3054 parentes
667 2999 860 3050 illorum,
901 2999 1119 3054 superiori
1157 3012 1256 3041 esse
1295 2997 1509 3047 relietam;
1553 2997 1629 3052 qui
1666 3012 1745 3053 per
