2028 3426
273 223 342 269 296
739 225 892 260 PATms
919 224 1165 262 HmRoNnss
1192 224 1342 260 NADAL

228 325 485 382 theologica
508 333 553 370 et
571 327 853 382 praefectura
877 325 1113 377 ecclesiae,
1140 340 1166 368 a
1189 339 1294 380 qua,
1321 339 1424 369 cum
1449 325 1625 369 uenerit
1651 327 1702 369 P.
1729 327 1857 371 Stro-

227 401 390 454 belius,
412 402 690 455 liberabitur,
717 413 762 446 et
784 418 838 447 eo
862 411 1061 458 tempore
1085 399 1249 458 poterit
1280 403 1470 448 fortasse
1498 403 1656 446 iuuare
1685 403 1784 448 aliis
1812 404 1859 448 in

228 480 381 531 rebus,
408 479 506 522 siue
535 480 668 522 lectio
697 481 845 535 aliqua
875 480 932 522 sit
962 479 1216 522 necessaria
1245 480 1574 536 philosophiae,
1600 480 1699 525 siue
1729 481 1855 524 fami-

227 555 349 599 liaris
372 556 521 612 aliqua
545 557 677 600 lectio
701 556 959 611 theologica
981 555 1120 609 domi,
1145 556 1243 599 siue
1272 556 1370 600 aliis
1392 556 1438 600 in
1461 558 1612 601 rebus.
1640 558 1732 602 Sed
1755 572 1858 601 cum

229 632 469 677 lectionem
501 649 634 676 unam
675 634 929 689 theologiae
966 635 1089 690 leget
1117 643 1162 677 et
1195 634 1327 677 aliam
1357 635 1687 691 philosophiae,
1714 643 1758 678 et
1791 643 1860 679 est

228 711 488 765 praefectus
511 712 745 762 ecclesiae,
773 727 829 755 ne
852 721 1101 766 occupetur
1129 710 1174 753 in
1203 712 1569 756 confessionibus
1598 720 1642 757 et
1666 712 1764 755 aliis
1787 728 1859 772 re,-

230 786 330 838 bus,
353 789 499 842 quoad
523 789 620 831 eius
644 789 738 831 fieri
762 796 924 844 potest.

317 865 612 908 Sebastianus
629 865 817 909 Silesius
835 865 998 921 poterit
1016 880 1307 921 perseuerare
1324 865 1369 908 in
1382 867 1523 910 classe
1540 881 1622 910 sua
1640 868 1697 910 2.¹¹
1709 881 1859 923 gram-

229 941 432 993 matiees,
460 951 502 985 et
526 942 561 984 si
592 942 691 997 quis
720 942 791 994 sit,
824 943 900 997 qui
930 943 1071 999 possit
1099 943 1140 987 ei
1169 943 1382 986 substitui
1412 951 1429 968 a
1461 943 1507 986 in
1536 943 1702 996 officio,
1738 944 1860 998 quod

228 1017 347 1073 gerit
376 1018 420 1059 in
445 1019 638 1074 collegio
667 1033 803 1070 nouo,
830 1019 906 1074 qui
929 1019 1155 1075 grauitate
1178 1027 1222 1064 et
1251 1019 1491 1062 autoritate
1514 1020 1661 1076 magis
1692 1020 1857 1072 ualeat,

230 1093 274 1135 id
298 1108 385 1136 non
411 1095 495 1138 erit
518 1095 860 1152 negligendum3
887 1110 992 1138 cum
1015 1111 1106 1139 non
1128 1096 1338 1140 uideatur
1368 1104 1517 1139 tamen
1547 1098 1633 1139 hoc
1658 1104 1860 1152 tempore

231 1173 491 1224 mutandus,
517 1180 644 1214 curet
675 1172 965 1227 prouincialis
992 1181 1036 1216 et
1066 1182 1213 1217 rector
1245 1172 1341 1229 ipse
1366 1180 1413 1216 ut
1446 1173 1660 1217 maiorem
1694 1175 1861 1217 habeat

229 1248 543 1291 auctoritatem
570 1251 690 1305 apud
714 1264 837 1293 suos.

319 1325 513 1369 Michael
538 1327 658 1379 Polt,
685 1328 890 1369 absoluat
914 1341 1114 1379 cursum,
1148 1326 1327 1380 deinde,
1359 1326 1396 1369 si
1426 1342 1518 1370 non
1548 1335 1617 1370 est
1647 1341 1859 1372 necessa-

230 1401 322 1444 rius
344 1403 528 1445 omnino
548 1404 603 1445 ad
622 1405 966 1459 gubernandam
985 1404 1179 1460 aliquam
1199 1405 1404 1455 classem,
1426 1403 1631 1446 mittatur
1650 1406 1856 1447 Romam,

319 1479 582 1523 Cardaneus
605 1482 811 1524 absoluat
834 1495 1016 1524 cursum
1046 1495 1195 1533 suum,
1228 1488 1273 1524 et
1301 1481 1478 1523 interim
1508 1481 1650 1536 primo
1680 1495 1861 1537 quoque

231 1562 430 1610 tempore
462 1557 539 1599 fiat
571 1557 837 1613 praesbiter,
869 1566 914 1602 et
943 1559 1218 1614 pedetentim
1252 1558 1476 1601 audiendo
1506 1558 1781 1614 theologiam
1811 1558 1859 1600 ‘in

229 1633 314 1675 hoc
339 1634 535 1690 collegio
558 1636 634 1678 det
657 1650 838 1691 operam
861 1635 1061 1678 iuuando
1084 1635 1287 1692 proximo
1310 1635 1622 1689 concionibus,
1648 1643 1737 1679 etc.

319 1711 632 1755 Theodoricus
659 1714 831 1757 flander
854 1713 1006 1756 audiat
1035 1712 1254 1757 lectiones
1283 1712 1579 1769 theologicas,
1605 1720 1649 1756 et
1679 1727 1861 1768 promo-

233 1794 392 1830 ueatur
424 1789 480 1830 ad
508 1790 826 1842 sacerdotium,
858 1798 903 1834 et
931 1790 1054 1834 iuuet
1086 1790 1129 1832 in
1160 1789 1419 1834 ministeriis
1455 1789 1674 1833 ecclesiae
1707 1789 1864 1845 proxi-

229 1877 328 1906 mos
358 1864 389 1917 1’;
416 1866 639 1909 scribatur
673 1875 822 1910 tamen
846 1867 969 1912 Patri
999 1867 1199 1924 generali
1229 1882 1283 1910 an
1315 1867 1439 1910 illum
1470 1867 1578 1910 uelit
1607 1867 1785 1910 mittere
1816 1866 1861 1908 in

229 1943 417 1995 Indiam,
445 1959 535 1998 quo
569 1946 862 1989 uehementer
879 1930 1088 1989 inclinat.

322 2021 613 2074 Benedictus,
638 2021 675 2064 si
698 2037 787 2077 qua
810 2022 1103 2069 rationefieri
1127 2021 1284 2078 possit,
1309 2021 1524 2066 liberetur
1546 2037 1571 2064 a
1594 2036 1676 2065 sua
1698 2021 1858 2071 classe,
1882 2018 1887 2023 ’

230 2097 304 2140 uel
329 2106 650 2152 promoueatur
673 2100 730 2141 ad
752 2098 1047 2155 superiorem.

316 2175 638 2230 Sigismundus
661 2184 961 2232 prosequatur
988 2172 1070 2220 sua
1093 2177 1242 2221 studia
1269 2177 1585 2220 humaniorum
1608 2176 1857 2227 literarum,

228 2258 272 2294 et
303 2251 633 2306 animaduertat
667 2262 813 2297 rector
842 2269 898 2298 ne
927 2262 1130 2298 conterat
1164 2262 1343 2310 tempus
1377 2255 1543 2297 frustra
1577 2253 1622 2296 in
1656 2251 1861 2296 sacristia

225 2327 454 2372 italorum.

319 2407 369 2447 P.
385 2407 584 2462 Joannes
603 2407 817 2450 Nicolaus
835 2408 919 2452 erit
942 2407 1144 2460 minister
1162 2407 1357 2464 collegii,
1379 2414 1429 2449 ut
1445 2407 1617 2450 dictum
1637 2414 1722 2459 est,
1745 2413 1860 2448 tam-

228 2482 311 2524 etsi
337 2482 513 2525 occasio
537 2491 603 2527 est
634 2483 910 2539 accipienda,
936 2499 1039 2528 cum
1064 2485 1254 2541 primum
1279 2484 1459 2541 poterit,
1486 2492 1535 2526 ut
1557 2492 1631 2528 eat
1658 2484 1704 2526 in
1727 2485 1861 2527 Flan-

225 2558 369 2601 driam
393 2560 448 2601 ad
471 2559 782 2604 distribuenda
805 2563 922 2604 bona
946 2577 1042 2606 sua.

317 2637 386 2678 De
429 2638 479 2679 P.
520 2637 733 2681 Gabriele
771 2639 965 2682 Morales
1002 2638 1226 2682 scribatur
1269 2641 1458 2682 Romam
1497 2638 1641 2694 primo
1679 2651 1860 2693 quoque

231 2719 445 2766 tempore,
472 2720 516 2754 et
541 2720 718 2768 petatur
741 2714 901 2769 aliquis
924 2716 1156 2772 hispanus,
1183 2716 1260 2771 qui
1282 2716 1434 2759 audiat
1457 2715 1766 2758 confessiones
1789 2713 1860 2756 hi-

228 2803 470 2842 spanorum
496 2799 538 2832 et
565 2790 788 2843 italorum3
817 2799 865 2834 ut
889 2792 962 2836 ille
986 2792 1126 2848 possit
1150 2794 1337 2836 Romam
1361 2792 1494 2845 mitti,
1519 2799 1564 2835 et
1586 2793 1740 2848 legere
1762 2807 1860 2835 ma-

232 2866 485 2908 thematica.
522 2868 695 2910 Interea
726 2876 905 2912 maneat
933 2869 1022 2921 hic,
1055 2877 1100 2913 et
1122 2884 1215 2913 non
1239 2869 1295 2913 sit
1324 2884 1512 2914 necesse
1539 2877 1590 2911 ut
1617 2870 1741 2925 legat
1763 2883 1860 2911 ma-

229 2942 518 2986 thematicen.

300 3043 316 3057 ³
371 3034 438 3067 λίς,
459 3033 634 3070 sus-ritui.
689 3036 754 3060 —b
783 3035 853 3070 Ms.
878 3036 1088 3082 proximis,
