2028 3426
335 210 404 254 476
808 214 960 250 Partus
988 214 1231 250 Hissnouvm
1257 215 1409 251 NADAL

287 313 636 358 consuetudine.
658 316 902 370 Quomodo
922 330 970 360 se
993 316 1184 372 gesserit
1205 316 1252 360 in
1274 317 1425 372 quiete
1449 333 1474 362 a
1497 319 1685 375 prandio
1708 327 1753 364 et
1772 335 1797 364 a
1820 335 1925 365 coe-

289 402 365 443 na,
387 396 433 433 et
452 404 558 433 num
579 391 789 443 abfuerit,
813 393 881 435 vel
899 392 1125 436 solitarius
1144 393 1293 438 fuerit.
1314 395 1383 438 De
1402 396 1638 448 modestia,
1659 399 1923 453 praesertim

287 465 333 508 in
364 466 488 519 ludo,
522 467 565 510 in
597 470 740 512 classe
772 479 815 513 et
846 470 969 512 foris.
1002 471 1072 514 De
1100 471 1326 527 colloquio
1354 486 1504 516 rerum
1534 474 1821 518 secularium.
1854 476 1923 518 De

289 543 596 588 moderatione
619 555 662 589 et
681 546 888 589 decentia
906 546 950 588 in
970 548 1223 600 refectorio,
1243 548 1287 591 in
1307 549 1394 592 cibi
1413 553 1638 606 potusque
1662 551 1922 607 sumptione

284 627 331 662 et
361 620 459 664 aliis
490 621 533 663 in
565 623 715 666 rebus.
744 624 945 675 Petatur,
972 631 1017 668 et
1045 624 1225 679 quidem
1255 626 1389 680 serio,
1414 642 1471 670 an
1500 628 1747 671 obseruent
1775 629 1832 671 ad
1853 628 1923 671 di-

285 695 574 741 stinctionem
598 701 808 742 horarum
828 700 1134 755 quotidianam
1157 717 1226 755 ea,
1247 717 1363 758 quae
1380 703 1698 760 significantur
1721 706 1916 762 agenda,

283 781 330 818 et
351 776 732 830 quemadmodum
763 791 815 819 ea
844 778 1203 822 obseruauerint.
1231 778 1502 838 Quae[nam]
1527 796 1618 824 non
1640 782 1920 827 obseruaue-

283 850 387 894 rint.
409 854 478 895 De
497 853 779 909 negligentia
797 853 841 895 in
860 855 1067 909 profectu
1083 855 1320 912 spirituali,
1337 858 1409 901 vel
1426 859 1482 902 de
1501 858 1763 902 remissione
1781 858 1920 902 animi

285 928 327 970 in
352 929 487 972 rebus
510 930 820 985 spiritualibus
850 938 894 974 et
916 932 1194 987 perfectione
1217 935 1554 989 consequenda.
1583 935 1756 978 Poterit
1779 935 1915 980 etiam

281 1007 338 1049 de
361 1006 458 1049 aliis
481 1007 652 1060 regulis
681 1007 967 1064 interrogari,
994 1008 1030 1051 si
1059 1008 1266 1052 videatur
1288 1011 1592 1055 necessarium
1617 1013 1822 1055 futurum
1846 1014 1920 1056 vel

280 1083 403 1126 vtile.
431 1088 515 1129 300
539 1083 587 1128 Si
613 1083 720 1139 quid
745 1093 978 1140 praeterea
1001 1085 1088 1130 illis
1112 1095 1323 1130 occurrat
1353 1087 1398 1130 in
1429 1088 1710 1142 vniuersum,
1738 1097 1917 1146 praeter

281 1174 351 1212 ea,
377 1175 493 1215 quae
516 1162 601 1204 hoc
631 1161 839 1206 examine
860 1162 1091 1216 dicuntur,
1117 1164 1174 1208 de
1196 1177 1250 1207 eo
1273 1164 1573 1222 interrogent.

950 1295 1013 1325 DE
1046 1295 1254 1327 OFFICIIS

368 1394 436 1437 De
459 1392 618 1436 officiis
639 1393 734 1436 suis
756 1393 926 1450 singuli
958 1395 1295 1452 interrogentur
1323 1395 1449 1440 iuxta
1482 1397 1702 1441 rationem
1736 1399 1915 1456 obliga-

279 1470 413 1512 tionis
432 1471 728 1525 particularis,
754 1485 890 1527 quam
913 1471 1083 1528 singuli
1106 1473 1275 1516 habent
1292 1488 1346 1517 ex
1367 1473 1536 1527 officio,
1557 1482 1602 1517 et
1619 1476 1676 1520 de
1695 1475 1793 1519 aliis
1812 1476 1917 1532 qui-

276 1547 400 1599 dem}
424 1546 764 1603 interrogentur
787 1564 842 1593 ex
864 1563 916 1592 ea
947 1550 1178 1602 facultate,
1212 1565 1347 1606 quam
1376 1559 1567 1607 possunt
1597 1553 1777 1608 assequi
1807 1567 1915 1597 con-

279 1624 466 1676 fessarii,
494 1624 618 1667 iuxta
642 1625 810 1669 variam
836 1626 1056 1671 rationem
1086 1627 1356 1672 officiorum:
1390 1630 1479 1672 hoc
1509 1630 1608 1672 loco
1638 1637 1815 1674 tantum
1844 1631 1915 1674 di-

277 1709 406 1746 cetur
439 1703 494 1745 de
519 1702 670 1745 officio
699 1703 1079 1747 confessariorum
1116 1712 1163 1748 et
1200 1706 1503 1759 sacerdotum;
1526 1707 1582 1750 de
1611 1707 1708 1751 aliis
1731 1708 1807 1750 vbi
1831 1708 1917 1753 erit

280 1778 447 1822 ocium.
555 1827 562 1835 ,

368 1856 720 1913 Interrogentur
757 1858 1021 1901 sacerdotes:
1057 1859 1127 1903 De
1150 1859 1272 1903 horis
1310 1860 1560 1904 canonicis.
1602 1863 1673 1906 De
1703 1876 1916 1918 prepara-

278 1932 400 1977 tione
418 1934 474 1975 ad
496 1933 676 1976 missam
700 1935 1031 1979 celebrandam.
1057 1937 1127 1980 De
1150 1937 1453 1982 celebratione
1482 1938 1660 1982 missae.
1695 1940 1752 1981 Et
1776 1939 1821 1983 in
1841 1939 1912 1983 his

277 2009 314 2051 si
337 2009 641 2065 negligenter,
669 2010 704 2053 si
729 2026 886 2066 parum
910 2020 1098 2065 attente,
1130 2013 1167 2056 si
1204 2027 1309 2056 cum
1347 2015 1529 2058 defectu
1566 2016 1638 2060 vel
1663 2015 1913 2060 omissione

276 2085 443 2142 aliqua,
470 2088 540 2130 vel
563 2089 777 2131 scandalo
799 2088 889 2131 sint
912 2089 1094 2134 versati.

367 2164 657 2221 Confessczrii
684 2179 808 2207 vero:
837 2167 906 2210 De
945 2166 1334 2213 administratione
1370 2170 1640 2213 sacramenti
1669 2170 1909 2227 poeniten-

277 2240 380 2293 tiae,
406 2248 451 2285 et
474 2241 518 2283 in
544 2242 630 2284 hoc
655 2256 745 2284 non
768 2243 912 2285 solum
937 2243 973 2286 si
996 2244 1104 2299 quid
1132 2245 1433 2301 neglexerint,
1460 2247 1531 2290 vel
1559 2247 1811 2302 omiserint,
1837 2252 1909 2294 3⁰1

273 2317 345 2360 vel
369 2317 490 2373 quod
528 2318 583 2359 ad
621 2317 1001 2374 interrogationes
1039 2319 1216 2372 attinet,
1249 2322 1320 2364 vel
1349 2323 1470 2377 quod
1509 2323 1564 2366 ad
1602 2323 1913 2380 impositiones

275 2393 594 2449 poenitentiae3
616 2395 696 2438 sed
709 2395 827 2437 -illud
852 2396 1116 2440 nominatim
1144 2405 1213 2442 est
1242 2398 1629 2455 interrogandum,
1658 2415 1715 2443 an
1739 2400 1910 2457 aliquid

274 2470 462 2525 periculi
485 2471 571 2513 illis
594 2471 797 2516 euenerit
820 2472 864 2514 in
883 2473 1105 2516 audienda
1127 2475 1414 2518 confessione
1436 2476 1602 2532 aliqua,
1630 2478 1701 2521 vel
1722 2478 1910 2522 omnino

274 2545 501 2599 timeatur,
527 2555 572 2590 et
595 2562 703 2590 num
733 2547 901 2603 aliquid
930 2551 1120 2593 affectus
1142 2551 1309 2595 sentiat
1337 2552 1381 2594 in
1411 2567 1461 2597 se
1491 2554 1661 2597 moueri
1690 2569 1800 2611 erga
1824 2555 1906 2598 ali-

271 2638 407 2679 quam
431 2639 684 2680 personam,
711 2639 844 2680 quam
868 2626 1036 2670 audiat.
1063 2628 1139 2670 An
1161 2628 1407 2671 absoluerit
1429 2630 1622 2685 aliquem
1645 2645 1670 2674 e
1694 2631 1861 2675 nostris
1884 2647 1910 2675 a

272 2716 383 2744 casu
407 2701 559 2757 aliquo
598 2710 845 2746 reseruato.
872 2704 947 2746 An
970 2703 1083 2746 sciat
1111 2718 1160 2747 se
1194 2706 1362 2749 habere
1399 2708 1724 2752 authoritatem
1755 2710 1905 2752 absol—

276 2778 411 2821 uendi
434 2787 662 2832 externos,
693 2787 738 2822 et
767 2793 865 2822 eam
895 2779 1094 2836 quidem,
1120 2795 1252 2836 quam
1277 2783 1391 2826 solet
1423 2784 1592 2829 habere
1615 2785 1835 2839 Societas;
1862 2795 1907 2830 et

274 2870 331 2897 an
355 2869 407 2898 ea
430 2856 704 2900 authoritate
722 2856 871 2911 aliqua
895 2856 1068 2901 ratione
1091 2859 1260 2901 abusus
1291 2859 1364 2911 sit,
1390 2861 1462 2902 vel
1495 2861 1904 2923 omnino‘aliquem

271 2933 536 2985 absoluerit,
564 2947 697 2988 quern
727 2948 818 2976 non
847 2934 1004 2978 debuit
1032 2934 1105 2977 vel
1126 2936 1288 2990 potuit.
1316 2937 1390 2979 An
1413 2936 1459 2979 in
1489 2938 1776 2982 confessione
1799 2946 1906 2995 agat

269 3011 327 3052 ‹le
351 3010 500 3061 rebus,
539 3024 654 3065 quae
683 3011 792 3053 nihil
816 3011 1009 3055 attinent
1041 3012 1098 3054 ad
1127 3012 1472 3057 confessionem.
1507 3016 1577 3058 De
1606 3014 1813 3059 ministro
1830 3029 1907 3059 sa-
