2028 3426
323 220 393 258 254
794 210 948 247 PATms
974 211 1218 245 HIERONYMI
1244 208 1395 245 NADAL

1058 347 1129 390 4¹

236 464 248 471 —
275 441 451 496 QUAE
474 440 655 484 RDUS.
683 440 887 483 PATER
912 436 1377 481 COMMISSARIUS
1405 437 1576 479 DIXIT
1603 436 1908 493 (NATALIS)

731 530 779 559 IN
812 527 1052 559 cOLLssolo
1086 526 1377 557 AUGUSTANO
1415 514 1442 555 ¹.

365 624 530 667 Nullus
552 622 672 666 dorni
696 621 934 674 habitabit,
960 620 1036 675 qui
1060 633 1151 662 non
1174 619 1231 662 sit
1253 619 1310 662 de
1333 619 1576 664 Societate.

364 701 499 744 Nulla
523 700 683 743 mulier
706 699 751 742 in
775 699 958 741 domum
982 697 1262 740 admittatur.

365 776 412 822 Si
436 792 674 821 necessum
697 776 781 819 erit
804 776 860 817 ad
884 783 1062 830 tempus
1085 773 1293 830 accipere
1315 773 1511 830 aliquem
1534 774 1591 816 ad
1607 773 1906 817 domesticum

274 854 528 905 seruitium,
556 853 631 908 qui
655 868 744 895 non
768 852 825 895 sit
848 853 904 896 de
928 851 1175 902 Societate,
1202 852 1582 906 quemadmodum
1608 853 1660 894 P.
1695 851 1907 895 Canisius

276 931 410 974 habet
432 945 641 986 puerum,
669 929 915 985 accipiatur
936 942 989 971 ea
1011 928 1130 984 lege,
1157 934 1206 971 ut
1234 927 1349 972 sciat
1376 928 1560 984 regulas
1582 928 1764 981 domus3
1796 941 1910 971 con-

274 1009 454 1051 fiteatur
477 1007 669 1063 singulis
692 1005 1000 1050 hebdomadis.

364 1084 437 1127 Ad
456 1099 587 1127 casus
606 1083 849 1135 usurari03‚
870 1082 948 1139 qui
964 1083 1111 1127 solent
1128 1096 1384 1137 occurrere,
1407 1081 1595 1133 scilicet,
1617 1095 1721 1124 cum
1741 1082 1909 1126 Socra-

276 1170 342 1205 tes
366 1164 441 1205 dat
465 1161 702 1218 pecuniam
739 1160 933 1212 Platoni,
959 1168 1027 1213 ut,
1057 1161 1187 1203 saluo
1216 1159 1412 1216 capitali,
1446 1159 1635 1215 accipiat
1665 1158 1910 1214 quotannis

275 1238 475 1294 quinque
506 1239 577 1280 uel
607 1239 634 1279 6
664 1251 742 1293 per
770 1244 971 1288 centurn,
1004 1237 1370 1293 respondendum
1399 1243 1469 1278 est
1498 1242 1657 1278 contra
1688 1235 1759 1278 ius
1788 1234 1909 1277 diui-

277 1330 387 1357 num
410 1322 454 1357 et
477 1315 681 1357 naturale
703 1328 817 1366 esse,
844 1328 927 1356 nec
953 1314 1087 1356 ullam
1111 1327 1244 1369 posse
1266 1312 1495 1369 expectari
1525 1311 1906 1368 dispensationem

275 1393 360 1434 hac
383 1391 429 1433 in
453 1407 515 1435 re:
542 1398 610 1434 est
640 1399 790 1435 tamen
813 1390 985 1434 licitum
1008 1390 1126 1434 idem
1155 1391 1331 1433 lucrum
1361 1389 1580 1446 accipere,
1612 1389 1700 1442 vel,
1731 1388 1769 1432 si
1797 1388 1907 1432 sim—

277 1468 452 1524 pliciter
476 1476 521 1511 et
543 1482 700 1512 revera
723 1468 820 1512 sine
843 1469 948 1511 fuco
969 1468 1042 1511 vel
1063 1468 1222 1510 fraude
1245 1468 1454 1519 donetur,
1481 1465 1634 1510 licebit
1660 1466 1779 1510 idem
1801 1480 1904 1522 pro—

277 1552 375 1601 pter
407 1546 621 1588 damnum
655 1560 895 1602 emergens
926 1545 998 1588 vel
1024 1545 1201 1587 lucrum
1225 1558 1424 1598 cessans,
1455 1543 1492 1587 si
1522 1557 1681 1587 reuera
1702 1550 1906 1598 emergat

275 1623 492 1664 damnum
516 1623 588 1666 vel
611 1623 789 1665 lucrum
813 1630 975 1666 cesset.

363 1701 436 1742 Ad
460 1714 593 1755 quam
617 1699 836 1744 rationem
860 1699 1093 1743 reducitur
1116 1714 1260 1755 poena
1282 1697 1660 1751 conuentionalis,
1685 1697 1762 1740 vbi
1784 1697 1907 1740 scili-

276 1785 350 1821 cet
383 1778 594 1821 Socrates
617 1777 834 1820 mutuarit
869 1776 1047 1820 Platoni
1079 1776 1335 1833 pecuniam,
1373 1775 1550 1818 adiecta
1585 1789 1733 1831 poena
1768 1781 1834 1827 ut,
1869 1773 1906 1817 si

272 1853 388 1895 infra
418 1854 660 1897 terminum
690 1855 824 1897 talem
847 1853 909 1896 illi
938 1868 1028 1896 non
1053 1853 1278 1905 restituat,
1304 1854 1468 1897 debeat
1496 1852 1559 1894 illi
1585 1852 1714 1895 Plato
1736 1859 1904 1894 certam

272 1945 493 1973 summam
523 1931 717 1975 soluere.
750 1931 943 1987 Signum
973 1941 1124 1975 autem
1153 1931 1275 1986 quod
1297 1929 1341 1972 in
1368 1930 1571 1972 fraudem
1596 1928 1904 1972 usurariorum

273 2022 364 2050 non
388 2015 613 2051 statuatur
635 2008 649 2028 ‘³

362 2086 430 2127 De
454 2085 691 2128 audiendis
715 2085 1080 2129 confessionibus
1102 2084 1364 2128 monialium
1388 2090 1598 2127 seruetur
1619 2081 1903 2134 constitutio,

273 2176 389 2216 quae
413 2170 479 2205 est
503 2162 548 2204 in
570 2170 698 2205 sexta
721 2170 848 2218 parte
870 2161 1261 2205 Constitutionum
1284 2162 1316 2204 ³:
1342 2163 1428 2204 hoc
1451 2168 1601 2204 tamen
1626 2160 1903 2211 addendum,

275 2247 338 2289 ut,
366 2239 547 2294 quando
570 2239 811 2284 audientur
833 2254 988 2283 earum
1011 2238 1338 2292 confessiones,
1364 2238 1408 2281 id
1431 2252 1522 2280 non
1545 2237 1624 2280 fiat
1641 2238 1812 2292 absque
1830 2249 1904 2279 su—
1970 2233 1981 2242 ”

275 2315 465 2371 perioris
488 2330 644 2358 earum
670 2315 981 2361 concessione.
1348 2316 1355 2321 ”

345 2429 355 2448 ¹
406 2429 464 2463 Ex
483 2430 704 2475 apographo
722 2440 882 2473 coaevo,
902 2429 939 2464 in
959 2428 1095 2464 codice
1112 2428 1252 2466 Natal.
1275 2429 1394 2463 instr.
1419 2428 1573 2469 Germ„
1592 2426 1661 2462 fol.
1686 2425 1756 2471 305
1783 2423 1902 2471 (383).

273 2488 380 2522 Haec
400 2488 549 2522 Natalis
570 2488 715 2523 monita
733 2488 780 2524 ad
801 2499 975 2524 mensem
995 2488 1259 2523 Novembrem
1278 2487 1369 2522 anni
1391 2487 1481 2531 1562
1505 2491 1683 2533 spectare
1708 2485 1903 2530 videntur,

273 2552 384 2592 prout
403 2558 451 2582 ex
470 2548 602 2593 rebus,
622 2549 671 2582 ab
690 2548 774 2594 ipso
794 2547 924 2583 Natali
943 2547 1132 2583 enarratis
1150 2547 1188 2582 in
1208 2547 1387 2593 epistola,
1406 2546 1470 2581 die
1489 2555 1535 2581 20
1553 2544 1789 2580 Novembris
1817 2546 1907 2588 1502

275 2607 408 2641 Lainio
426 2605 528 2652 data,
549 2606 710 2642 eruitur.
730 2607 791 2642 Cf.
814 2608 944 2653 Epist.
965 2608 1015 2643 P.
1035 2607 1188 2650 Nadal,
1207 2606 1254 2650 ΙΙ,
1280 2605 1359 2651 139.

344 2668 356 2687 2
410 2665 507 2700 Vide
533 2677 663 2712 supra,
696 2672 991 2702 monumentum
1023 2667 1096 2702 sub
1127 2678 1167 2701 n.
1197 2665 1243 2701 38
1274 2664 1458 2712 positum,
1490 2664 1557 2700 ubi
1588 2665 1684 2700 haec
1714 2663 1908 2709 completa

273 2726 477 2759 habentur.

344 2785 356 2803 ⁵
408 2783 529 2819 «Cum
549 2785 726 2820 homines
744 2785 879 2820 itidem
898 2784 1014 2830 hujus
1032 2784 1241 2820 Societatis
1259 2794 1413 2830 semper
1432 2783 1554 2830 parati
1574 2793 1661 2818 esse
1675 2781 1847 2817 debeant
1860 2780 1909 2816 ad

272 2842 565 2877 discurrendum
586 2855 654 2889 per
671 2843 829 2890 quasvis
849 2843 982 2879 mundi
1001 2850 1144 2890 partes.
1165 2854 1242 2890 quo
1259 2842 1405 2878 fuerint
1424 2854 1445 2877 a
1464 2842 1625 2877 Summo
1641 2840 1828 2876 pontifice
1844 2840 1908 2875 vel

272 2913 293 2935 a
312 2902 392 2936 suis
412 2901 686 2944 Superioribus
707 2902 829 2951 missi3
850 2914 927 2938 non
945 2902 1093 2938 debent
1111 2914 1243 2938 euram
1262 2901 1494 2946 animarum,
1513 2912 1640 2947 neque
1659 2900 1753 2935 item
1773 2899 1909 2934 mulie—

273 2972 355 2994 rum
376 2961 673 3007 Religiosarum,
695 2963 757 2996 vel
775 2962 935 2997 aliarum
954 2973 1285 3008 quarumcumque
1305 2961 1519 3007 suscipere,
1545 2965 1588 2995 ut
1611 2958 1804 2994 ordinarie
1829 2958 1910 2994 illa—

274 3031 356 3053 rum
377 3020 652 3055 Confessiones
672 3021 843 3064 audiant,
865 3023 926 3057 vel
947 3021 1050 3068 ipsas
1069 3027 1221 3067 regant:
1247 3020 1424 3068 quamvis
1450 3019 1545 3055 nihil
1569 3023 1763 3066 repugnet
1787 3017 1911 3053 semel
