2028 3426
318 227 388 273 248
790 231 944 267 PATms
970 231 1212 266 HIERONYMI
1238 231 1388 268 NADAL

263 314 501 375 ¹missarius
532 334 758 388 quomodo
790 347 878 375 non
908 333 964 375 sit
995 332 1241 384 vsurarius,
1268 332 1372 377 licet
1399 335 1634 390 Syluester
1662 335 1784 379 illam
1816 351 1897 393 ap-

270 409 448 464 probet;
468 409 599 452 iussit
618 410 770 465 itaque
794 393 840 452 i‘t
863 410 1128 452 consulatur
1153 411 1288 454 Pater
1309 411 1551 467 generalis.

357 488 426 529 De
444 487 694 538 catholicis,
721 487 796 542 qui
815 488 988 529 ducunt
1012 487 1083 530 vel
1106 488 1285 530 nubunt
1307 489 1561 542 haereticis,
1587 490 1699 533 illud
1721 498 1894 536 certum

264 570 349 615 est,
374 565 498 617 quod
522 572 566 607 et
589 565 704 606 male
730 564 893 607 faciant
915 571 960 606 et
982 571 1173 619 peccent
1195 565 1459 619 mortaliter;
1480 568 1560 611 sed
1579 575 1727 612 tamen
1746 576 1893 612 ratum

264 647 333 682 est
364 640 715 683 matrimonium.
744 641 900 695 Itaque
930 641 1053 684 nullo
1083 649 1217 697 pacto
1244 643 1414 687 debent
1444 644 1583 687 nostri
1621 659 1895 691 concurrere

263 716 412 760 actiue
445 719 517 760 vel
547 717 822 769 consultiue,
860 718 949 760 imo
980 718 1218 774 prohibere
1248 720 1319 763 vel
1357 721 1585 766 deterrere
1613 724 1804 776 debent,
1838 739 1894 767 ne

262 795 378 838 haec
422 794 703 837 matrimonia
742 796 1089 848 contrahantur,
1130 795 1306 840 etiamsi
1345 797 1403 840 sit
1440 813 1544 855 spes
1581 799 1893 844 lucrifaciendi

258 871 552 922 haereticum,
580 871 663 913 nisi
688 871 810 927 prius
833 881 1128 916 conuertatur
1150 881 1195 916 et
1226 875 1381 918 redeat
1411 876 1469 918 ad
1501 876 1721 921 vnitatem
1745 878 1892 921 eccle-

259 947 367 992 siae.
389 948 479 992 Sed
504 956 652 991 tamen
673 956 907 1004 postquam
928 950 1236 994 contraxerint
1255 950 1357 1006 ipsi,
1377 959 1526 1008 potest
1543 953 1793 997 catholicus
1811 955 1904 998 ab-x

257 1024 388 1076 solui,
422 1025 541 1079 quod
571 1025 730 1069 attinet
759 1026 814 1068 ad
843 1027 966 1070 hunc
988 1034 1275 1071 contractum
1291 1036 1350 1073 et
1380 1030 1763 1076 cohabitationem
1786 1046 1889 1076 cum

258 1102 485 1145 haeretico
507 1102 604 1146 sine
627 1102 900 1146 detrimento
923 1103 1098 1174 salutis.

1373 1185 1504 1229 LAUS
1527 1187 1649 1230 DEo.

1034 1311 1122 1356 39

441 1399 868 1443 OBSERVANDA
913 1403 956 1444 A
995 1403 1258 1448 NOSTRIS
1302 1405 1702 1452 DOCTORIBUS

883 1491 1195 1523 INGOLSTADII
1236 1482 1261 1523 ¹.

1025 1585 1115 1666 llis.

342 1721 507 1763 Primo.
535 1722 583 1763 In
608 1723 896 1777 processione
933 1723 1205 1767 sanctissimi
1239 1726 1508 1771 sacramenti
1544 1736 1682 1784 caput
1710 1729 1885 1786 aperire

247 1810 325 1838 eos
347 1812 401 1840 ex
420 1798 602 1850 nostris,
630 1799 706 1853 qui
724 1808 830 1842 sunt
848 1815 986 1856 prope
1003 1810 1355 1854 sacramentum,
1377 1811 1422 1847 et
1439 1804 1606 1859 quibus
1622 1820 1713 1849 non
1731 1814 1882 1858 nocet,

247 1886 330 1915 nec
355 1881 509 1929 tegere
533 1876 750 1929 quamdiu
772 1877 907 1921 durat
929 1878 1178 1933 processio.

336 1952 403 1992 2.⁰
468 1952 583 1994 Cum
608 1953 725 1995 imus
747 1954 805 1996 ad
829 1955 1062 2010 templum,
1090 1963 1155 2006 ut,
1177 1963 1423 2012 antequam
1447 1957 1758 2014 ingrediamur
1774 1962 1884 2003 cho-

245 2042 360 2078 rum,
387 2042 619 2071 sumamus
642 2045 805 2085 aquam
830 2031 1130 2084 benedictam,
1157 2040 1202 2076 et
1220 2047 1400 2077 oremus
1417 2035 1587 2090 aliquid
1605 2050 1756 2080 coram
1775 2052 1881 2081 san-

245 2104 447 2147 ctissimo
471 2114 773 2152 sacramentO.

332 2195 354 2235 3
367 2183 398 2223 ,⁰
463 2184 539 2235 Ut,
558 2185 738 2238 quando
756 2186 1017 2242 egredimur
1034 2201 1060 2229 e
1078 2188 1262 2243 templo,
1279 2189 1405 2232 finito
1423 2203 1569 2242 sacrO,
1586 2198 1880 2246 expectemus

242 2260 540 2311 sacerdotem,
567 2261 642 2315 qui
666 2263 780 2306 solet
802 2263 1089 2308 discedentes
1111 2279 1353 2320 aspergere
1376 2281 1491 2322 aqua
1515 2267 1772 2321 benedicta,
1795 2283 1878 2312 nec

241 2334 526 2379 discedamus
549 2346 652 2381 ante
675 2339 786 2382 alios
810 2342 1104 2395 professores,
1130 2342 1207 2396 qui
1231 2343 1424 2399 idipsum
1455 2351 1755 2400 expectant...

328 2412 396 2455 (3.0
461 2415 562 2456 Non
587 2416 746 2460 adesse
770 2417 997 2460 conuiuiis
1020 2418 1314 2474 nuptialibus,
1347 2435 1430 2463 nec
1461 2421 1643 2464 nomine
1673 2437 1782 2465 suae
1807 2424 1872 2466 fa-

238 2489 420 2531 cultatis
448 2490 615 2545 aliquid
646 2507 726 2548 pro
757 2493 922 2537 talibus
945 2496 1121 2546 offerre,
1153 2495 1239 2538 nisi
1261 2498 1442 2551 quando
1471 2498 1646 2541 externi
1670 2498 1872 2543 eiusdem

242 2565 471 2609 facultatis
495 2583 682 2611 numero
700 2579 932 2625 superant3
954 2579 998 2615 et
1017 2587 1072 2615 ne
1096 2580 1204 2615 tunc
1223 2572 1403 2628 quidem
1429 2574 1569 2617 nostri
1588 2575 1874 2620 consentiant

244 2641 285 2682 in
312 2641 429 2685 illam
456 2646 851 2690 contributionem.

328 2723 395 2772 7.⁰
460 2723 561 2763 Non
593 2723 770 2765 obuiam
813 2724 892 2776 ire,
929 2739 1012 2768 nec
1046 2726 1271 2770 deducere
1309 2728 1604 2780 haereticum,
1650 2736 1697 2771 ut
1728 2743 1874 2786 nuper

240 2796 485 2851 principem
510 2800 787 2842 Saxoniae...

309 2923 313 2940 ¹
370 2922 423 2955 Ex
445 2923 671 2968 archetypo,
692 2935 712 2957 a
732 2924 889 2960 librario
907 2925 1052 2972 scripto
1072 2932 1111 2961 et
1132 2927 1280 2962 Natalis
1310 2939 1424 2963 manu
1450 2933 1649 2975 annotate,
1671 2929 1710 2964 in
1735 2929 1870 2965 codice

235 2979 371 3013 Natal.
395 2981 509 3014 instr.
547 2983 699 3024 Germ„
721 2984 836 3018 unico
855 2983 943 3030 fol.,·
969 2995 1016 3029 49
1049 2987 1140 3030 (40).
1174 2986 1300 3032 Hujus
1321 2988 1561 3022 monumenti
1581 2999 1682 3034 pars,
1703 3000 1802 3035 quae
1822 2989 1870 3024 ad

235 3038 360 3072 studia
380 3047 544 3084 spectat,
566 3042 668 3077 edita
688 3049 748 3078 est
768 3044 806 3078 in
826 3044 969 3080 nostris
989 3045 1168 3081 Alonum.
1191 3047 1389 3093 Paedag„
1406 3058 1494 3093 pag.
1515 3047 1602 3091 788.
