2028 3426
654 219 988 254 INs'raucrioNEs
1000 217 1079 251 -61
1565 219 1634 263 605

12 313 15 316 ’
58 330 210 365 tamen
233 322 330 364 illos
353 320 674 363 concionantes
695 320 996 375 interpellare,
1028 320 1107 362 sed
1129 319 1346 363 concione
1377 328 1571 374 peracta,
1598 337 1677 364 an—

58 406 240 453 tequam
269 414 294 442 e
323 404 548 453 suggestu
577 396 910 447 descenderint,
937 396 1037 438 illos
1068 396 1277 439 emendet
1310 396 1502 450 publice,
1540 397 1574 439 si
1608 413 1683 440 res

58 475 193 519 fuerit
226 474 478 525 manifesta,
514 488 680 529 inagna
711 472 936 515 suauitate
965 480 1009 516 et
1039 471 1368 522 moderatione,
1403 487 1457 514 ne
1486 473 1674 514 confun-

58 553 221 594 dantur
249 566 304 595 ex
334 551 418 602 his,
444 565 559 606 quae
582 565 661 606 per
683 549 1029 605 imprudentiam
1053 548 1261 591 dixerint.
1289 549 1335 591 Si
1359 563 1464 591 vero
1488 563 1558 590 res
1580 550 1678 590 fue—

59 628 114 671 rit
136 627 290 681 dubia,
316 628 435 670 illam
458 627 631 670 notabit
654 635 698 672 et
721 628 921 670 conferet
944 633 988 669 et
1010 626 1206 668 resoluet
1228 639 1330 667 cum
1355 625 1600 679 superiore,
1629 640 1679 666 ac

57 705 221 750 deinde
243 705 315 748 die
337 704 545 759 sequenti
567 704 799 746 curabitur
822 718 899 759 per
923 703 1118 757 aliquem
1145 701 1281 744 alium
1311 701 1492 757 publice
1526 715 1679 743 emen-

57 782 169 825 dari.
196 783 253 824 Et
276 781 381 837 quia
402 781 583 825 difficile
606 788 725 825 esset
749 782 837 823 hoc
861 794 976 822 onus
998 794 1136 821 vnum
1161 779 1305 821 solum
1335 778 1573 829 sustinere,
1604 778 1676 819 vbi

57 866 126 902 est
149 873 313 914 magna
336 859 422 902 637
447 858 574 913 copia
597 858 783 900 fratrum
803 865 846 901 et
869 856 1111 899 conciones
1129 863 1235 898 sunt
1253 854 1554 910 quotidianae,
1576 868 1682 896 cura

59 939 170 978 haec
193 922 493 978 detur'tribus
515 942 658 988 aut4,
685 936 739 977 ad
763 934 807 976 id
831 949 994 976 munus
1017 933 1149 988 aptis,
1175 946 1365 987 quorum
1390 930 1575 986 quilibet
1600 946 1682 972 sua

60 1012 337 1056 hebdomada
361 1026 526 1054 munus
544 1026 676 1053 suum
695 1010 853 1053 obibit.
878 1013 1118 1053 Praeterea
1135 1008 1395 1052 obseruabit
1413 1008 1526 1050 alius
1545 1007 1683 1049 actio-

59 1105 162 1133 nem
180 1088 449 1131 concionum
473 1095 665 1140 tantum;
685 1087 758 1129 hic
776 1087 859 1131 erit
878 1087 1132 1142 praefectus
1154 1092 1362 1127 tonorum
1387 1092 1432 1127 et
1449 1083 1526 1138 qui
1544 1084 1680 1125 actio-

58 1180 116 1208 ne
138 1165 184 1207 in
207 1165 524 1208 concionando
552 1165 646 1220 ipse
679 1164 841 1216 valeat;
878 1178 968 1205 non
1001 1163 1085 1205 erit
1119 1171 1265 1205 tamen
1300 1160 1599 1204 necessarium
1636 1169 1683 1201 vt

58 1243 175 1286 inter
197 1241 560 1285 concionandum
584 1241 683 1283 illos
706 1241 929 1291 emendet,
951 1239 1330 1294 quemadmodum
1355 1252 1431 1281 eos
1449 1237 1580 1288 solet,
1607 1237 1681 1290 qui

59 1319 230 1362 faciunt
252 1326 402 1371 tonos;
428 1319 509 1361 sed
532 1325 768 1373 postquam
794 1333 819 1361 e
842 1332 997 1360 mensa
1019 1315 1322 1365 discesserint,
1350 1313 1525 1356 tametsi
1555 1322 1681 1368 pote-

58 1396 115 1438 rit
143 1395 277 1439 etiam
309 1396 549 1450 aliquando
579 1394 695 1437 inter
724 1394 1083 1437 concionandum
1115 1393 1341 1448 (consulto
1371 1399 1518 1434 tamen
1550 1404 1684 1445 supe-

58 1474 189 1528 riore)
212 1473 468 1515 emendare.

144 1549 333 1592 Materia
355 1547 625 1591 concionum
650 1547 875 1590 refectorii
899 1547 985 1591 erit
1007 1546 1249 1589 conformis
1271 1545 1329 1595 ei,
1351 1558 1466 1599 quae
1488 1544 1679 1586 habetur

56 1627 101 1669 in
133 1625 202 1680 3.a
235 1633 362 1682 parte
391 1624 603 1683 [Const.],
636 1639 734 1680 cap.
768 1623 929 1680 primo,
966 1624 1177 1666 Addetur
1213 1629 1445 1677 praeterea
1477 1620 1678 1670 materia,

57 1718 146 1758 qua
169 1703 444 1745 videbuntur
467 1701 612 1743 iuuari
636 1715 768 1756 posse
793 1701 970 1751 fratres,
995 1714 1076 1755 pro
1105 1698 1275 1742 ratione
1299 1697 1512 1753 temporis
1535 1703 1578 1739 et
1602 1710 1688 1737 ne·-

53 1779 317 1822 cessitatum
346 1778 525 1833 collegii
563 1776 878 1833 spiritualium,
911 1791 1001 1818 non
1031 1783 1181 1818 tamen
1210 1781 1502 1818 secretarum.
1535 1775 1681 1815 Mate-⁴

58 1855 167 1899 riam
186 1870 292 1898 vero
315 1855 413 1898 siue
442 1856 593 1896 thema
623 1853 748 1896 dabit
779 1850 983 1909 superior
1013 1853 1085 1895 vel
1113 1849 1368 1907 praefectus
1399 1858 1625 1899 tonorum,
1658 1863 1682 1889 a

59 1931 288 1988 superiore
311 1931 573 1982 instructus,
610 1935 691 1976 638
714 1945 803 1972 vna
825 1931 936 1972 hora
958 1936 1200 1983 antequam
1224 1928 1280 1970 sit
1303 1926 1679 1974 concionandum,

60 2008 145 2051 nisi
182 2009 239 2051 ad
277 2007 669 2050 mortificationem
709 2007 779 2050 vel
818 2005 1127 2061 probationem
1166 2017 1490 2057 nonnunquam
1532 2001 1681 2044 statim

62 2085 198 2128 daret.
371 2140 373 2142 -

148 2160 341 2204 Collatio
366 2161 443 2202 fiat
465 2175 520 2202 ex
545 2173 660 2214 pane
683 2159 793 2212 solo,
822 2166 1086 2212 tantumque
1109 2165 1175 2211 4⁸
1197 2171 1300 2212 pars
1323 2155 1420 2199 eius
1451 2153 1577 2209 panis
1600 2167 1679 2207 ap-

47 2244 269 2293 ponatur,
296 2236 373 2291 qui
396 2235 620 2277 ordinarie
644 2249 732 2276 vno
755 2242 885 2290 pastu
909 2233 1176 2285 comeditur,
1203 2233 1274 2275 vel
1298 2231 1432 2275 etiam
1458 2229 1526 2283 gf*

149 2315 211 2356 Vt
233 2312 409 2355 initium
437 2313 511 2354 fiat
535 2311 817 2362 comedendi,
843 2312 1015 2353 nullum
1038 2311 1094 2353 sit
1117 2310 1298 2365 signum
1318 2308 1455 2359 aliud,
1477 2306 1561 2348 nisi
1579 2320 1682 2347 cum

62 2389 246 2445 incipiat
269 2388 486 2444 superior,
514 2389 590 2443 qui
612 2387 656 2428 in
682 2387 919 2430 refectorio
944 2378 1094 2438 fuerit,
1121 2394 1199 2429 aut
1226 2385 1301 2441 qui
1326 2383 1494 2439 primus
1522 2396 1682 2424 conse-

61 2466 175 2510 derit
197 2474 229 2508 ³.

154 2545 211 2586 Vt
234 2557 341 2586 vero
366 2542 466 2583 finis
489 2541 561 2592 sit,
589 2555 677 2583 non
702 2541 759 2583 sit
781 2540 901 2583 aliud
925 2540 1124 2595 signum,
1151 2553 1283 2593 quam
1316 2538 1434 2591 quod
1465 2537 1537 2577 ille
1566 2535 1681 2576 idem

62 2626 271 2675 exurgat3
313 2619 433 2673 quod
472 2626 714 2672 antequam
749 2616 898 2668 faciat,
938 2616 1058 2658 dicat
1094 2615 1266 2659 lectori:
1308 2615 1452 2657 «Satis
1485 2619 1598 2662 est»,
1639 2617 1681 2651 et

61 2703 269 2751 expectet
291 2696 435 2738 donec
459 2708 615 2736 omnes
643 2692 936 2744 absoluerint,
967 2691 1050 2734 nisi
1073 2691 1275 2734 fortassis
1299 2688 1423 2731 abuti
1454 2687 1683 2730 videretur

63 2772 223 2827 aliquis
245 2771 318 2815 illa
341 2766 664 2821 moderatione,
691 2778 736 2812 et
760 2778 995 2825 postquam
1019 2768 1169 2809 nullus
1192 2767 1462 2814 comederet,
1489 2763 1583 2817 ipse
1616 2769 1683 2804 ta-

64 2863 163 2891 men
189 2849 369 2903 longius
392 2854 701 2902 perseueraret
726 2846 982 2888 comedens.
1006 2846 1144 2886 Porro
1163 2844 1348 2884 comode
1369 2842 1494 2883 tieret
1518 2848 1580 2891 vt,
1607 2838 1691 2892 qui,

133 3025 148 3040 a
198 3015 282 3048 Hoc
302 3013 410 3047 verb.
431 3013 594 3046 obscure
614 3017 788 3046 notatum
808 3017 846 3045 et
866 3010 1112 3044 emendatum
1133 3014 1205 3044 est.
