2028 3426
356 178 424 223 428
829 180 982 214 PATms
1010 178 1250 215 HOERONYMl
1279 177 1430 214 NADAL

397 281 472 324 Ad
493 275 805 343 confessiqnes
828 287 955 324 extra
978 280 1163 322 domum
1186 278 1435 322 audiendas
1458 277 1528 323 155
1551 285 1597 322 et
1619 280 1676 322 ad
1705 280 1943 323 ferendum

308 357 608 402 morientibus
631 358 846 400 auxilium
872 371 961 399 non
985 356 1067 399 ibit
1090 355 1346 411 quisquam,
1372 371 1462 400 non
1485 363 1672 413 accepta
1695 358 1751 399 ab
1769 371 1825 401 eo
1841 365 1859 382 ³
1877 358 1943 400 fa-

305 435 492 486 cultate,
518 434 602 477 nisi
628 435 670 476 id
694 433 992 477 commisisset
1016 433 1179 477 rectori
1201 448 1227 476 a
1249 447 1298 476 se
1321 433 1608 489 peculiariter
1631 433 1872 477 instructo.

397 512 557 566 Neque
582 511 869 567 negotiorum
894 524 1031 553 causa
1052 511 1187 553 domo
1209 510 1518 566 egredientur,
1545 509 1630 553 nisi
1659 525 1715 554 ex
1747 510 1845 554 eius
1875 512 1941 554 fa-

308 588 493 630 cultate.
1588 635 1595 642 ,

398 665 562 708 Nullus
584 665 710 713 ordo,
734 665 885 706 nullus
909 678 1022 716 mos,
1043 663 1127 707 nisi
1151 678 1205 707 eo
1223 664 1458 720 probante,
1479 670 1696 706 mutetur:
1723 678 1813 706 non
1837 678 1942 720 pro-

308 741 431 783 babit
454 750 604 784 autem
629 741 925 783 mutationem
950 740 1063 796 ipse,
1090 740 1175 783 nisi
1197 741 1407 783 consulto
1435 755 1519 783 suo
1547 740 1786 796 superiori,
1818 740 1862 783 in
1895 756 1943 785 re

307 818 569 873 praesertim
595 819 743 873 graui.

399 897 446 937 [n
467 895 638 952 regulis
656 903 734 937 aut
752 894 1154 937 constitutionibus
1172 909 1228 938 ne
1246 894 1533 950 dispensetur
1550 895 1722 950 absque
1738 895 1940 940 eiusdem

309 973 539 1024 facultate,
566 973 636 1014 vel
668 971 930 1025 vniuersali,
956 972 1027 1014 vel
1051 971 1327 1027 particulari.

397 1051 492 1092 Nec
523 1049 621 1093 sine
651 1049 792 1105 ipsius
823 1049 1051 1100 facultate,
1083 1049 1242 1091 saltem
1272 1048 1533 1102 vniuersali,
1564 1048 1775 1104 cuiquam
1809 1049 1942 1093 cibus

306 1128 442 1170 detur
463 1127 508 1168 in
524 1126 734 1181 janitoris
757 1126 1007 1179 mansione3
1035 1133 1209 1168 tantum
1233 1126 1504 1170 eleemosina
1522 1125 1746 1169 ordinaria
1763 1133 1809 1170 et
1827 1140 1942 1182 quo-

312 1203 480 1246 tidiana
507 1203 782 1259 pauperibus
804 1203 898 1246 dari
922 1202 1078 1259 possit.

400 1282 545 1323 Nemo
569 1281 788 1325 inuitetur
810 1283 865 1324 ad
894 1281 1165 1324 sumendum
1194 1280 1344 1323 cibum
1375 1281 1420 1323 in
1450 1281 1687 1325 refectorio
1715 1281 1813 1325 sine
1842 1281 1942 1324 eius

309 1359 538 1409 facultate,
566 1372 648 1402 nec
672 1357 900 1414 dispenset
924 1357 968 1400 in
993 1358 1080 1400 hoc
1104 1357 1482 1413 superintendens
1505 1357 1589 1400 nisi
1618 1357 1861 1410 rarissime,
1894 1365 1940 1400 et

308 1450 412 1477 cum
438 1443 591 1491 aperta
615 1449 755 1478 causa
778 1443 823 1480 et
846 1436 997 1478 fructu
1020 1434 1211 1477 alicuius
1234 1435 1470 1479 momenti.

396 1514 469 1557 156
500 1513 621 1556 Nihil
646 1514 794 1565 detur,
821 1527 969 1568 neque
992 1513 1232 1564 vendatur,
1265 1527 1415 1567 neque
1436 1512 1685 1568 accipiatur
1707 1514 1763 1555 ab
1785 1519 1937 1556 exter-

307 1591 376 1633 nis
399 1591 497 1646 ipso
521 1590 680 1641 inscio,
708 1590 792 1632 nisi
816 1591 1039 1633 habeatur
1063 1590 1256 1632 facultas
1279 1589 1325 1631 in
1348 1603 1518 1645 genere
1540 1590 1715 1641 saltem,
1736 1597 1784 1631 vt
1802 1588 1845 1631 in
1865 1604 1938 1632 or-

303 1667 475 1710 dinaria
498 1667 677 1723 collegii
701 1667 979 1723 prouisione‚
1007 1675 1051 1711 et
1073 1668 1211 1711 rebus
1234 1666 1402 1722 paruis,
1423 1668 1504 1709 sed
1520 1667 1576 1709 de
1594 1666 1759 1722 quibus
1777 1666 1940 1723 singu-

303 1745 356 1787 lis
379 1744 611 1787 mensibus
635 1746 690 1787 ad
713 1759 818 1787 eum
843 1745 1007 1787 referre
1031 1745 1194 1788 debeat
1218 1751 1381 1787 rector.

392 1823 493 1864 Non
518 1821 808 1877 permittatur
831 1829 1047 1865 externus
1068 1820 1230 1876 aliquis
1252 1822 1437 1864 domum
1470 1820 1642 1877 ingredi
1671 1820 1768 1864 sine
1797 1820 1941 1877 ipsius

304 1899 534 1950 facultate,
561 1898 646 1941 nisi
665 1900 855 1943 eandem
874 1898 919 1940 in
937 1912 1107 1954 genere
1126 1899 1384 1941 facultatem
1404 1897 1577 1941 dederit
1597 1897 1780 1951 rectori,
1799 1912 1937 1953 quam

302 1990 405 2018 cum
429 1975 569 2027 dabit,
596 1975 771 2018 visendi
796 1975 978 2031 collegii
1002 1990 1157 2027 causa,
1184 1975 1372 2018 comites
1401 1975 1630 2018 dabuntur
1660 1974 1716 2026 ei,
1749 1974 1826 2030 qui
1858 1976 1942 2018 ad·

303 2052 513 2104 mittitur,
540 2052 732 2108 probati,
759 2052 835 2108 qui
858 2066 961 2095 eum
985 2053 1233 2095 deducant.

392 2129 489 2172 Nisi
512 2145 566 2172 ex
591 2129 689 2172 eius
712 2143 955 2182 consensu,
981 2128 1242 2172 domesticis
1264 2128 1415 2172 officia
1438 2143 1527 2172 non
1552 2129 1866 2172 mutabuntur.

394 2207 555 2261 Neque
594 2207 850 2249 scholarum
895 2214 1210 2262 praeceptores
1253 2208 1552 2249 mutabuntur
1594 2206 1692 2250 sine
1729 2206 1828 2250 eius
1871 2207 1942 2249 fa-

305 2283 492 2327 cultate.

394 2359 658 2403 Studiorum
679 2359 912 2402 renouatio
930 2361 986 2402 ad
1002 2360 1449 2416 superintendentem
1468 2360 1706 2416 spectabit,
1729 2361 1942 2403 horarum

305 2451 413 2480 vero
443 2436 649 2488 mutatio,
681 2444 726 2479 et
756 2437 944 2491 quaeuis
973 2437 1058 2480 alia
1088 2452 1158 2480 res
1186 2445 1266 2480 aut
1289 2438 1402 2480 ordo
1426 2438 1733 2489 renouandus,
1757 2437 1796 2480 si
1824 2436 1942 2480 ordi—

306 2513 432 2556 naria
454 2513 511 2556 sit
536 2513 726 2556 mutatio
749 2515 820 2557 vel
843 2514 1097 2566 renouatio,
1118 2529 1216 2558 eam
1237 2514 1369 2558 faciet
1387 2514 1458 2559 157
1477 2514 1657 2569 quidem
1679 2521 1843 2568 rector,
1862 2515 1943 2559 sed

306 2590 537 2633 admonito
559 2590 969 2646 superintendenti.

395 2669 469 2711 Ad
492 2682 595 2710 eum
621 2682 803 2723 quoque
831 2667 1056 2722 spectabit
1084 2667 1273 2710 directio
1296 2676 1341 2712 et
1364 2669 1476 2711 ordo
1499 2668 1745 2711 lectionum
1775 2675 1820 2712 et
1848 2667 1942 2710 dis-
1983 2712 1985 2720 s

308 2745 612 2800 putationum,
639 2746 760 2799 quod
782 2744 960 2787 curabit
985 2759 1062 2799 per
1084 2745 1364 2800 praefectum
1389 2745 1663 2788 studiorum.

396 2822 574 2865 Literae
597 2836 770 2874 omnes,
797 2836 913 2876 quae
942 2822 1226 2873 adferuntur,
1259 2821 1454 2876 primum
1484 2822 1525 2866 ei
1558 2823 1811 2875 tradantur,
1844 2823 1941 2879 ipse

308 2913 414 2941 vero
437 2913 513 2942 eas
536 2899 698 2943 rectori
722 2893 941 2955 legendas
963 2898 1071 2942 dare
1096 2897 1278 2954 poterit.

379 3003 393 3019 ³¹
445 3005 491 3028 ea
513 3005 584 3030 mS.
