2028 3426
1621 257 1638 267 a

480 259 752 295 MONUMENTA
778 266 1032 295 PaovinciAE
1058 258 1275 293 Ausi-ama
1295 266 1370 302 -50
1618 257 1690 294 003

108 370 182 406 est
204 363 260 405 ad
282 376 364 404 sua
396 375 600 413 munera,
642 360 688 402 in
717 360 881 415 quibus
917 359 1111 417 diligens
1148 366 1231 402 est.
1267 359 1498 401 Robustus
1521 365 1604 401 est.
1630 360 1735 401 Non

108 439 200 482 scit
223 438 438 482 scribere.

199 528 269 570 33.
336 513 583 557 Rodsricus
605 513 801 567 loquitur
823 513 1070 568 hispanice:
1098 518 1166 555 est
1183 512 1330 553 bonus
1353 510 1603 552 coadiutor.
1632 512 1733 553 Non

115 592 356 634 admodum
381 591 609 632 robustus.

203 680 273 722 34.
340 667 714 721 Christophorus,
730 666 913 720 janitor,
934 664 1133 720 loquitur
1150 663 1425 719 germanice,
1442 662 1733 707 senii-latine.

113 745 215 788 Non
238 744 364 786 nouit
387 743 598 786 scribere.
625 743 775 797 Aptus
797 742 852 784 ad
875 742 919 783 id
942 742 1063 796 quod
1086 740 1208 792 facit,
1234 747 1278 782 et
1301 739 1510 795 diligens.

204 831 272 875 35.
342 820 686 862 Bartholomeus
709 818 1069 861 subsacristanus
1092 817 1219 859 nouit
1242 816 1501 871 germanice
1533 823 1578 858 et
1600 816 1737 858 latine

95 905 156 941 et
173 897 384 940 scribere.
412 897 515 939 Non
538 903 606 937 est
636 895 768 938 ualde
797 895 1028 946 robustus,
1061 909 1144 938 nec
1173 895 1230 936 ad
1258 893 1408 936 studia
1437 900 1586 948 aptus.
1623 893 1736 934 Dili-

109 980 272 1030 genter
294 974 480 1015 laborat.

198 1051 268 1105 36.
328 1052 527 1106 Joannes
551 1048 753 1104 Baptista
774 1048 971 1102 loquitur
1000 1048 1162 1092 italice.
1197 1047 1419 1090 Nonnihil
1447 1046 1617 1089 scribit.
1646 1047 1736 1088 Ro-

111 1128 273 1169 bustus
296 1133 363 1169 est
387 1140 585 1181 corpore.
614 1124 900 1168 Mediocriter
923 1123 1117 1179 diligens
1139 1124 1184 1166 in
1208 1123 1301 1166 suis
1324 1123 1499 1166 officiis.

201 1214 270 1257 37.
337 1205 594 1245 Matthaeus
618 1202 808 1244 Krabler
830 1201 958 1243 nouit
981 1201 1240 1256 germanice
1262 1207 1306 1242 et
1329 1200 1482 1243 latine.
1505 1200 1600 1244 Scit
1625 1215 1736 1243 non-

109 1279 220 1321 nihil
243 1279 453 1322 scribere.
483 1279 713 1321 Robustus
750 1292 954 1332 corpore.
997 1279 1180 1332 Ineptus
1213 1277 1269 1319 ad
1299 1277 1463 1319 studia.
1491 1278 1668 1320 Tardus
1691 1277 1737 1318 in

110 1356 204 1399 suis
229 1358 379 1400 rebus.

201 1434 271 1487 38.
337 1431 693 1487 Christophorus
715 1431 870 1474 Sartor
893 1430 1090 1485 loquitur
1113 1429 1388 1485 germanice,
1411 1438 1542 1485 aptus
1565 1431 1620 1472 ad
1640 1446 1738 1473 mu-

109 1523 218 1551 nera
244 1508 555 1551 coadiutorum
578 1515 622 1550 et
645 1506 855 1562 diligens.

200 1599 270 1642 39.
360 1586 559 1642 Jacobus
582 1584 738 1628 Seeler
766 1583 964 1638 loquitur
993 1582 1270 1638 germanice,
1303 1583 1455 1636 latine,
1483 1583 1733 1640 hispanice,

111 1661 275 1704 italice.
303 1663 383 1704 Est
400 1662 549 1703 bonus
566 1660 840 1704 sacristanus
863 1674 914 1702 ac
932 1659 1141 1715 diligens.
1165 1659 1355 1703 Videtur
1374 1675 1511 1703 sanus
1529 1675 1580 1704 ac
1599 1661 1735 1704 etiam

112 1739 341 1781 robustus.

877 1860 969 1901 50

856 1934 859 1938 ’
913 1955 942 2010 †

733 2061 1118 2105 CATALOGUS

112 2183 341 2214 FRATRUM
383 2183 443 2212 ET
483 2182 677 2211 PATRUM
709 2181 933 2211 COLLEGII
973 2179 1255 2211 soc1ETAT1s
1292 2182 1408 2221 Jasn
1449 2183 1661 2213 VIENNAE
1705 2173 1731 2213 ¹.

870 2239 980 2292 1566

200 2348 256 2389 P.
288 2346 504 2388 Nicolaus
527 2344 739 2396 Lanoius,
764 2345 951 2397 flander,
978 2345 1282 2400 prouincialis.

199 2425 253 2466 P.
278 2421 549 2465 Laurentius
573 2421 768 2476 Magius,
794 2421 947 2473 italus;
970 2428 1120 2465 rector
1137 2430 1182 2466 et
1199 2422 1485 2466 ecclesiastes
1504 2423 1730 2466 italorum.

201 2502 252 2542 P.
279 2497 511 2541 Emericus
533 2498 781 2549 Forslerus,
808 2512 1067 2553 germanus,
1095 2498 1313 2543 minister.

180 2633 187 2651 ¹
239 2635 298 2669 Ex
317 2634 542 2679 archetypo,
568 2643 589 2666 a
613 2631 769 2666 librario
795 2637 963 2678 exarato,
987 2638 1027 2667 et
1055 2633 1204 2668 Natalis
1230 2645 1344 2667 manu
1362 2638 1559 2677 annotato,
1589 2633 1734 2678 duplici

108 2692 213 2739 folio,
234 2693 358 2728 tribus
383 2691 549 2738 paginis,
568 2691 740 2725 numeris
758 2689 910 2736 359-361
933 2691 1111 2736 signatis,
1136 2692 1241 2737 prius
1266 2697 1396 2726 autem
1427 2701 1507 2737 150,
1530 2701 1612 2735 151.
1650 2693 1733 2726 Hoc

108 2754 284 2797 catalogo
304 2751 481 2785 Natalem
501 2761 613 2784 usum
633 2749 754 2784 fuisse
773 2761 873 2784 anno
896 2751 1000 2795 1566,
1019 2749 1110 2784 dum
1129 2751 1335 2795 collegium
1362 2750 1653 2785 vindobonense
1679 2750 1731 2785 in-

109 2810 266 2856 viseret,
284 2814 416 2856 aperte
430 2808 668 2854 conspicitur
683 2808 721 2842 in
742 2807 858 2843 variis
879 2808 1002 2853 signis
1025 2815 1064 2843 et
1084 2808 1401 2843 annotationibus
1426 2810 1473 2842 ab
1502 2809 1585 2854 ipso
1605 2808 1731 2853 sactis,

109 2881 204 2916 quas
223 2880 293 2904 suo
311 2870 395 2904 loco
413 2873 605 2902 notamus.
626 2868 684 2901 Ex
701 2866 840 2902 officiis
859 2873 1003 2911 autem,
1024 2868 1188 2913 singulis
1207 2867 1324 2902 sociis
1344 2868 1383 2902 in
1397 2868 1469 2901 hoc
1484 2869 1660 2912 catalogo
1675 2880 1733 2903 as-

109 2927 286 2974 signatis,
307 2928 416 2962 illurn
434 2931 524 2961 ante
544 2925 780 2961 mutationes
799 2937 820 2960 a
839 2926 968 2960 Natali
998 2925 1175 2961 decretas
1200 2926 1386 2971 scriptum
1418 2925 1538 2960 fuisse
1569 2926 1730 2961 eruitur.

109 2988 150 3022 In
165 2988 293 3033 Epist.
311 2987 359 3020 P.
376 2985 525 3026 Nadal,
545 2985 609 3030 III,
630 2984 712 3030 261,
731 2991 862 3019 annot.
886 2993 915 3030 17,
930 2985 991 3019 hic
1006 2986 1206 3029 catalogus
1223 2995 1349 3018 errore
1364 2984 1510 3019 librarii
1526 2996 1624 3019 anno
1643 2986 1732 3028 1560

112 3058 180 3092 pro
201 3045 289 3089 1566
309 3045 476 3090 scriptus
495 3043 649 3080 dicitur.
