2028 3426
511 299 783 334 MONUMENTA
809 306 1053 333 GERMANIAE
1079 296 1419 334 SUPERIORIS—38
1661 307 1728 342 245

145 417 214 445 ‘no
239 416 329 444 non
352 399 437 442 fuit
459 399 764 442 intermissum
789 399 896 454 quin
920 399 1162 454 aliquando
1190 398 1491 441 inuitarentur
1515 398 1688 440 externi
1721 400 1777 440 ad

154 478 416 534 collegium,
442 476 518 518 vbi
540 475 601 518 ita
623 475 801 519 videtur
825 484 1007 531 propter
1029 475 1263 517 hominum
1286 474 1569 530 dignitatem,
1596 476 1666 518 vel
1696 475 1776 517 ali-

148 556 336 611 quando
360 552 722 603 familiaritatem,
750 553 886 594 modo
908 567 1085 607 semper
1114 551 1218 594 inde
1255 554 1432 594 fructus
1460 551 1621 606 aliquis
1650 552 1777 607 spiri-

158 631 293 674 tualis
316 637 538 686 speretur.
563 630 620 670 Et
642 628 687 670 id
709 628 890 683 quidem
914 628 1013 671 fieri
1036 643 1127 670 non
1149 629 1263 670 solet
1285 627 1512 683 priuatim,
1533 629 1612 671 sed
1630 629 1686 670 ad
1708 643 1779 671 re—

160 707 413 757 fectorium,
446 705 707 761 praesertim
744 719 848 747 cum
879 705 1039 759 aliquis
1067 706 1119 747 fit
1146 704 1363 760 magister
1395 705 1467 748 vel
1504 705 1677 757 doctor,
1709 707 1780 748 vel

159 791 314 827 cantat
335 783 524 839 primam
546 781 745 833 missam3
773 796 874 824 nam
903 781 957 823 iis
985 781 1145 825 diebus
1182 782 1296 823 solet
1324 782 1458 836 paulo
1487 781 1676 837 amplius
1699 783 1781 824 ob-

151 860 275 904 sonii
297 859 460 916 apponi
483 858 713 901 fratribus.
741 859 806 900 Ita
824 865 973 900 autem
998 858 1293 914 intelligimus
1311 857 1406 901 fieri
1425 872 1524 900 raro
1543 866 1588 902 et
1605 859 1782 914 magnis

160 953 217 981 ex
239 936 404 997 causis,
437 950 553 990 quae
581 949 684 977 cum
713 934 775 976 ita
804 934 910 986 sint,
942 934 1108 989 poterit
1136 935 1294 978 eadem
1317 940 1478 974 ἐπιείκεια
1506 934 1552 976 in
1581 935 1783 991 collegiis

161 1012 435 1057 Germaniae
458 1011 679 1067 vsurpari,
705 1011 840 1062 modo
862 1010 983 1052 omni
1002 1011 1153 1053 studio
1172 1011 1403 1055 euitentur
1419 1011 1576 1054 solitae
1600 1025 1783 1067 compo-

164 1089 374 1133 tationes.

252 1165 480 1209 Adiicitur
501 1172 652 1208 autem
675 1164 732 1206 ad
756 1164 959 1219 regulam
983 1178 1040 1206 ne
1063 1163 1219 1216 nostri,
1245 1163 1343 1208 sine
1366 1178 1532 1220 magna
1555 1178 1692 1207 causa
1715 1166 1787 1208 vel

166 1258 245 1298 spe
266 1244 458 1293 fructus,
484 1241 734 1296 prandeant
757 1241 878 1296 apud
906 1247 1098 1283 exteros.
1132 1241 1233 1282 Hoc
1263 1254 1369 1282 vero
1399 1241 1519 1295 apud
1548 1255 1788 1296 germanos

166 1319 346 1362 maioris
368 1326 436 1361 est
468 1317 673 1374 periculi,
699 1324 885 1373 propter
916 1317 1134 1373 largiores
1157 1317 1529 1372 compotationes,
1557 1332 1668 1372 quas
1691 1317 1789 1361 eui-

167 1405 264 1448 tare
292 1395 602 1438 difficillimum
640 1401 726 1446 est,
757 1393 892 1436 etiam
921 1395 1040 1449 apud
1070 1395 1283 1436 honestos
1318 1393 1601 1436 inuitatores.
1639 1395 1790 1437 Huius

158 1473 310 1529 'igitur
331 1473 515 1528 regulae
533 1471 754 1513 difficilior
777 1470 860 1512 erit
884 1470 1194 1526 interpretatio
1217 1485 1296 1514 seu
1319 1477 1491 1520 ἑπιεὶκεια;
1517 1479 1561 1515 et
1584 1471 1669 1514 nisi
1694 1485 1790 1513 mo-

171 1552 325 1594 derate
353 1548 494 1591 nostri
516 1549 761 1592 credantur
783 1547 1052 1603 excipiendi,
1085 1547 1347 1603 praesertim
1372 1548 1721 1604 compotatione,
1748 1556 1793 1590 et

171 1641 337 1682 magna
368 1625 515 1668 subsit
544 1639 681 1667 causa
714 1624 785 1668 vel
813 1638 915 1679 spes
946 1625 1138 1675 fructus,
1170 1639 1261 1666 non
1293 1637 1457 1687 cen-seo
1489 1618 1792 1680 vsurpandam

171 1702 553 1759 dispensationem
576 1701 623 1743 in
646 1703 733 1744 hac
755 1715 817 1744 re.

262 1780 352 1823 Vbi
374 1779 549 1834 capitur
571 1778 842 1834 vespertina,
869 1787 917 1820 vt
938 1777 1117 1829 dicitur,
1143 1778 1337 1828 collatio,
1365 1790 1453 1833 quo
1477 1778 1548 1822 die
1576 1786 1645 1821 est
1681 1779 1792 1822 ieiu-

175 1857 316 1906 nium,
342 1855 703 1899 benedictionem
727 1862 772 1898 et
795 1854 1043 1910 gratiarum
1077 1854 1298 1909 actionem
1324 1854 1481 1896 dicunt
1505 1856 1664 1899 fratres
1688 1857 1795 1898 sub-

176 1934 311 1977 misse
333 1941 377 1977 et
398 1932 613 1983 breuiter,
639 1939 684 1974 et
706 1946 757 1974 ea
775 1939 922 1987 potest
951 1945 1065 1982 esse,
1093 1931 1181 1973 imo
1204 1932 1333 1982 solet,
1360 1946 1493 1986 quam
1523 1933 1695 1975 solebat
1718 1933 1791 1975 ad-

173 2011 331 2054 hibere
354 2012 405 2053 Ρ.
434 2009 650 2065 Ignatius.

259 2089 572 2144 Juramentum
596 2092 934 2140 rectorumssnon
958 2092 1026 2128 est
1049 2084 1352 2128 necessarium
1376 2084 1421 2126 in
1450 2085 1653 2141 collegiis
1682 2087 1798 2129 Ger-

178 2164 367 2214 maniae,
393 2163 514 2217 quod
543 2161 710 2216 aliquid
739 2161 911 2203 dederit
941 2161 1041 2216 plus
1068 2161 1223 2203 domui
1252 2162 1482 2216 professae
1506 2176 1639 2216 quam
1671 2177 1800 2205 acce-

179 2239 310 2295 perit,
337 2246 572 2295 propterea
596 2238 715 2293 quod
737 2253 827 2281 non
851 2245 956 2280 sunt
979 2237 1052 2280 hic
1080 2252 1132 2280 ea
1162 2237 1438 2288 commertia,
1465 2253 1580 2292 quae
1613 2240 1799 2283 Romae.

269 2317 372 2359 Non
395 2317 531 2358 habet
554 2315 757 2358 Societas
781 2315 1038 2357 facultatem
1063 2314 1326 2357 absoluendi
1350 2329 1374 2356 a
1393 2314 1574 2358 casibus
1597 2330 1803 2359 reserua›

125 2412 129 2417 ·
180 2393 300 2436 tis'in
318 2407 485 2436 coenae
506 2391 688 2434 Domini
707 2392 842 2442 bulla,
862 2390 947 2433 nisi
965 2398 1138 2442 tantum
1158 2392 1213 2432 ab
1231 2391 1421 2442 haeresi,
1440 2398 1484 2434 et
1500 2393 1802 2435 excommuni-

182 2470 358 2513 catione
381 2469 628 2511 resultante
650 2475 830 2523 propter
853 2467 1088 2510 lectionem
1114 2466 1328 2508 librorum
1352 2468 1699 2519 haereticorum3
1727 2470 1804 2511 sed

184 2549 301 2589 hanc
325 2546 587 2588 facultatem
610 2544 750 2586 satius
774 2551 842 2587 est
863 2551 913 2585 vt
935 2543 1017 2585 soli
1041 2544 1238 2585 habeant
1266 2551 1480 2595 rectores,
1508 2545 1628 2598 quod
1661 2545 1804 2599 magis

184 2623 241 2665 sit
265 2621 506 2666 verisimile
529 2621 628 2663 illos
651 2620 902 2662 consultius
925 2634 1024 2663 esse
1046 2627 1227 2673 acturos
1250 2619 1295 2661 in
1324 2620 1543 2662 eiusmodi
1574 2622 1801 2663 facultate:

185 2706 399 2756 poterunt
423 2698 494 2740 alii
518 2699 778 2741 sacerdotes
799 2698 918 2739 hanc
950 2697 1210 2739 facultatem
1241 2698 1424 2747 habere,
1451 2698 1528 2739 sed
1559 2712 1612 2739 ex
1644 2697 1807 2737 iudicio

185 2785 428 2820 rectorum.

275 2853 470 2895 Curetur
503 2858 552 2892 vt
581 2850 742 2905 aliquis
779 2850 1019 2905 aliquando
1047 2849 1339 2892 concionetur
1368 2849 1409 2890 in
1452 2850 1615 2903 templo
1654 2848 1807 2891 maiori

179 2927 461 2971 alternatim.

279 3006 326 3046 In
351 3003 554 3059 collegiis
576 3017 633 3044 ne
651 3003 828 3045 alantur
850 3017 958 3044 aues
981 3003 1264 3045 cantatrices.

281 3081 346 3122 Ex
370 3080 446 3131 illa
467 3079 779 3130 instructione,
805 3079 1016 3134 quamP.
1044 3079 1214 3121 Natalis
1239 3077 1415 3131 reliquit
1438 3077 1493 3118 ad
1517 3077 1812 3131 gubernatio-
