2028 3426
681 213 1108 250 INsrRucrioNsss-ol
1591 228 1659 264 529

646 363 708 391 DE
733 363 864 393 MODO
889 364 1136 402 LOQUENDI

168 465 424 521 Diligenter
445 467 716 509 obseruetur
737 468 911 523 regula,
938 483 1027 524 qua
1050 477 1118 512 est
1146 476 1330 511 cautum
1361 484 1418 512 ne
1451 471 1551 525 quis
1574 472 1702 527 quic—

81 556 216 597 quam
238 542 294 584 de
317 541 575 585 nationibus
607 543 948 600 genealogiisue
978 559 1081 589 cum
1110 552 1374 602 contemptu
1398 553 1477 589 aut
1513 548 1601 589 vllo
1631 549 1701 590 of-

82 618 309 661 fendiculo
331 619 557 674 loquatur:
583 626 651 662 est
673 619 793 662 enim
822 620 868 662 in
890 621 1043 676 primis
1072 621 1326 665 necessaria
1358 624 1512 678 regula
1544 623 1617 666 illa
1646 625 1701 667 ad

61 678 293 738 'vnionem
315 694 568 747 animorum
583 698 918 751 conservanda.
945 698 1036 741 447
1060 699 1250 742 Attente
1282 698 1422 754 igitur
1450 699 1701 756 aduigilent

37 783 42 788 “
79 770 333 826 superiores
352 786 407 814 ne
430 771 537 826 quid
558 771 742 827 irrepat,
769 774 892 827 quod
915 774 1057 829 possit
1079 776 1196 818 hanc
1218 776 1422 831 regulam
1452 775 1696 820 infirmare.

78 848 128 890 Id
157 862 265 892 vero
297 847 464 891 facient
495 864 576 904 per
607 864 671 903 se,
697 863 776 905 per
808 850 1122 904 confessarios,
1154 867 1233 907 per
1265 853 1596 905 obseruatores,
1623 869 1701 909 per

79 924 310 980 grauiores
332 923 646 980 poenitentias.
1145 974 1151 980 ,

167 1001 334 1044 Modus
357 1000 429 1043 hic
451 1001 682 1056 loquendi:
713 1003 860 1046 «Talis
883 1011 951 1047 est
975 1019 1102 1048 meus
1125 1005 1343 1059 amicus»,
1364 1007 1436 1050 vel
1458 1008 1583 1063 «Ego
1600 1021 1701 1049 sum

79 1076 176 1121 eius
195 1076 411 1129 amicus»,
434 1078 631 1131 tollatur,
655 1078 692 1120 si
711 1079 811 1133 quis
829 1079 886 1121 sit
905 1081 1122 1124 fortassis.
1150 1082 1270 1137 Quia
1291 1082 1337 1124 in
1360 1083 1586 1127 Societate
1610 1071 1699 1127 tam

78 1153 347 1197 vniuersalis
369 1155 505 1198 debet
526 1169 626 1198 esse
647 1155 844 1198 charitas
867 1158 923 1199 ad
946 1172 1118 1208 omnes,
1144 1167 1192 1201 vt
1214 1159 1338 1202 nulla
1368 1175 1424 1203 ex
1452 1167 1580 1215 parte
1607 1161 1697 1202 dici

76 1229 221 1287 possit
244 1230 404 1285 aliquis
426 1231 572 1287 magis
595 1232 766 1274 amicus
790 1247 922 1287 quam
946 1234 1073 1278 alter.
1101 1236 1229 1278 Vltra
1251 1235 1311 1288 id,
1332 1237 1452 1290 quod
1477 1236 1576 1280 talis
1603 1252 1699 1279 mo—

50 1293 162 1350 ⁴dus
193 1307 407 1362 loquendi
440 1308 708 1350 secularium
743 1317 826 1352 est:
872 1312 979 1352 «Est
1015 1326 1143 1354 meus
1175 1312 1392 1366 amicus»;
1427 1312 1700 1369 significatio

77 1382 211 1441 etiam
235 1384 453 1439 quaedam
477 1399 578 1427 esse
600 1385 795 1437 videtur,
822 1386 947 1440 quasi
971 1387 1043 1429 alii
1068 1403 1157 1430 non
1180 1396 1332 1431 essent
1359 1390 1489 1433 amici
1515 1391 1586 1434 uel
1611 1398 1698 1434 tam

27 1460 29 1463 ’
77 1459 222 1502 amici.

46 1528 49 1533 ¹
167 1537 364 1579 Curetur
392 1544 440 1579 vt
468 1553 536 1590 ea,
569 1552 684 1593 quae
712 1539 831 1581 domi
863 1539 978 1584 inter
1008 1548 1186 1585 nostros
1223 1542 1390 1585 fuerint
1420 1543 1520 1599 (nisi
1559 1544 1699 1586 mani—

22 1617 42 1634 *
77 1613 317 1656 festissima
339 1613 592 1656 aedificatio
621 1617 857 1670 speretur),
885 1631 977 1659 non
1000 1617 1208 1660 dicantur
1230 1618 1444 1662 exterius.

163 1691 400 1734 Habeatur
427 1691 634 1746 specialis
658 1706 782 1744 cura,
809 1708 866 1736 ne
896 1694 1052 1736 Patres
1080 1695 1151 1737 vel
1181 1696 1342 1738 fratres
1371 1696 1615 1752 loquantur
1643 1699 1699 1740 de

35 1816 39 1821 .
74 1766 331 1810 defectibus
353 1768 425 1810 Vel
449 1767 640 1810 aliorum
664 1768 960 1825 collegiorum
977 1771 1049 1814 vel
1073 1771 1158 1823 sui,
1179 1786 1297 1814 neue
1319 1772 1521 1815 iudicent
1539 1788 1698 1828 quem-

36 1868 39 1869 ν
74 1842 209 1898 piam,
235 1844 315 1886 sed
336 1845 454 1886 bene
476 1845 532 1887 de
554 1844 763 1887 omnibus
786 1846 997 1889 sentiant.
1020 1848 1136 1890 Cum
1154 1844 1305 1891 autem
1328 1849 1483 1892 vident
1506 1850 1699 1906 aliquem

30 1955 32 1957 ,
75 1919 353 1972 subtristem,
381 1922 501 1975 quod
525 1923 640 1964 forte
663 1936 742 1977 per
764 1922 959 1977 aliquam
984 1924 1189 1979 corporis
1217 1916 1605 1981 indispositionem
1636 1927 1698 1969 illi

76 1995 330 2052 continget,
356 1996 447 2040 448
470 1997 542 2039 vel
565 2012 620 2039 ex
642 1999 832 2041 honesta
854 1998 940 2041 alia
962 2000 1037 2043 uel
1060 2001 1315 2044 necessaria
1336 2016 1489 2054 causa,
1516 2018 1572 2046 ne
1594 2019 1698 2059 pro—

42 2072 46 2117 [
76 2079 231 2127 pterea
264 2072 483 2128 cogitent,
509 2074 581 2115 vel
603 2074 771 2126 dicant,
797 2076 868 2118 Vel
892 2075 1093 2119 iudicent
1110 2077 1240 2134 villum
1264 2092 1364 2121 esse
1389 2087 1625 2133 tentatum3
1653 2089 1697 2125 et

77 2155 227 2190 tamen
250 2148 287 2191 si
310 2149 476 2192 scirent
500 2150 692 2205 aliquam
718 2152 1029 2204 tentationem,
1050 2160 1095 2196 et
1113 2155 1304 2198 maxime
1328 2170 1533 2211 grauem,
1561 2157 1698 2200 alicu-

42 2276 46 2280 *
71 2224 163 2279 jus,
189 2225 340 2268 statim
362 2226 418 2268 de
441 2241 494 2269 ea
517 2228 714 2270 referant
738 2229 794 2270 ad
817 2229 1111 2283 superiorem.
1359 2232 1363 2236 ’
1466 2238 1469 2239 ’

165 2302 330 2344 Modus
352 2303 569 2357 loquendi
593 2310 661 2347 est
693 2303 1039 2359 diligentissime
1067 2308 1397 2360 obseruandus,
1425 2312 1572 2364 quoad
1601 2311 1699 2353 eius

77 2377 242 2432 poterit
278 2378 373 2421 fieri
388 2412 397 2430 ,
438 2387 485 2421 vt
523 2394 657 2434 quam
696 2381 959 2436 longissime
997 2374 1216 2426 distemus
1254 2400 1279 2427 a
1311 2386 1444 2427 modo
1486 2387 1699 2441 loquendi

79 2454 407 2498 haereticorum
438 2455 657 2508 omnium,
691 2457 952 2500 nominatim
978 2473 1085 2502 vero
1110 2461 1446 2503 lutheranorum
1471 2471 1516 2504 et
1538 2464 1697 2505 dereli-

48 2511 52 2520 ι
79 2537 269 2583 ctorum,
295 2531 370 2586 qui
395 2533 578 2575 fuerunt
600 2533 813 2577 haeretici
836 2533 880 2575 in
905 2535 1124 2590 Hispania
1153 2538 1179 2577 ¹.

166 2606 259 2661 Qui
282 2621 384 2649 cum
408 2608 605 2651 externis
628 2609 843 2664 loquitur,
870 2612 1027 2654 reddat
1049 2612 1268 2656 rationem
1292 2614 1348 2657 de
1373 2614 1536 2665 fructu,
1563 2630 1696 2668 quem

79 2697 133 2726 ex
157 2684 382 2738 colloquio
405 2685 658 2741 collegerit,
684 2687 755 2729 vel
778 2674 1012 2742 superiori,
1041 2689 1112 2731 uel
1135 2689 1191 2741 ei,
1220 2704 1352 2744 quem
1393 2690 1464 2732 ille
1488 2691 1695 2745 designa-

81 2759 209 2802 uerit.

168 2836 389 2879 Cubicula
413 2839 598 2880 Patrum
622 2847 667 2883 et
691 2841 877 2882 fratrum
901 2856 957 2883 ne
981 2849 1199 2883 vocentur
1217 2842 1372 2886 cellae.

149 2940 159 2960 ¹
211 2940 271 2978 Cf.
304 2943 540 2978 MENENDEZ
572 2953 599 2978 Y
629 2945 815 2990 PELAYO,
846 2946 1032 2980 Historia
1059 2947 1104 2981 de
1136 2947 1191 2980 los
1217 2947 1466 2982 heterodoxos
1484 2951 1701 2994 espaffoles,

81 3002 108 3032 t.
127 2999 176 3041 ΙΙ,
196 2999 268 3034 lib.
293 3001 342 3045 V,
362 3012 446 3047 cap.
469 3010 502 3037 1.

253 3064 368 3093 Emsr.
389 3065 427 3093 P.
448 3065 581 3101 NADA1.‚
601 3074 679 3094 Toni.
704 3067 764 3095 IV.
1488 3071 1522 3098 35
