2028 3426
720 203 1097 239 INSTRucrroNEs—
1105 203 1148 238 61
1629 212 1699 249 457

62 291 66 294 ²
117 304 464 360 progrederetur
488 310 536 345 vt
558 310 782 359 repeteret
804 303 878 346 illa
900 303 1092 347 venialia
1114 310 1315 359 peccata,
1341 311 1490 359 potest
1513 306 1745 352 confessa-

116 381 210 423 rius
230 387 368 435 atque
389 381 503 424 adeo
530 381 681 432 debet,
715 395 806 422 non
835 380 893 422 ob
926 395 1079 424 casum
1109 380 1304 435 aliquem
1329 388 1625 434 reseruatum,
1662 383 1743 426 sed

117 464 330 511 tanquam
355 457 431 511 qui
456 471 542 499 non
565 457 785 512 proficiat,
812 457 1039 501 remittere
1061 458 1118 500 ad
1140 457 1433 513 superiorem,
1458 457 1535 512 qui
1552 458 1592 500 ei
1610 466 1744 514 pote-

116 533 172 575 rit
200 534 307 576 dare
335 533 471 576 alium
500 533 824 576 confessarium
854 534 1006 577 audita
1035 534 1132 578 eius
1165 533 1449 577 confessione
1483 535 1490 554 ¹

113 611 232 666 quod
254 610 447 666 amplius
470 609 588 652 illius
611 610 765 653 audiat
787 610 1137 656 confessionem.
1162 612 1267 666 Quo
1290 610 1492 653 subsidio
1516 610 1579 652 vti
1610 611 1742 654 liceat

113 685 415 739 confessariis,
449 686 525 728 vbi
557 685 724 741 alioqui
756 685 841 728 illis
873 686 1113 730 obueniret
1144 687 1386 729 difficultas
1418 686 1567 741 aliqua
1596 688 1668 730 vel
1694 686 1741 729 in

112 762 412 814 absolutione,
439 763 510 805 vel
532 762 579 804 in
609 762 887 806 conscientia
914 767 997 808 260
1025 763 1303 814 confitentis,
1336 762 1420 807 etsi
1449 763 1572 805 nulla
1599 763 1741 807 inter-

109 838 285 881 ueniret
307 853 439 882 casus
462 838 679 882 reseruati
703 839 773 882 vel
796 838 948 894 opinio
970 840 1041 881 vel
1064 839 1253 895 speeies.

1502 567 1510 586 ,
1546 549 1629 578 nee
1659 535 1742 577 erit

435 963 807 993 ANNOTATIONES
846 965 894 993 IN
922 964 1071 994 CASUS
1096 965 1407 995 RESERUATOS

845 1046 894 1086 In
924 1053 999 1086 2.¹¹¹

195 1144 275 1187 Rei
299 1144 432 1188 etiam
456 1143 664 1187 minimae
687 1145 916 1200 vsurpatio
940 1152 985 1187 et
1013 1145 1330 1201 appropriatio,
1362 1145 1398 1188 si
1422 1146 1621 1189 formalis
1643 1154 1730 1198 est,

105 1230 315 1265 censetur
340 1222 574 1274 reseruari;
602 1236 691 1264 non
715 1222 847 1265 etiam
872 1222 907 1264 si
931 1222 1170 1265 materialis
1195 1230 1369 1265 tantum
1399 1231 1484 1268 est.
1510 1225 1588 1266 Illa
1611 1224 1730 1268 enim

104 1306 315 1341 censetur
339 1312 438 1342 esse
466 1306 622 1341 contra
661 1307 831 1350 votum,
859 1300 979 1353 quod
1012 1299 1133 1341 omni
1155 1299 1428 1355 proprietate
1449 1300 1614 1356 priuat,
1641 1315 1732 1344 non

106 1381 280 1416 tantum
303 1389 495 1430 magnae
517 1375 580 1417 rei
614 1376 684 1417 vel
707 1375 958 1427 mediocris,
999 1376 1148 1430 aliqua
1180 1383 1329 1418 tamen
1358 1376 1732 1432 interpretatione

106 1451 177 1494 vel
198 1451 417 1506 epieikeia
439 1460 457 1476 ³
479 1452 542 1493 vti
567 1452 731 1507 poterit
762 1453 1078 1504 confessarius,
1104 1452 1141 1495 si
1164 1466 1254 1494 non
1277 1452 1334 1495 sit
1357 1453 1595 1508 repetitum
1620 1467 1730 1510 pec-

105 1534 272 1579 catum,
299 1535 347 1569 vt
370 1528 509 1583 possit
532 1529 784 1580 absoluere,
811 1528 847 1570 si
871 1528 1110 1584 repetitum
1135 1529 1191 1571 sit
1213 1544 1303 1571 non
1333 1528 1439 1572 item
1463 1531 1495 1572 ⁶².

837 1648 885 1689 In
917 1655 992 1701 3·¹¹¹

191 1759 476 1814 Quacunque
513 1758 683 1803 seilicet
716 1759 865 1814 speeie
903 1759 1075 1815 peceati
1114 1760 1329 1814 mortalis,
1372 1760 1492 1815 quod
1529 1761 1729 1804 exterius
1788 1766 1792 1770 '

102 1834 195 1886 fiat,
220 1835 354 1878 etiarn
379 1835 415 1878 si
438 1835 496 1878 sit
513 1835 879 1879 secretissimum.

835 1956 884 1996 In
914 1963 990 2007 4¹¹¹

187 2066 356 2109 Saltem
379 2065 416 2108 si
454 2066 626 2122 obliget
663 2066 786 2108 illum
826 2067 881 2110 ad
919 2074 1154 2122 peceatum
1185 2068 1373 2110 mortale
1401 2068 1620 2123 superior,
1653 2069 1726 2111 vel

101 2141 268 2196 alioqui
291 2142 328 2184 si
351 2157 509 2186 reuera
531 2142 588 2185 sit
610 2150 767 2185 contra
789 2150 944 2186 votum
968 2143 1267 2188 obedientiae.

185 2264 253 2305 261
835 2262 883 2303 In
915 2269 986 2315 53¹¹

184 2372 233 2416 Si
256 2372 449 2428 attingat
471 2373 687 2415 rationem
710 2373 882 2429 peccati
906 2374 1106 2417 mortalis
1127 2389 1183 2417 ex
1207 2375 1375 2430 regulis
1398 2389 1543 2417 comm
1553 2375 1718 2417 unibus

87 2449 368 2504 theologiae.

167 2595 184 2613 a
210 2585 353 2631 epiicia
373 2597 430 2620 ms
441 2613 448 2621 .

168 2704 177 2724 ¹
229 2704 329 2739 Vide
348 2716 436 2751 pag.
454 2714 540 2750 402,
558 2711 689 2741 annot.
714 2713 745 2740 1.

162 2766 176 2784 ²
226 2764 270 2798 In
289 2764 359 2798 hac
378 2765 616 2810 paragrapho
635 2764 783 2799 Natalis
802 2763 988 2798 accedere
1008 2763 1163 2798 videtur
1191 2764 1363 2808 opinioni
1382 2764 1549 2810 illorum,
1570 2765 1636 2810 qui
1663 2770 1719 2799 te-

97 2822 240 2857 nebant
259 2823 533 2869 proprietatem
551 2823 591 2858 in
608 2834 851 2869 quacumque
870 2823 1045 2867 materia,
1077 2822 1193 2856 etiam
1224 2822 1397 2867 minima,
1429 2827 1563 2857 contra
1582 2829 1716 2858 votum

97 2882 348 2926 paupertatis,
368 2893 455 2917 esse
474 2887 677 2928 peceatum
704 2882 877 2917 mortale.
904 2882 1015 2916 Hane
1043 2880 1266 2927 opinionem
1295 2880 1439 2916 refellit
1470 2881 1630 2927 Suarez,
1656 2882 1718 2917 De

81 2942 199 2974 statu
217 2941 419 2988 religioso,
439 2941 507 2977 lib.
527 2942 633 2987 VIII,
652 2941 700 2976 de
719 2946 961 2988 paupertate,
976 2952 1059 2986 cap.
1076 2949 1131 2983 VI,
1152 2952 1189 2976 n.
1221 2950 1243 2984 4
1262 2946 1301 2975 et
1318 2951 1443 2986 seqq.‚
1464 2947 1504 2975 et
1524 2947 1565 2976 ut
1580 2941 1715 2976 falsam

96 2999 351 3035 communiter
369 2999 546 3035 doctores
565 3000 765 3046 rejiciunt.
