2028 3426
838 214 1081 249 PRAEFATIO
1681 226 1722 250 xx

145 315 345 358 tionibus
366 322 617 367 auctarum,
645 329 747 357 cum
771 314 1004 370 exemplis,
1037 329 1152 369 quae
1182 315 1225 356 in
1255 314 1354 358 aliis
1381 315 1611 358 codicibus
1640 332 1770 372 repe-

145 392 338 443 riuntur,
363 392 657 436 conferendO.

236 469 384 511 Codex
404 467 476 520 68,
514 468 652 510 Vatic.
685 470 726 520 6,
755 467 871 512 inter
900 467 1092 523 optimos
1121 468 1420 523 proculdubio
1449 476 1517 512 est
1545 484 1768 525 reponen—

143 547 244 598 dus;
269 545 346 588 vix
369 545 486 589 enim
511 544 616 587 alibi
640 552 706 587 tot
735 552 917 599 tamque
945 545 1111 587 selecta
1134 544 1308 599 priscae
1336 545 1575 588 Societatis
1604 561 1766 589 monu-

143 629 294 665 menta
315 622 362 664 in
385 636 525 664 unum
550 622 761 664 volumen
783 622 974 664 collecta
997 621 1207 677 reperias.
1236 623 1376 676 Quod
1398 623 1454 664 ad
1483 629 1661 678 tempus
1695 631 1766 665 at-

142 699 271 751 tinet,
304 713 394 754 quo
423 698 498 741 hic
527 698 976 753 codex'compositus
1005 705 1090 751 est,
1116 714 1171 742 ex
1204 700 1340 742 rebus
1367 699 1411 740 in
1441 713 1495 741 eo
1524 700 1763 751 contentis,

141 775 322 818 vivente
351 774 519 831 Borgia
547 775 619 816 vel
647 775 781 829 paulo
810 781 911 830 post
940 789 965 816 a
999 773 1149 817 Natali
1178 775 1445 817 adornatum
1477 775 1616 819 fuisse
1643 776 1761 817 clare

140 851 425 907 perspicitur.
458 852 549 895 Sex
577 858 622 894 et
652 850 851 906 triginta,
886 866 977 893 non
1007 850 1171 903 minus,
1203 851 1433 906 opusculis
1461 851 1689 904 coalescit,
1722 852 1767 893 in

141 927 306 982 quibus
328 928 544 970 nonnulla
567 942 592 970 a
614 929 661 971 S.
695 927 873 983 Ignatio
903 927 1086 982 scripta,
1123 927 1263 969 multa
1291 942 1317 969 a
1346 929 1400 972 Ρ.
1436 927 1609 981 Lainio,
1639 944 1766 984 prae-

139 1004 286 1060 posito
309 1004 526 1060 generali,
551 1019 632 1060 pro
649 1003 890 1048 Societatis
908 1003 1128 1060 regimine
1146 1005 1399 1057 lucubrata,
1421 1012 1466 1048 et
1484 1006 1605 1047 haud
1623 1020 1767 1061 pauca

141 1096 165 1123 a
189 1081 322 1125 tertio
347 1081 549 1136 ejusdem
569 1080 810 1125 Societatis
829 1081 1111 1124 moderatore
1131 1080 1313 1136 Borgia,
1335 1094 1415 1136 pro
1432 1081 1591 1124 officiis
1608 1090 1652 1124 et
1671 1098 1766 1124 mu-

139 1158 322 1201 neribus
341 1156 591 1213 praecipuis
614 1157 698 1201 rite
721 1156 942 1200 obeundis
964 1156 1232 1212 composita,
1258 1157 1561 1212 reperiuntur.
1584 1159 1670 1201 His
1693 1173 1765 1201 ac·

138 1236 308 1279 cedunt
330 1242 532 1277 actorum
555 1234 725 1290 primae
747 1233 1115 1289 congregationis
1138 1234 1362 1289 generalis
1380 1236 1653 1290 exemplum,
1675 1251 1764 1291 quo

138 1312 312 1356 Natalis
330 1313 558 1364 utebatur;
584 1318 684 1354 acta
708 1312 755 1355 S.
782 1310 962 1366 Ignatii,
988 1326 1013 1352 a
1036 1311 1334 1354 Ribadeneira
1357 1311 1517 1355 litteris
1535 1314 1761 1365 mandata;

138 1388 347 1444 apologia
375 1387 552 1431 Natalis
583 1402 663 1443 pro
696 1387 924 1431 Societate
958 1395 1117 1430 contra
1149 1387 1414 1443 episcopum
1448 1388 1760 1439 Caesarinu1n;

138 1466 368 1520 multaque
404 1465 505 1516 alia,
545 1463 707 1520 partim
744 1479 769 1507 a
806 1463 936 1506 nobis
967 1463 1103 1515 edita,
1140 1464 1299 1519 partim
1333 1464 1379 1506 in
1417 1466 1501 1507 hoc
1534 1465 1764 1510 volumine

136 1543 325 1593 edenda,
351 1557 407 1585 ex
429 1541 595 1596 quibus
617 1540 773 1596 quanti
795 1541 868 1583 hic
891 1542 1034 1583 codex
1057 1542 1113 1583 ab
1142 1540 1356 1584 historiae
1385 1541 1599 1584 studiosis
1630 1542 1762 1585 aesti-

136 1619 328 1661 mandus
350 1618 423 1670 sit,
450 1617 579 1661 facile
595 1617 840 1673 judicabis.
865 1619 997 1672 Quae
1020 1624 1170 1660 autem
1194 1617 1387 1661 subinde
1408 1633 1488 1673 per
1513 1626 1658 1661 totum
1681 1634 1761 1662 vo-

136 1696 287 1738 lumen
311 1694 486 1738 Natalis
508 1695 686 1750 propria
709 1709 845 1737 manu
877 1694 1066 1746 notavit,
1100 1694 1219 1737 illius
1248 1695 1444 1737 valorem
1477 1709 1762 1751 summopere

135 1772 373 1823 extollunt,
399 1772 566 1827 quippe
589 1785 704 1826 quae
719 1771 849 1813 nobis
867 1772 1069 1814 revelant
1087 1770 1270 1814 nomina
1288 1778 1540 1823 auctorum,
1567 1786 1761 1826 quorum

135 1856 428 1892 monumenta
450 1849 616 1892 ibidem
638 1849 946 1904 proferuntur,
972 1849 1092 1890 unde
1116 1847 1246 1890 facile
1269 1847 1369 1902 quis
1392 1848 1663 1904 dignoscere
1686 1865 1760 1910 va·-

126 1926 224 1968 'leat
244 1940 466 1980 quaenam
490 1939 546 1968 ex
569 1925 693 1968 hisce
716 1924 1107 1968 lucubrationibus
1129 1926 1176 1968 S.
1200 1924 1394 1980 Ignatio,
1416 1939 1637 1979 quaenam
1656 1926 1760 1969 Lai-

134 2001 225 2055 nio,
252 2016 473 2056 quaenam
499 2001 707 2058 Borgiae,
736 2002 935 2044 Polanco
959 2002 1030 2044 vel
1053 2000 1136 2056 ipsi
1160 1994 1284 2043 Patri
1306 2001 1455 2044 Natali
1478 2002 1567 2044 sint
1589 2003 1751 2045 adscri-

133 2079 294 2121 benda.
319 2079 454 2122 Inter³
467 2078 552 2121 alia
574 2093 683 2122 vero
707 2078 869 2122 emicat
892 2078 937 2119 in
961 2079 1045 2120 hoc
1064 2077 1293 2120 volumine
1311 2078 1484 2120 Natalis
1502 2078 1763 2121 sollicitudo

134 2163 179 2198 et
201 2155 445 2198 continuus
466 2157 591 2198 labor
616 2155 660 2197 in
683 2154 912 2199 Societate
934 2154 1256 2210 promovenda,
1283 2154 1328 2196 in
1346 2154 1549 2209 ejusdem
1567 2155 1761 2198 instituti

134 2231 320 2287 regulis,
346 2231 762 2283 constitutionibus,
783 2231 1055 2287 diplomatis,
1076 2230 1445 2286 annotationibus
1462 2230 1755 2283 illustrandis3

133 2323 243 2364 erga
270 2308 548 2364 praepositos
580 2309 817 2364 generales
854 2307 1155 2358 observantia,
1197 2307 1362 2362 quibus
1394 2322 1563 2350 morem
1598 2322 1757 2364 gerere

133 2400 365 2441 nunquam
397 2400 485 2428 non
525 2385 657 2429 enixe
693 2386 922 2436 studebat,
963 2398 1138 2442 suoque
1171 2384 1374 2435 consilio,
1411 2399 1561 2440 opera,
1597 2385 1757 2429 litteris

133 2469 312 2517 praesto
334 2477 510 2518 semper
532 2463 703 2514 aderat,
730 2469 862 2518 prout
884 2476 939 2504 ex
958 2462 1098 2526 liujus
1121 2461 1289 2504 codicis
1316 2461 1684 2504 annotationibus
1713 2469 1758 2504 et

131 2553 186 2581 ex
208 2539 410 2594 ejusdem
432 2538 633 2594 epistolis
657 2538 1018 2593 frequentissime
1042 2538 1337 2593 conspicitur.

218 2616 319 2671 Jam
347 2616 403 2659 ad
434 2616 540 2658 Coei.
582 2616 719 2657 Vatic.
754 2626 779 2668 7
808 2614 1059 2667 veniamus3
1092 2615 1138 2657 in
1166 2615 1297 2670 cujus
1328 2616 1509 2659 laudem
1544 2616 1653 2658 illud
1687 2617 1756 2658 in—

131 2707 271 2736 nuere
292 2692 501 2744 sufficiat,
521 2693 642 2747 quod
658 2693 714 2734 de
732 2707 786 2735 eo
801 2692 1018 2747 primores
1035 2691 1275 2735 Societatis
1296 2694 1469 2744 Patres,
1491 2691 1535 2734 in
1556 2694 1758 2735 secundo

131 2768 332 2822 generali
364 2776 592 2812 conventu
626 2768 909 2824 congregati,
944 2769 1126 2812 decreto
1160 2779 1214 2822 57
1247 2776 1519 2821 statuerunt3
1558 2769 1748 2812 scilicet:

135 2845 505 2889 «Admonitiones
528 2847 584 2887 P.
617 2844 791 2888 Natalis
813 2846 869 2887 ab
893 2845 990 2900 ipso
1013 2852 1306 2900 expurgatae,
1333 2853 1468 2899 atque
1487 2845 1530 2887 in
1551 2845 1753 2887 ordinem

130 2922 357 2979 redactae,
379 2921 738 2965 provincialibus
760 2937 785 2964 a
808 2924 862 2965 R.
891 2924 940 2964 P.
964 2921 1179 2965 Generali
1209 2922 1458 2974 tradantur,
1487 2930 1534 2964 ut
1558 2921 1644 2964 illis
1672 2936 1756 2977 pro

129 2998 224 3041 sola
261 2998 521 3051 directione,
561 2999 684 3041 nulla
721 2998 898 3041 interim
937 2998 1213 3053 obligatione
1253 2998 1479 3050 obstricti,
1518 3006 1750 3041 utantur.»
