2028 3426
658 208 1088 244 INSTRUCTIONES—61
1571 215 1635 251 541

27 307 30 311 ’
66 300 309 366 recipinon
327 324 471 366 posse.
495 311 595 352 Hoc
613 310 903 352 confirmatur
920 324 975 351 ex
993 308 1139 351 officio
1157 307 1358 360 rectoris,
1380 308 1499 362 quod
1523 322 1692 363 magno

65 387 214 430 studio
235 387 430 430 confecit
457 388 507 429 P.
534 386 590 428 Ν.
618 384 842 441 generalis
865 387 1044 440 Laynez
1072 386 1098 437 ¹,
1125 385 1150 426 8
1175 398 1272 439 cap.

715 518 777 547 DE
823 516 1041 546 SYNDICIS

156 620 435 662 Aduertatur
452 624 500 658 vt
516 615 851 659 constituantur
866 614 1056 670 syndici:
1072 614 1187 656 inter
1204 612 1400 656 nouitios
1414 612 1592 666 quidem
1614 612 1691 666 qui

66 711 121 740 ex
146 695 253 751 ipsis
277 702 409 739 erunt
430 692 724 750 probatiores;
746 692 862 734 inter
884 691 1009 743 alios,
1035 691 1111 746 qui
1129 705 1218 733 non
1237 698 1345 733 sunt
1363 688 1538 741 nouitii,
1560 696 1696 731 erunt

19 793 22 797 ⁷
68 772 243 828 syndici
264 771 370 815 item
394 769 692 827 probatiores,
717 776 762 811 et
786 768 992 813 aedituus
1010 769 1144 811 debet
1161 781 1260 811 esse
1283 767 1498 822 syndicus
1522 780 1690 818 rerum,

70 864 186 905 quae
207 848 253 891 in
277 848 442 903 templo
464 852 549 893 475
573 847 703 899 fiunt3
731 845 898 901 janitor
921 859 1074 888 earum
1099 859 1264 896 rerum,
1297 857 1412 899 quae
1440 843 1485 884 in
1515 842 1628 889 atrio
1649 850 1695 885 et

33 934 41 940 “
69 926 194 969 iuxta
216 923 418 968 ianuam.
446 925 620 967 Omnes
642 930 792 966 tamen
815 921 888 964 alii
917 921 1108 977 syndici,
1134 922 1284 976 quoad
1313 919 1409 964 eius
1438 919 1534 962 fieri
1562 927 1692 975 pote—

27 1004 32 1008 ”
73 1003 145 1055 rit,
172 1002 261 1045 sint
283 999 460 1052 secreti,
486 1007 531 1043 et
554 1004 789 1043 mutentur
811 1013 1151 1053 nonnunquam.

158 1078 226 1130 Ei,
260 1077 335 1133 qui
357 1076 536 1133 publice
560 1075 752 1131 aliquem
782 1075 827 1117 in
861 1075 1098 1119 refectorio
1128 1073 1413 1129 reprehendit
1444 1073 1579 1129 (quod
1609 1087 1693 1114 nos

71 1157 179 1199 dare
202 1155 422 1209 capellum
445 1152 668 1208 dicimus),
689 1166 781 1194 non
804 1159 871 1195 est
894 1151 1196 1194 necessarium
1223 1158 1273 1192 vt
1302 1150 1475 1206 gratiae
1503 1156 1695 1205 agantur

74 1233 148 1275 vel
169 1232 301 1275 venia
323 1237 516 1286 petatur,
543 1228 718 1272 tametsi
747 1228 981 1271 consilium
1005 1228 1062 1270 sit
1083 1227 1363 1270 humilitatis.

162 1306 555 1363 Reprehensiones
579 1307 704 1361 (quas
733 1306 928 1360 capellos
950 1304 1154 1359 dicimus)
1178 1304 1239 1347 ita
1261 1304 1387 1360 fiant,
1415 1310 1463 1345 vt
1485 1304 1607 1345 nulla
1630 1302 1701 1345 di-

75 1393 204 1428 catur
227 1383 409 1435 iniuria,
450 1384 528 1427 sed
566 1382 730 1425 diserte
768 1381 1018 1437 attingatur
1055 1382 1276 1432 defectus,
1302 1381 1359 1422 ob
1397 1395 1530 1436 quem
1554 1380 1604 1421 fit
1627 1395 1700 1423 re-

75 1460 330 1518 prehensio,
357 1467 402 1504 et
424 1459 721 1515 amplificetur
743 1473 823 1514 pro
845 1458 1003 1501 merito
1027 1458 1139 1510 eius,
1165 1457 1242 1512 qui
1271 1456 1628 1513 reprehenditur,
1655 1464 1700 1499 et

75 1538 199 1580 iuxta
223 1535 565 1580 instructionem
585 1535 846 1590 superioris,
868 1549 989 1577 nunc
1012 1535 1162 1590 lepore
1184 1534 1405 1585 adhibito,
1426 1548 1548 1576 nunc
1566 1548 1699 1576 seue—

76 1615 223 1666 ritate,
249 1628 369 1656 nunc
392 1614 633 1657 verborum
659 1611 916 1654 acrimonia.
941 1611 1083 1655 Simul
1100 1611 1234 1655 etiam
1252 1618 1440 1667 possunt
1463 1619 1507 1654 et
1529 1611 1698 1652 debent

76 1690 264 1733 indicari
287 1689 360 1733 alii
381 1690 584 1732 defectus
606 1689 763 1732 eodem
802 1688 949 1740 modo,
977 1702 1065 1743 quo
1103 1688 1272 1730 dictum
1296 1695 1379 1739 est,
1405 1688 1539 1730 modo
1562 1702 1619 1729 ne
1642 1701 1699 1728 ex

76 1766 520 1823 praesumptionibus
544 1763 721 1821 agatur,
747 1765 818 1807 vel
846 1764 1029 1807 incertis
1051 1764 1243 1818 indiciis,
1268 1779 1385 1808 neue
1415 1764 1701 1820 attingantur

77 1859 147 1887 res
175 1851 389 1887 secretae.
423 1847 507 1888 476
538 1844 732 1884 Possunt
771 1841 905 1885 etiam
944 1841 1088 1883 notari
1127 1841 1353 1883 naturales
1385 1840 1701 1883 inclinationes

20 1971 22 1973 q
78 1920 448 1973 vniuscuiusque,
480 1926 525 1962 et
548 1933 618 1962 res
647 1933 803 1961 omnes
831 1918 1089 1969 exteriores,
1116 1933 1231 1972 quae
1260 1925 1416 1961 notatu
1450 1917 1614 1973 dignae
1638 1916 1704 1957 vi-

78 1999 256 2040 dentur.

520 2111 582 2140 DE
617 2110 966 2139 PROCURATORE
999 2109 1255 2138 SANITATIS

170 2207 495 2247 Procuratores
518 2202 721 2246 sanitatis
744 2201 1079 2244 constituantur
1101 2202 1143 2243 in
1169 2201 1377 2244 omnibus
1400 2201 1617 2256 collegiis.

169 2281 237 2325 Sit
261 2287 521 2336 procurator
544 2278 748 2321 sanitatis
770 2277 946 2333 aliquis,
972 2277 1048 2332 qui
1077 2278 1326 2321 medicinae
1353 2292 1533 2333 operam
1565 2278 1705 2320 dede—

83 2358 154 2410 rit,
182 2358 252 2400 vel
275 2357 351 2412 qui
375 2356 508 2400 fuerit
530 2354 891 2411 pharmacopola,
917 2354 954 2395 si
977 2354 1051 2408 qui
1072 2354 1326 2396 huiusmodi
1344 2354 1447 2396 sint.
1475 2354 1536 2396 Hi
1559 2353 1596 2395 si
1615 2367 1705 2394 non

83 2435 186 2488 sint,
212 2434 480 2490 designetur
518 2433 675 2474 saltem
710 2430 885 2486 aliquis,
912 2431 988 2485 qui
1027 2431 1146 2473 bono
1178 2432 1344 2486 polleat
1366 2430 1545 2481 iudicio,
1572 2437 1616 2471 et
1649 2430 1707 2470 ad

84 2512 171 2554 tale
195 2525 362 2553 munus
384 2517 515 2565 aptus
538 2509 610 2551 sit.

668 2628 730 2657 DE
762 2627 1124 2656 DISPENSATORE

171 2722 466 2777 Dispensator
495 2720 686 2775 primum
725 2718 887 2770 omnia,
928 2733 1044 2773 quae
1066 2719 1151 2761 sibi
1190 2718 1352 2760 fuerint
1390 2717 1618 2772 assignata
1649 2717 1704 2757 ad

87 2832 125 2867 in
143 2845 198 2877 re,
219 2834 317 2868 ultra
335 2832 518 2877 triduum,
538 2831 602 2877 qui
622 2830 706 2865 aliis
725 2835 879 2876 praeest
897 2841 974 2864 non
993 2829 1145 2864 facilem
1165 2841 1206 2863 se
1231 2828 1424 2870 exhibeat,
1447 2838 1517 2861 nec
1543 2826 1626 2860 sine
1653 2826 1705 2860 fa-

86 2893 230 2926 cultate
248 2890 463 2937 Praepositi
481 2890 697 2934 Generalis,
721 2879 783 2923 vel
802 2893 907 2923 certe
926 2887 1194 2931 Provincialis,
1211 2886 1248 2921 id
1267 2886 1452 2922 faciet...»
1472 2886 1600 2918 Instit.
1621 2885 1709 2919 Soc.

79 2950 175 2996 Jesn
193 2950 305 2993 (edit.
329 2949 424 2993 cit.),
446 2949 495 2987 ΙΙ,
514 2948 571 2992 34.

157 3010 168 3029 ¹
219 3010 355 3043 Exstat
374 3008 413 3042 in
436 3007 528 3045 Cod.
558 3007 682 3042 Vatic.
703 3005 739 3047 6,
759 3005 828 3041 fol.
856 3014 933 3049 125.
956 3005 1054 3039 Vide
1070 3015 1196 3050 supra,
1218 3015 1331 3049 pagg.
1352 3002 1476 3047 46-47.
