<?xml version="1.0" encoding="UTF-8"?>
<!DOCTYPE html PUBLIC "-//W3C//DTD XHTML 1.0 Transitional//EN"
    "http://www.w3.org/TR/xhtml1/DTD/xhtml1-transitional.dtd">
<html xmlns="http://www.w3.org/1999/xhtml" xml:lang="en" lang="en">
 <head>
  <title>
</title>
<meta http-equiv="Content-Type" content="text/html;charset=utf-8" />
  <meta name='ocr-system' content='tesseract 3.04.00' />
  <meta name='ocr-capabilities' content='ocr_page ocr_carea ocr_par ocr_line ocrx_word'/>
</head>
<body>
  <div class='ocr_page' id='page_1' title='image "./epistolaephieron11nada_0409.png"; bbox 0 0 2028 3426; ppageno 0'>
   <div class='ocr_carea' id='block_1_1' title="bbox 655 255 1636 299">
    <p class='ocr_par' dir='ltr' id='par_1_1' title="bbox 655 255 1636 299">
     <span class='ocr_line' id='line_1_1' title="bbox 655 255 1636 299; baseline -0.007 0"><span class='ocrx_word' id='word_1_1' title='bbox 655 260 1086 299; x_wconf 76' lang='lat' dir='ltr'>INSTRUCTIONES——61</span> <span class='ocrx_word' id='word_1_2' title='bbox 1567 255 1636 292; x_wconf 88' lang='lat'><strong>383</strong></span> 
     </span>
    </p>
   </div>
   <div class='ocr_carea' id='block_1_2' title="bbox 14 359 1700 3103">
    <p class='ocr_par' dir='ltr' id='par_1_2' title="bbox 14 359 1683 565">
     <span class='ocr_line' id='line_1_2' title="bbox 14 359 1681 423; baseline -0.006 -12"><span class='ocrx_word' id='word_1_3' title='bbox 14 375 18 380; x_wconf 88' lang='lat'>&#39;</span> <span class='ocrx_word' id='word_1_4' title='bbox 54 367 250 423; x_wconf 89' lang='lat' dir='ltr'><strong>reliquas</strong></span> <span class='ocrx_word' id='word_1_5' title='bbox 278 366 398 422; x_wconf 91' lang='lat' dir='ltr'><strong>apud</strong></span> <span class='ocrx_word' id='word_1_6' title='bbox 425 380 473 408; x_wconf 88' lang='lat' dir='ltr'><strong>se</strong></span> <span class='ocrx_word' id='word_1_7' title='bbox 501 364 707 418; x_wconf 88' lang='lat' dir='ltr'><strong>retineat;</strong></span> <span class='ocrx_word' id='word_1_8' title='bbox 738 363 1059 407; x_wconf 82' lang='lat' dir='ltr'>instructiones</span> <span class='ocrx_word' id='word_1_9' title='bbox 1087 376 1210 413; x_wconf 88' lang='lat' dir='ltr'><strong>vero,</strong></span> <span class='ocrx_word' id='word_1_10' title='bbox 1245 360 1282 403; x_wconf 87' lang='lat' dir='ltr'><strong>si</strong></span> <span class='ocrx_word' id='word_1_11' title='bbox 1315 367 1448 403; x_wconf 90' lang='lat' dir='ltr'><strong>erunt</strong></span> <span class='ocrx_word' id='word_1_12' title='bbox 1481 359 1681 402; x_wconf 89' lang='lat' dir='ltr'><strong>conscri-</strong></span> 
     </span>
     <span class='ocr_line' id='line_1_3' title="bbox 57 434 1683 498; baseline -0.007 -11"><span class='ocrx_word' id='word_1_13' title='bbox 57 445 247 498; x_wconf 89' lang='lat' dir='ltr'><strong>bendae,</strong></span> <span class='ocrx_word' id='word_1_14' title='bbox 272 450 400 486; x_wconf 92' lang='lat' dir='ltr'><strong>curet</strong></span> <span class='ocrx_word' id='word_1_15' title='bbox 421 449 470 485; x_wconf 85' lang='lat' dir='ltr'><strong>vt</strong></span> <span class='ocrx_word' id='word_1_16' title='bbox 492 456 571 498; x_wconf 90' lang='lat' dir='ltr'><strong>per</strong></span> <span class='ocrx_word' id='word_1_17' title='bbox 592 455 712 492; x_wconf 88' lang='lat' dir='ltr'><strong>eum,</strong></span> <span class='ocrx_word' id='word_1_18' title='bbox 745 455 878 496; x_wconf 89' lang='lat' dir='ltr'><strong>quem</strong></span> <span class='ocrx_word' id='word_1_19' title='bbox 907 440 1070 483; x_wconf 90' lang='lat' dir='ltr'><strong>habeat</strong></span> <span class='ocrx_word' id='word_1_20' title='bbox 1097 436 1479 495; x_wconf 85' lang='lat' dir='ltr'><strong>probatissimum,</strong></span> <span class='ocrx_word' id='word_1_21' title='bbox 1512 434 1683 478; x_wconf 78' lang='lat' dir='ltr'><strong>exscri-</strong></span> 
     </span>
     <span class='ocr_line' id='line_1_4' title="bbox 57 523 242 565; baseline 0.005 -1"><span class='ocrx_word' id='word_1_22' title='bbox 57 523 242 565; x_wconf 80' lang='lat' dir='ltr'>bantur.</span> 
     </span>
    </p>

    <p class='ocr_par' dir='ltr' id='par_1_3' title="bbox 53 590 1685 959">
     <span class='ocr_line' id='line_1_5' title="bbox 142 590 1683 652; baseline -0.007 -11"><span class='ocrx_word' id='word_1_23' title='bbox 142 598 212 641; x_wconf 90' lang='lat' dir='ltr'><strong>Ne</strong></span> <span class='ocrx_word' id='word_1_24' title='bbox 233 611 341 652; x_wconf 92' lang='lat' dir='ltr'><strong>prae</strong></span> <span class='ocrx_word' id='word_1_25' title='bbox 363 611 411 639; x_wconf 88' lang='lat' dir='ltr'><strong>se</strong></span> <span class='ocrx_word' id='word_1_26' title='bbox 435 597 579 638; x_wconf 86' lang='lat' dir='ltr'><strong>ferant</strong></span> <span class='ocrx_word' id='word_1_27' title='bbox 600 593 870 650; x_wconf 79' lang='lat' dir='ltr'><strong>superiores,</strong></span> <span class='ocrx_word' id='word_1_28' title='bbox 895 593 932 636; x_wconf 90' lang='lat' dir='ltr'><strong>si</strong></span> <span class='ocrx_word' id='word_1_29' title='bbox 955 593 1099 635; x_wconf 90' lang='lat' dir='ltr'><strong>sciant</strong></span> <span class='ocrx_word' id='word_1_30' title='bbox 1120 591 1193 635; x_wconf 89' lang='lat' dir='ltr'><strong>vel</strong></span> <span class='ocrx_word' id='word_1_31' title='bbox 1215 590 1485 641; x_wconf 90' lang='lat' dir='ltr'><strong>coniectent,</strong></span> <span class='ocrx_word' id='word_1_32' title='bbox 1512 603 1560 631; x_wconf 89' lang='lat' dir='ltr'><strong>se</strong></span> <span class='ocrx_word' id='word_1_33' title='bbox 1584 602 1683 632; x_wconf 90' lang='lat' dir='ltr'><strong>esse</strong></span> 
     </span>
     <span class='ocr_line' id='line_1_6' title="bbox 56 664 1685 728; baseline -0.007 -11"><span class='ocrx_word' id='word_1_34' title='bbox 56 675 228 718; x_wconf 90' lang='lat' dir='ltr'><strong>delatos</strong></span> <span class='ocrx_word' id='word_1_35' title='bbox 249 674 306 716; x_wconf 91' lang='lat' dir='ltr'><strong>ad</strong></span> <span class='ocrx_word' id='word_1_36' title='bbox 327 671 649 728; x_wconf 89' lang='lat' dir='ltr'><strong>prouincialem</strong></span> <span class='ocrx_word' id='word_1_37' title='bbox 674 671 745 714; x_wconf 90' lang='lat' dir='ltr'><strong>vel</strong></span> <span class='ocrx_word' id='word_1_38' title='bbox 768 669 1123 713; x_wconf 77' lang='lat' dir='ltr'><strong>commissarium</strong></span> <span class='ocrx_word' id='word_1_39' title='bbox 1146 669 1218 710; x_wconf 83' lang='lat' dir='ltr'><strong>vel</strong></span> <span class='ocrx_word' id='word_1_40' title='bbox 1241 666 1515 723; x_wconf 78' lang='lat' dir='ltr'><strong>generalem,</strong></span> <span class='ocrx_word' id='word_1_41' title='bbox 1547 664 1685 708; x_wconf 84' lang='lat' dir='ltr'><strong>animi</strong></span> 
     </span>
     <span class='ocr_line' id='line_1_7' title="bbox 53 742 1684 805; baseline -0.007 -10"><span class='ocrx_word' id='word_1_42' title='bbox 53 766 102 795; x_wconf 89' lang='lat' dir='ltr'><strong>se</strong></span> <span class='ocrx_word' id='word_1_43' title='bbox 123 749 386 805; x_wconf 78' lang='lat' dir='ltr'><strong>concepisse</strong></span> <span class='ocrx_word' id='word_1_44' title='bbox 408 747 701 791; x_wconf 88' lang='lat' dir='ltr'><strong>offensionem</strong></span> <span class='ocrx_word' id='word_1_45' title='bbox 723 761 833 802; x_wconf 85' lang='lat' dir='ltr'><strong>erga</strong></span> <span class='ocrx_word' id='word_1_46' title='bbox 855 747 970 798; x_wconf 90' lang='lat' dir='ltr'><strong>illos,</strong></span> <span class='ocrx_word' id='word_1_47' title='bbox 995 745 1072 800; x_wconf 89' lang='lat' dir='ltr'><strong>qui</strong></span> <span class='ocrx_word' id='word_1_48' title='bbox 1094 745 1216 801; x_wconf 88' lang='lat' dir='ltr'><strong>ipsos</strong></span> <span class='ocrx_word' id='word_1_49' title='bbox 1232 742 1492 786; x_wconf 85' lang='lat' dir='ltr'><strong>detulerint:</strong></span> <span class='ocrx_word' id='word_1_50' title='bbox 1523 749 1684 784; x_wconf 88' lang='lat' dir='ltr'><strong>curent</strong></span> 
     </span>
     <span class='ocr_line' id='line_1_8' title="bbox 53 820 1684 882; baseline -0.007 -11"><span class='ocrx_word' id='word_1_51' title='bbox 53 827 189 872; x_wconf 87' lang='lat' dir='ltr'><strong>etiam</strong></span> <span class='ocrx_word' id='word_1_52' title='bbox 212 827 468 882; x_wconf 82' lang='lat' dir='ltr'><strong>diligenter,</strong></span> <span class='ocrx_word' id='word_1_53' title='bbox 499 840 556 867; x_wconf 92' lang='lat' dir='ltr'><strong>ne</strong></span> <span class='ocrx_word' id='word_1_54' title='bbox 584 824 703 867; x_wconf 86' lang='lat' dir='ltr'><strong>illam</strong></span> <span class='ocrx_word' id='word_1_55' title='bbox 731 823 1005 879; x_wconf 78' lang='lat' dir='ltr'><strong>concipiant,</strong></span> <span class='ocrx_word' id='word_1_56' title='bbox 1037 830 1082 864; x_wconf 88' lang='lat' dir='ltr'><strong>et</strong></span> <span class='ocrx_word' id='word_1_57' title='bbox 1109 821 1252 864; x_wconf 87' lang='lat' dir='ltr'><strong>sciant</strong></span> <span class='ocrx_word' id='word_1_58' title='bbox 1280 820 1325 862; x_wconf 95' lang='lat' dir='ltr'><strong>id</strong></span> <span class='ocrx_word' id='word_1_59' title='bbox 1354 834 1444 862; x_wconf 93' lang='lat' dir='ltr'><strong>non</strong></span> <span class='ocrx_word' id='word_1_60' title='bbox 1474 833 1573 863; x_wconf 90' lang='lat' dir='ltr'><strong>esse</strong></span> <span class='ocrx_word' id='word_1_61' title='bbox 1602 820 1684 860; x_wconf 81' lang='lat' dir='ltr'><strong>ho—</strong></span> 
     </span>
     <span class='ocr_line' id='line_1_9' title="bbox 57 900 1081 959; baseline -0.005 -13"><span class='ocrx_word' id='word_1_62' title='bbox 57 903 190 946; x_wconf 89' lang='lat' dir='ltr'><strong>minis</strong></span> <span class='ocrx_word' id='word_1_63' title='bbox 213 902 429 959; x_wconf 82' lang='lat' dir='ltr'><strong>religiosi,</strong></span> <span class='ocrx_word' id='word_1_64' title='bbox 456 903 536 946; x_wconf 90' lang='lat' dir='ltr'><strong>sed</strong></span> <span class='ocrx_word' id='word_1_65' title='bbox 558 916 744 957; x_wconf 89' lang='lat' dir='ltr'><strong>grauem</strong></span> <span class='ocrx_word' id='word_1_66' title='bbox 770 900 1081 944; x_wconf 89' lang='lat' dir='ltr'><strong>tentationem.</strong></span> 
     </span>
    </p>

    <p class='ocr_par' dir='ltr' id='par_1_4' title="bbox 57 971 1684 1102">
     <span class='ocr_line' id='line_1_10' title="bbox 144 971 1684 1034; baseline -0.006 -11"><span class='ocrx_word' id='word_1_67' title='bbox 144 980 280 1023; x_wconf 92' lang='lat' dir='ltr'><strong>Nullo</strong></span> <span class='ocrx_word' id='word_1_68' title='bbox 302 986 435 1034; x_wconf 90' lang='lat' dir='ltr'><strong>pacto</strong></span> <span class='ocrx_word' id='word_1_69' title='bbox 458 978 660 1034; x_wconf 88' lang='lat' dir='ltr'><strong>aperiant</strong></span> <span class='ocrx_word' id='word_1_70' title='bbox 684 976 956 1020; x_wconf 86' lang='lat' dir='ltr'><strong>tentationes</strong></span> <span class='ocrx_word' id='word_1_71' title='bbox 978 978 1165 1019; x_wconf 86' lang='lat' dir='ltr'><strong>fratrum</strong></span> <span class='ocrx_word' id='word_1_72' title='bbox 1190 973 1445 1031; x_wconf 87' lang='lat' dir='ltr'><strong>superiores</strong></span> <span class='ocrx_word' id='word_1_73' title='bbox 1467 971 1684 1023; x_wconf 83' lang='lat' dir='ltr'><strong>externis;</strong></span> 
     </span>
     <span class='ocr_line' id='line_1_11' title="bbox 57 1054 870 1102; baseline -0.005 -1"><span class='ocrx_word' id='word_1_74' title='bbox 57 1072 134 1102; x_wconf 85' lang='lat' dir='ltr'><strong>eas</strong></span> <span class='ocrx_word' id='word_1_75' title='bbox 156 1056 275 1100; x_wconf 91' lang='lat' dir='ltr'><strong>enim</strong></span> <span class='ocrx_word' id='word_1_76' title='bbox 299 1070 382 1099; x_wconf 93' lang='lat' dir='ltr'><strong>nec</strong></span> <span class='ocrx_word' id='word_1_77' title='bbox 405 1054 664 1098; x_wconf 88' lang='lat' dir='ltr'><strong>domesticis</strong></span> <span class='ocrx_word' id='word_1_78' title='bbox 686 1055 870 1097; x_wconf 85' lang='lat' dir='ltr'><strong>debent.</strong></span> 
     </span>
    </p>

    <p class='ocr_par' dir='ltr' id='par_1_5' title="bbox 59 1130 1688 1330">
     <span class='ocr_line' id='line_1_12' title="bbox 145 1130 1688 1186; baseline -0.007 -9"><span class='ocrx_word' id='word_1_79' title='bbox 145 1134 204 1177; x_wconf 89' lang='grc'><strong>45</strong></span> <span class='ocrx_word' id='word_1_80' title='bbox 228 1132 538 1175; x_wconf 88' lang='lat' dir='ltr'><strong>Prouinciales</strong></span> <span class='ocrx_word' id='word_1_81' title='bbox 561 1130 787 1186; x_wconf 89' lang='lat' dir='ltr'><strong>duplicem</strong></span> <span class='ocrx_word' id='word_1_82' title='bbox 811 1130 1010 1173; x_wconf 84' lang='lat' dir='ltr'><strong>animum</strong></span> <span class='ocrx_word' id='word_1_83' title='bbox 1034 1130 1223 1172; x_wconf 89' lang='lat' dir='ltr'><strong>induant</strong></span> <span class='ocrx_word' id='word_1_84' title='bbox 1245 1142 1297 1171; x_wconf 91' lang='lat' dir='ltr'><strong>ac</strong></span> <span class='ocrx_word' id='word_1_85' title='bbox 1320 1133 1549 1170; x_wconf 90' lang='lat' dir='ltr'><strong>tueantur:</strong></span> <span class='ocrx_word' id='word_1_86' title='bbox 1584 1140 1688 1181; x_wconf 89' lang='lat' dir='ltr'><strong>par-</strong></span> 
     </span>
     <span class='ocr_line' id='line_1_13' title="bbox 59 1201 1687 1264; baseline -0.004 -14"><span class='ocrx_word' id='word_1_87' title='bbox 59 1210 307 1262; x_wconf 85' lang='lat' dir='ltr'><strong>ticularem,</strong></span> <span class='ocrx_word' id='word_1_88' title='bbox 329 1223 418 1263; x_wconf 90' lang='lat' dir='ltr'><strong>quo</strong></span> <span class='ocrx_word' id='word_1_89' title='bbox 435 1207 609 1264; x_wconf 86' lang='lat' dir='ltr'><strong>prosint</strong></span> <span class='ocrx_word' id='word_1_90' title='bbox 631 1222 741 1250; x_wconf 91' lang='lat' dir='ltr'><strong>suae</strong></span> <span class='ocrx_word' id='word_1_91' title='bbox 763 1206 1037 1262; x_wconf 86' lang='lat' dir='ltr'><strong>prouinciae,</strong></span> <span class='ocrx_word' id='word_1_92' title='bbox 1063 1213 1108 1248; x_wconf 91' lang='lat' dir='ltr'><strong>et</strong></span> <span class='ocrx_word' id='word_1_93' title='bbox 1132 1205 1447 1255; x_wconf 85' lang='lat' dir='ltr'><strong>vniuersalem,</strong></span> <span class='ocrx_word' id='word_1_94' title='bbox 1473 1217 1563 1258; x_wconf 88' lang='lat' dir='ltr'><strong>quo</strong></span> <span class='ocrx_word' id='word_1_95' title='bbox 1587 1201 1687 1244; x_wconf 87' lang='lat' dir='ltr'><strong>vni-</strong></span> 
     </span>
     <span class='ocr_line' id='line_1_14' title="bbox 60 1285 1016 1330; baseline -0.008 0"><span class='ocrx_word' id='word_1_96' title='bbox 60 1301 219 1330; x_wconf 88' lang='lat' dir='ltr'><strong>uersae</strong></span> <span class='ocrx_word' id='word_1_97' title='bbox 242 1285 476 1330; x_wconf 88' lang='lat' dir='ltr'><strong>Societati.</strong></span> <span class='ocrx_word' id='word_1_98' title='bbox 1014 1292 1016 1294; x_wconf 83' lang='grc'><em>·</em></span> 
     </span>
    </p>

    <p class='ocr_par' dir='ltr' id='par_1_6' title="bbox 60 1356 1690 1494">
     <span class='ocr_line' id='line_1_15' title="bbox 145 1356 1689 1418; baseline -0.005 -13"><span class='ocrx_word' id='word_1_99' title='bbox 145 1364 195 1406; x_wconf 92' lang='lat' dir='ltr'><strong>In</strong></span> <span class='ocrx_word' id='word_1_100' title='bbox 217 1362 434 1418; x_wconf 82' lang='lat' dir='ltr'><strong>collegiis,</strong></span> <span class='ocrx_word' id='word_1_101' title='bbox 460 1361 536 1403; x_wconf 87' lang='lat' dir='ltr'><strong>vbi</strong></span> <span class='ocrx_word' id='word_1_102' title='bbox 553 1360 693 1403; x_wconf 88' lang='lat' dir='ltr'><strong>nostri</strong></span> <span class='ocrx_word' id='word_1_103' title='bbox 713 1375 804 1402; x_wconf 90' lang='lat' dir='ltr'><strong>non</strong></span> <span class='ocrx_word' id='word_1_104' title='bbox 822 1366 1014 1416; x_wconf 88' lang='lat' dir='ltr'><strong>possunt</strong></span> <span class='ocrx_word' id='word_1_105' title='bbox 1031 1358 1192 1402; x_wconf 89' lang='lat' dir='ltr'><strong>studiis</strong></span> <span class='ocrx_word' id='word_1_106' title='bbox 1210 1357 1497 1414; x_wconf 83' lang='lat' dir='ltr'><strong>grauioribus</strong></span> <span class='ocrx_word' id='word_1_107' title='bbox 1514 1356 1689 1398; x_wconf 90' lang='lat' dir='ltr'><strong>incum-</strong></span> 
     </span>
     <span class='ocr_line' id='line_1_16' title="bbox 60 1432 1690 1494; baseline -0.006 -10"><span class='ocrx_word' id='word_1_108' title='bbox 60 1442 182 1493; x_wconf 88' lang='lat' dir='ltr'><strong>bere,</strong></span> <span class='ocrx_word' id='word_1_109' title='bbox 213 1439 376 1482; x_wconf 86' lang='lat' dir='ltr'><strong>nutriri</strong></span> <span class='ocrx_word' id='word_1_110' title='bbox 403 1445 616 1494; x_wconf 90' lang='lat' dir='ltr'><strong>poterunt</strong></span> <span class='ocrx_word' id='word_1_111' title='bbox 645 1438 895 1490; x_wconf 88' lang='lat' dir='ltr'><strong>commode,</strong></span> <span class='ocrx_word' id='word_1_112' title='bbox 926 1437 1060 1479; x_wconf 89' lang='lat' dir='ltr'><strong>modo</strong></span> <span class='ocrx_word' id='word_1_113' title='bbox 1089 1435 1136 1477; x_wconf 90' lang='lat' dir='ltr'><strong>in</strong></span> <span class='ocrx_word' id='word_1_114' title='bbox 1169 1434 1404 1490; x_wconf 85' lang='lat' dir='ltr'><strong>disciplina</strong></span> <span class='ocrx_word' id='word_1_115' title='bbox 1442 1432 1690 1475; x_wconf 87' lang='lat' dir='ltr'><strong>nouitiatus</strong></span> 
     </span>
    </p>

    <p class='ocr_par' dir='ltr' id='par_1_7' title="bbox 15 1515 662 1572">
     <span class='ocr_line' id='line_1_17' title="bbox 15 1515 662 1572; baseline -0.006 -11"><span class='ocrx_word' id='word_1_116' title='bbox 15 1563 21 1570; x_wconf 26' lang='grc' dir='ltr'><em>λ</em></span> <span class='ocrx_word' id='word_1_117' title='bbox 57 1516 261 1561; x_wconf 78' lang='lat' dir='ltr'><strong>exerceri</strong></span> <span class='ocrx_word' id='word_1_118' title='bbox 283 1515 457 1572; x_wconf 89' lang='lat' dir='ltr'><strong>possint</strong></span> <span class='ocrx_word' id='word_1_119' title='bbox 480 1515 662 1558; x_wconf 85' lang='lat' dir='ltr'><strong>Vtiliter.</strong></span> 
     </span>
    </p>

    <p class='ocr_par' dir='ltr' id='par_1_8' title="bbox 59 1586 1692 1801">
     <span class='ocr_line' id='line_1_18' title="bbox 149 1586 1692 1649; baseline -0.004 -14"><span class='ocrx_word' id='word_1_120' title='bbox 149 1593 241 1649; x_wconf 80' lang='lat' dir='ltr'><strong>Qui</strong></span> <span class='ocrx_word' id='word_1_121' title='bbox 271 1593 318 1635; x_wconf 91' lang='lat' dir='ltr'><strong>in</strong></span> <span class='ocrx_word' id='word_1_122' title='bbox 351 1591 610 1635; x_wconf 88' lang='lat' dir='ltr'><strong>ministeriis</strong></span> <span class='ocrx_word' id='word_1_123' title='bbox 647 1590 904 1635; x_wconf 87' lang='lat' dir='ltr'><strong>domesticis</strong></span> <span class='ocrx_word' id='word_1_124' title='bbox 942 1596 1232 1641; x_wconf 84' lang='lat' dir='ltr'><strong>exercentur,</strong></span> <span class='ocrx_word' id='word_1_125' title='bbox 1274 1587 1435 1630; x_wconf 89' lang='lat' dir='ltr'><strong>nouitii</strong></span> <span class='ocrx_word' id='word_1_126' title='bbox 1472 1586 1692 1642; x_wconf 93' lang='lat' dir='ltr'><strong>proficere</strong></span> 
     </span>
     <span class='ocr_line' id='line_1_19' title="bbox 60 1662 1691 1727; baseline -0.007 -12"><span class='ocrx_word' id='word_1_127' title='bbox 60 1685 195 1727; x_wconf 85' lang='lat' dir='ltr'><strong>aegre</strong></span> <span class='ocrx_word' id='word_1_128' title='bbox 223 1676 451 1726; x_wconf 90' lang='lat' dir='ltr'><strong>poterunt,</strong></span> <span class='ocrx_word' id='word_1_129' title='bbox 482 1669 568 1711; x_wconf 90' lang='lat' dir='ltr'><strong>nisi</strong></span> <span class='ocrx_word' id='word_1_130' title='bbox 597 1683 650 1712; x_wconf 93' lang='lat' dir='ltr'><strong>eo</strong></span> <span class='ocrx_word' id='word_1_131' title='bbox 680 1667 770 1711; x_wconf 87' lang='lat' dir='ltr'><strong>sint</strong></span> <span class='ocrx_word' id='word_1_132' title='bbox 797 1681 1001 1718; x_wconf 91' lang='lat' dir='ltr'><strong>numero,</strong></span> <span class='ocrx_word' id='word_1_133' title='bbox 1033 1673 1080 1708; x_wconf 91' lang='lat' dir='ltr'><strong>vt</strong></span> <span class='ocrx_word' id='word_1_134' title='bbox 1110 1665 1283 1721; x_wconf 87' lang='lat' dir='ltr'><strong>possint</strong></span> <span class='ocrx_word' id='word_1_135' title='bbox 1312 1664 1447 1707; x_wconf 83' lang='lat' dir='ltr'><strong>simul</strong></span> <span class='ocrx_word' id='word_1_136' title='bbox 1470 1670 1514 1707; x_wconf 90' lang='lat' dir='ltr'><strong>et</strong></span> <span class='ocrx_word' id='word_1_137' title='bbox 1544 1662 1691 1705; x_wconf 89' lang='lat' dir='ltr'><strong>officia</strong></span> 
     </span>
     <span class='ocr_line' id='line_1_20' title="bbox 59 1744 1324 1801; baseline -0.004 -10"><span class='ocrx_word' id='word_1_138' title='bbox 59 1747 318 1795; x_wconf 77' lang='lat' dir='ltr'><strong>domestica,</strong></span> <span class='ocrx_word' id='word_1_139' title='bbox 329 1746 468 1799; x_wconf 88' lang='lat' dir='ltr'><strong>obire,</strong></span> <span class='ocrx_word' id='word_1_140' title='bbox 495 1753 539 1790; x_wconf 91' lang='lat' dir='ltr'><strong>et</strong></span> <span class='ocrx_word' id='word_1_141' title='bbox 561 1746 744 1801; x_wconf 85' lang='lat' dir='ltr'><strong>regulas</strong></span> <span class='ocrx_word' id='word_1_142' title='bbox 767 1744 1041 1787; x_wconf 91' lang='lat' dir='ltr'><strong>nouitiorum</strong></span> <span class='ocrx_word' id='word_1_143' title='bbox 1064 1744 1324 1787; x_wconf 89' lang='lat' dir='ltr'><strong>obseruare.</strong></span> 
     </span>
    </p>

    <p class='ocr_par' dir='ltr' id='par_1_9' title="bbox 54 1817 1692 2029">
     <span class='ocr_line' id='line_1_21' title="bbox 149 1817 1690 1877; baseline -0.006 -9"><span class='ocrx_word' id='word_1_144' title='bbox 149 1825 411 1868; x_wconf 89' lang='lat' dir='ltr'><strong>Obseruare</strong></span> <span class='ocrx_word' id='word_1_145' title='bbox 432 1822 614 1877; x_wconf 86' lang='lat' dir='ltr'><strong>quidem</strong></span> <span class='ocrx_word' id='word_1_146' title='bbox 636 1820 815 1877; x_wconf 91' lang='lat' dir='ltr'><strong>poterit,</strong></span> <span class='ocrx_word' id='word_1_147' title='bbox 842 1836 899 1864; x_wconf 91' lang='lat' dir='ltr'><strong>ne</strong></span> <span class='ocrx_word' id='word_1_148' title='bbox 922 1820 1062 1863; x_wconf 87' lang='lat' dir='ltr'><strong>nostri</strong></span> <span class='ocrx_word' id='word_1_149' title='bbox 1084 1819 1244 1862; x_wconf 87' lang='lat' dir='ltr'><strong>diebus</strong></span> <span class='ocrx_word' id='word_1_150' title='bbox 1267 1817 1503 1860; x_wconf 86' lang='lat' dir='ltr'><strong>dominicis</strong></span> <span class='ocrx_word' id='word_1_151' title='bbox 1524 1817 1596 1860; x_wconf 86' lang='lat' dir='ltr'><strong>vel</strong></span> <span class='ocrx_word' id='word_1_152' title='bbox 1625 1818 1690 1859; x_wconf 89' lang='lat' dir='ltr'><strong>fe-</strong></span> 
     </span>
     <span class='ocr_line' id='line_1_22' title="bbox 60 1893 1691 1957; baseline -0.006 -13"><span class='ocrx_word' id='word_1_153' title='bbox 60 1901 140 1945; x_wconf 90' lang='lat' dir='ltr'><strong>stis</strong></span> <span class='ocrx_word' id='word_1_154' title='bbox 161 1900 245 1944; x_wconf 85' lang='lat' dir='ltr'><strong>iter</strong></span> <span class='ocrx_word' id='word_1_155' title='bbox 266 1899 610 1957; x_wconf 86' lang='lat' dir='ltr'><strong>aggrediantur:</strong></span> <span class='ocrx_word' id='word_1_156' title='bbox 636 1913 727 1941; x_wconf 94' lang='lat' dir='ltr'><strong>non</strong></span> <span class='ocrx_word' id='word_1_157' title='bbox 750 1905 900 1940; x_wconf 89' lang='lat' dir='ltr'><strong>tamen</strong></span> <span class='ocrx_word' id='word_1_158' title='bbox 922 1904 991 1940; x_wconf 92' lang='lat' dir='ltr'><strong>est</strong></span> <span class='ocrx_word' id='word_1_159' title='bbox 1009 1896 1329 1940; x_wconf 87' lang='lat' dir='ltr'><strong>necessarium.</strong></span> <span class='ocrx_word' id='word_1_160' title='bbox 1352 1895 1489 1950; x_wconf 76' lang='lat' dir='ltr'><strong>Quod</strong></span> <span class='ocrx_word' id='word_1_161' title='bbox 1505 1893 1542 1937; x_wconf 89' lang='lat' dir='ltr'><strong>si</strong></span> <span class='ocrx_word' id='word_1_162' title='bbox 1561 1908 1691 1936; x_wconf 89' lang='lat' dir='ltr'><strong>scan-</strong></span> 
     </span>
     <span class='ocr_line' id='line_1_23' title="bbox 54 1970 1692 2029; baseline -0.005 -9"><span class='ocrx_word' id='word_1_163' title='bbox 54 1978 210 2020; x_wconf 82' lang='lat' dir='ltr'><strong>dalum</strong></span> <span class='ocrx_word' id='word_1_164' title='bbox 230 1977 477 2029; x_wconf 89' lang='lat' dir='ltr'><strong>timeretur,</strong></span> <span class='ocrx_word' id='word_1_165' title='bbox 497 1975 634 2018; x_wconf 90' lang='lat' dir='ltr'><strong>huius</strong></span> <span class='ocrx_word' id='word_1_166' title='bbox 652 1975 715 2017; x_wconf 91' lang='lat' dir='ltr'><strong>rei</strong></span> <span class='ocrx_word' id='word_1_167' title='bbox 733 1974 948 2026; x_wconf 89' lang='lat' dir='ltr'><strong>iudicium</strong></span> <span class='ocrx_word' id='word_1_168' title='bbox 972 1973 1028 2016; x_wconf 90' lang='lat' dir='ltr'><strong>sit</strong></span> <span class='ocrx_word' id='word_1_169' title='bbox 1046 1987 1184 2029; x_wconf 91' lang='lat' dir='ltr'><strong>penes</strong></span> <span class='ocrx_word' id='word_1_170' title='bbox 1202 1971 1524 2028; x_wconf 87' lang='lat' dir='ltr'><strong>prouincialem</strong></span> <span class='ocrx_word' id='word_1_171' title='bbox 1541 1970 1692 2013; x_wconf 92' lang='lat' dir='ltr'><strong>cuius-</strong></span> 
     </span>
    </p>

    <p class='ocr_par' dir='ltr' id='par_1_10' title="bbox 19 2041 1203 2109">
     <span class='ocr_line' id='line_1_24' title="bbox 19 2041 1203 2109; baseline -0.005 -12"><span class='ocrx_word' id='word_1_172' title='bbox 19 2041 22 2044; x_wconf 25' lang='lat'><em>*</em></span> <span class='ocrx_word' id='word_1_173' title='bbox 65 2053 131 2097; x_wconf 90' lang='lat' dir='ltr'><strong>uis</strong></span> <span class='ocrx_word' id='word_1_174' title='bbox 153 2053 428 2109; x_wconf 90' lang='lat' dir='ltr'><strong>prouinciae,</strong></span> <span class='ocrx_word' id='word_1_175' title='bbox 453 2052 586 2107; x_wconf 90' lang='lat' dir='ltr'><strong>idque</strong></span> <span class='ocrx_word' id='word_1_176' title='bbox 609 2052 859 2095; x_wconf 89' lang='lat' dir='ltr'><strong>rectoribus</strong></span> <span class='ocrx_word' id='word_1_177' title='bbox 882 2050 1203 2093; x_wconf 89' lang='lat' dir='ltr'><strong>committetur.</strong></span> 
     </span>
    </p>

    <p class='ocr_par' dir='ltr' id='par_1_11' title="bbox 55 2123 1700 3103">
     <span class='ocr_line' id='line_1_25' title="bbox 150 2123 1694 2185; baseline -0.006 -11"><span class='ocrx_word' id='word_1_178' title='bbox 150 2131 290 2174; x_wconf 86' lang='lat' dir='ltr'><strong>Curet</strong></span> <span class='ocrx_word' id='word_1_179' title='bbox 312 2129 617 2185; x_wconf 88' lang='lat' dir='ltr'><strong>prouincialis,</strong></span> <span class='ocrx_word' id='word_1_180' title='bbox 644 2135 691 2169; x_wconf 86' lang='lat' dir='ltr'><strong>vt</strong></span> <span class='ocrx_word' id='word_1_181' title='bbox 713 2127 1008 2170; x_wconf 87' lang='lat' dir='ltr'><strong>admittantur</strong></span> <span class='ocrx_word' id='word_1_182' title='bbox 1029 2141 1184 2169; x_wconf 88' lang='lat' dir='ltr'><strong>omnes</strong></span> <span class='ocrx_word' id='word_1_183' title='bbox 1207 2126 1264 2168; x_wconf 87' lang='lat' dir='ltr'><strong>ad</strong></span> <span class='ocrx_word' id='word_1_184' title='bbox 1292 2123 1583 2175; x_wconf 85' lang='lat' dir='ltr'><strong>Societatem,</strong></span> <span class='ocrx_word' id='word_1_185' title='bbox 1616 2123 1694 2178; x_wconf 90' lang='lat' dir='ltr'><strong>qui</strong></span> 
     </span>
     <span class='ocr_line' id='line_1_26' title="bbox 55 2203 1694 2264; baseline -0.005 -14"><span class='ocrx_word' id='word_1_186' title='bbox 55 2207 152 2264; x_wconf 86' lang='lat' dir='ltr'><strong>-apti</strong></span> <span class='ocrx_word' id='word_1_187' title='bbox 173 2207 462 2258; x_wconf 87' lang='lat' dir='ltr'><strong>videbuntur,</strong></span> <span class='ocrx_word' id='word_1_188' title='bbox 489 2205 662 2250; x_wconf 89' lang='lat' dir='ltr'><strong>etiamsi</strong></span> <span class='ocrx_word' id='word_1_189' title='bbox 684 2204 946 2260; x_wconf 86' lang='lat' dir='ltr'><strong>collegium,</strong></span> <span class='ocrx_word' id='word_1_190' title='bbox 973 2204 1028 2246; x_wconf 92' lang='lat' dir='ltr'><strong>ad</strong></span> <span class='ocrx_word' id='word_1_191' title='bbox 1051 2203 1174 2258; x_wconf 88' lang='lat' dir='ltr'><strong>quod</strong></span> <span class='ocrx_word' id='word_1_192' title='bbox 1192 2203 1250 2246; x_wconf 80' lang='lat' dir='ltr'><strong>4ss</strong></span> <span class='ocrx_word' id='word_1_193' title='bbox 1270 2203 1510 2254; x_wconf 90' lang='lat' dir='ltr'><strong>accedunt,</strong></span> <span class='ocrx_word' id='word_1_194' title='bbox 1532 2215 1694 2243; x_wconf 90' lang='lat' dir='ltr'><strong>nume-</strong></span> 
     </span>
     <span class='ocr_line' id='line_1_27' title="bbox 64 2277 1694 2336; baseline -0.005 -9"><span class='ocrx_word' id='word_1_195' title='bbox 64 2299 160 2327; x_wconf 91' lang='lat' dir='ltr'><strong>rum</strong></span> <span class='ocrx_word' id='word_1_196' title='bbox 182 2284 369 2326; x_wconf 89' lang='lat' dir='ltr'><strong>haberet</strong></span> <span class='ocrx_word' id='word_1_197' title='bbox 391 2297 523 2325; x_wconf 92' lang='lat' dir='ltr'><strong>suum</strong></span> <span class='ocrx_word' id='word_1_198' title='bbox 553 2283 741 2324; x_wconf 84' lang='lat' dir='ltr'><strong>fratrum</strong></span> <span class='ocrx_word' id='word_1_199' title='bbox 770 2281 1057 2336; x_wconf 88' lang='lat' dir='ltr'><strong>completum.</strong></span> <span class='ocrx_word' id='word_1_200' title='bbox 1091 2281 1207 2322; x_wconf 90' lang='lat' dir='ltr'><strong>Nam</strong></span> <span class='ocrx_word' id='word_1_201' title='bbox 1236 2286 1451 2333; x_wconf 86' lang='lat' dir='ltr'><strong>tanquam</strong></span> <span class='ocrx_word' id='word_1_202' title='bbox 1482 2277 1529 2320; x_wconf 91' lang='lat' dir='ltr'><strong>in</strong></span> <span class='ocrx_word' id='word_1_203' title='bbox 1557 2278 1694 2332; x_wconf 89' lang='lat' dir='ltr'><strong>depo-</strong></span> 
     </span>
     <span class='ocr_line' id='line_1_28' title="bbox 63 2355 1693 2415; baseline -0.005 -12"><span class='ocrx_word' id='word_1_204' title='bbox 63 2360 197 2403; x_wconf 88' lang='lat' dir='ltr'><strong>situm</strong></span> <span class='ocrx_word' id='word_1_205' title='bbox 219 2360 281 2402; x_wconf 89' lang='lat' dir='ltr'><strong>ibi</strong></span> <span class='ocrx_word' id='word_1_206' title='bbox 304 2366 518 2415; x_wconf 90' lang='lat' dir='ltr'><strong>poterunt</strong></span> <span class='ocrx_word' id='word_1_207' title='bbox 540 2357 800 2413; x_wconf 89' lang='lat' dir='ltr'><strong>aliquandiu</strong></span> <span class='ocrx_word' id='word_1_208' title='bbox 824 2357 977 2412; x_wconf 89' lang='lat' dir='ltr'><strong>recipi,</strong></span> <span class='ocrx_word' id='word_1_209' title='bbox 1002 2357 1146 2399; x_wconf 90' lang='lat' dir='ltr'><strong>donec</strong></span> <span class='ocrx_word' id='word_1_210' title='bbox 1169 2355 1458 2411; x_wconf 86' lang='lat' dir='ltr'><strong>prouincialis</strong></span> <span class='ocrx_word' id='word_1_211' title='bbox 1481 2355 1553 2398; x_wconf 89' lang='lat' dir='ltr'><strong>vel</strong></span> <span class='ocrx_word' id='word_1_212' title='bbox 1572 2368 1693 2396; x_wconf 89' lang='lat' dir='ltr'><strong>com-</strong></span> 
     </span>
     <span class='ocr_line' id='line_1_29' title="bbox 63 2432 1697 2490; baseline -0.005 -10"><span class='ocrx_word' id='word_1_213' title='bbox 63 2436 293 2480; x_wconf 87' lang='lat' dir='ltr'><strong>missarius</strong></span> <span class='ocrx_word' id='word_1_214' title='bbox 320 2435 583 2487; x_wconf 88' lang='lat' dir='ltr'><strong>constituat,</strong></span> <span class='ocrx_word' id='word_1_215' title='bbox 616 2449 706 2490; x_wconf 89' lang='lat' dir='ltr'><strong>quo</strong></span> <span class='ocrx_word' id='word_1_216' title='bbox 737 2442 870 2477; x_wconf 89' lang='lat' dir='ltr'><strong>erunt</strong></span> <span class='ocrx_word' id='word_1_217' title='bbox 903 2433 1125 2486; x_wconf 68' lang='lat' dir='ltr'><strong>mittendi3</strong></span> <span class='ocrx_word' id='word_1_218' title='bbox 1161 2433 1283 2487; x_wconf 87' lang='lat' dir='ltr'><strong>quod</strong></span> <span class='ocrx_word' id='word_1_219' title='bbox 1315 2432 1352 2474; x_wconf 90' lang='lat' dir='ltr'><strong>si</strong></span> <span class='ocrx_word' id='word_1_220' title='bbox 1384 2447 1475 2474; x_wconf 90' lang='lat' dir='ltr'><strong>non</strong></span> <span class='ocrx_word' id='word_1_221' title='bbox 1508 2432 1697 2474; x_wconf 86' lang='lat' dir='ltr'><strong>haberet</strong></span> 
     </span>
     <span class='ocr_line' id='line_1_30' title="bbox 57 2508 1690 2569; baseline -0.005 -13"><span class='ocrx_word' id='word_1_222' title='bbox 57 2513 305 2569; x_wconf 60' lang='lat' dir='ltr'><strong>&gt;collegium</strong></span> <span class='ocrx_word' id='word_1_223' title='bbox 327 2513 454 2565; x_wconf 91' lang='lat' dir='ltr'><strong>illud,</strong></span> <span class='ocrx_word' id='word_1_224' title='bbox 478 2513 597 2555; x_wconf 90' lang='lat' dir='ltr'><strong>vnde</strong></span> <span class='ocrx_word' id='word_1_225' title='bbox 619 2526 694 2554; x_wconf 89' lang='lat' dir='ltr'><strong>eas</strong></span> <span class='ocrx_word' id='word_1_226' title='bbox 716 2525 936 2567; x_wconf 86' lang='lat' dir='ltr'><strong>expensas</strong></span> <span class='ocrx_word' id='word_1_227' title='bbox 959 2509 1181 2553; x_wconf 87' lang='lat' dir='ltr'><strong>sustinere</strong></span> <span class='ocrx_word' id='word_1_228' title='bbox 1198 2516 1366 2565; x_wconf 90' lang='lat' dir='ltr'><strong>posset,</strong></span> <span class='ocrx_word' id='word_1_229' title='bbox 1388 2508 1581 2564; x_wconf 85' lang='lat' dir='ltr'><strong>collegia</strong></span> <span class='ocrx_word' id='word_1_230' title='bbox 1599 2508 1690 2558; x_wconf 88' lang='lat' dir='ltr'><strong>illa,</strong></span> 
     </span>
     <span class='ocr_line' id='line_1_31' title="bbox 66 2584 1694 2645; baseline -0.005 -13"><span class='ocrx_word' id='word_1_231' title='bbox 66 2604 154 2645; x_wconf 89' lang='lat' dir='ltr'><strong>quo</strong></span> <span class='ocrx_word' id='word_1_232' title='bbox 172 2589 423 2640; x_wconf 91' lang='lat' dir='ltr'><strong>mittentur,</strong></span> <span class='ocrx_word' id='word_1_233' title='bbox 443 2589 622 2631; x_wconf 91' lang='lat' dir='ltr'><strong>soluent</strong></span> <span class='ocrx_word' id='word_1_234' title='bbox 639 2602 858 2643; x_wconf 87' lang='lat' dir='ltr'><strong>expensas</strong></span> <span class='ocrx_word' id='word_1_235' title='bbox 875 2594 919 2631; x_wconf 92' lang='lat' dir='ltr'><strong>et</strong></span> <span class='ocrx_word' id='word_1_236' title='bbox 936 2587 1166 2629; x_wconf 87' lang='lat' dir='ltr'><strong>viaticum.</strong></span> <span class='ocrx_word' id='word_1_237' title='bbox 1188 2587 1237 2628; x_wconf 90' lang='lat' dir='ltr'><strong>Id</strong></span> <span class='ocrx_word' id='word_1_238' title='bbox 1254 2586 1291 2628; x_wconf 78' lang='lat' dir='ltr'><strong>si</strong></span> <span class='ocrx_word' id='word_1_239' title='bbox 1310 2600 1366 2628; x_wconf 91' lang='lat' dir='ltr'><strong>ne</strong></span> <span class='ocrx_word' id='word_1_240' title='bbox 1384 2587 1494 2627; x_wconf 83' lang='lat' dir='ltr'><strong>haec</strong></span> <span class='ocrx_word' id='word_1_241' title='bbox 1513 2584 1694 2639; x_wconf 84' lang='lat' dir='ltr'><strong>quidem</strong></span> 
     </span>
     <span class='ocr_line' id='line_1_32' title="bbox 60 2659 1693 2722; baseline -0.005 -14"><span class='ocrx_word' id='word_1_242' title='bbox 60 2666 255 2722; x_wconf 81' lang='lat' dir='ltr'><strong>collegia</strong></span> <span class='ocrx_word' id='word_1_243' title='bbox 277 2665 464 2721; x_wconf 88' lang='lat' dir='ltr'><strong>possint,</strong></span> <span class='ocrx_word' id='word_1_244' title='bbox 490 2665 670 2708; x_wconf 88' lang='lat' dir='ltr'><strong>aliunde</strong></span> <span class='ocrx_word' id='word_1_245' title='bbox 693 2671 843 2707; x_wconf 86' lang='lat' dir='ltr'><strong>tamen</strong></span> <span class='ocrx_word' id='word_1_246' title='bbox 865 2663 1040 2706; x_wconf 91' lang='lat' dir='ltr'><strong>curabit</strong></span> <span class='ocrx_word' id='word_1_247' title='bbox 1068 2662 1357 2719; x_wconf 89' lang='lat' dir='ltr'><strong>prouincialis</strong></span> <span class='ocrx_word' id='word_1_248' title='bbox 1385 2660 1588 2711; x_wconf 88' lang='lat' dir='ltr'><strong>dissolui,</strong></span> <span class='ocrx_word' id='word_1_249' title='bbox 1622 2659 1693 2702; x_wconf 85' lang='lat' dir='ltr'><strong>vel</strong></span> 
     </span>
     <span class='ocr_line' id='line_1_33' title="bbox 61 2739 1694 2798; baseline -0.005 -12"><span class='ocrx_word' id='word_1_250' title='bbox 61 2757 123 2786; x_wconf 32' lang='lat' dir='ltr'><strong>*ex</strong></span> <span class='ocrx_word' id='word_1_251' title='bbox 158 2742 471 2797; x_wconf 83' lang='lat' dir='ltr'><strong>eleemosynis3</strong></span> <span class='ocrx_word' id='word_1_252' title='bbox 512 2749 738 2797; x_wconf 87' lang='lat' dir='ltr'><strong>postremo</strong></span> <span class='ocrx_word' id='word_1_253' title='bbox 769 2740 846 2783; x_wconf 83' lang='lat' dir='ltr'><strong>vbi</strong></span> <span class='ocrx_word' id='word_1_254' title='bbox 878 2740 963 2783; x_wconf 89' lang='lat' dir='ltr'><strong>alia</strong></span> <span class='ocrx_word' id='word_1_255' title='bbox 996 2739 1140 2798; x_wconf 77' lang='lat' dir='ltr'><strong>[ratio]</strong></span> <span class='ocrx_word' id='word_1_256' title='bbox 1172 2739 1365 2781; x_wconf 86' lang='lat' dir='ltr'><strong>inueniri</strong></span> <span class='ocrx_word' id='word_1_257' title='bbox 1399 2753 1490 2779; x_wconf 91' lang='lat' dir='ltr'><strong>non</strong></span> <span class='ocrx_word' id='word_1_258' title='bbox 1523 2743 1694 2792; x_wconf 87' lang='lat' dir='ltr'><strong>posset,</strong></span> 
     </span>
     <span class='ocr_line' id='line_1_34' title="bbox 60 2814 1697 2874; baseline -0.003 -14"><span class='ocrx_word' id='word_1_259' title='bbox 60 2819 326 2862; x_wconf 77' lang='lat' dir='ltr'><strong>contribuat</strong></span> <span class='ocrx_word' id='word_1_260' title='bbox 359 2825 452 2861; x_wconf 91' lang='lat' dir='ltr'><strong>tota</strong></span> <span class='ocrx_word' id='word_1_261' title='bbox 485 2817 731 2874; x_wconf 90' lang='lat' dir='ltr'><strong>prouincia.</strong></span> <span class='ocrx_word' id='word_1_262' title='bbox 774 2818 876 2860; x_wconf 93' lang='lat' dir='ltr'><strong>Hoc</strong></span> <span class='ocrx_word' id='word_1_263' title='bbox 912 2816 1052 2872; x_wconf 90' lang='lat' dir='ltr'><strong>igitur</strong></span> <span class='ocrx_word' id='word_1_264' title='bbox 1090 2815 1330 2871; x_wconf 90' lang='lat' dir='ltr'><strong>diligenter</strong></span> <span class='ocrx_word' id='word_1_265' title='bbox 1368 2814 1697 2857; x_wconf 88' lang='lat' dir='ltr'><strong>animaduertat</strong></span> 
     </span>
     <span class='ocr_line' id='line_1_35' title="bbox 65 2890 1697 2950; baseline -0.004 -13"><span class='ocrx_word' id='word_1_266' title='bbox 65 2894 370 2950; x_wconf 76' lang='lat' dir='ltr'><strong>prouincialis,</strong></span> <span class='ocrx_word' id='word_1_267' title='bbox 395 2902 440 2938; x_wconf 89' lang='lat' dir='ltr'><strong>et</strong></span> <span class='ocrx_word' id='word_1_268' title='bbox 461 2902 588 2937; x_wconf 90' lang='lat' dir='ltr'><strong>curet</strong></span> <span class='ocrx_word' id='word_1_269' title='bbox 610 2910 668 2938; x_wconf 92' lang='lat' dir='ltr'><strong>ne</strong></span> <span class='ocrx_word' id='word_1_270' title='bbox 689 2901 888 2937; x_wconf 88' lang='lat' dir='ltr'><strong>rectores</strong></span> <span class='ocrx_word' id='word_1_271' title='bbox 916 2894 1027 2936; x_wconf 90' lang='lat' dir='ltr'><strong>fiant</strong></span> <span class='ocrx_word' id='word_1_272' title='bbox 1056 2892 1297 2948; x_wconf 83' lang='lat' dir='ltr'><strong>tepidiores</strong></span> <span class='ocrx_word' id='word_1_273' title='bbox 1326 2891 1381 2933; x_wconf 89' lang='lat' dir='ltr'><strong>ad</strong></span> <span class='ocrx_word' id='word_1_274' title='bbox 1414 2890 1697 2946; x_wconf 85' lang='lat' dir='ltr'><strong>recipiendos</strong></span> 
     </span>
     <span class='ocr_line' id='line_1_36' title="bbox 71 2965 1696 3024; baseline -0.004 -11"><span class='ocrx_word' id='word_1_275' title='bbox 71 2971 282 3014; x_wconf 87' lang='lat' dir='ltr'><strong>nouitios.</strong></span> <span class='ocrx_word' id='word_1_276' title='bbox 318 2973 445 3014; x_wconf 89' lang='lat' dir='ltr'><strong>Haec</strong></span> <span class='ocrx_word' id='word_1_277' title='bbox 476 2971 596 3014; x_wconf 89' lang='lat' dir='ltr'><strong>dicta</strong></span> <span class='ocrx_word' id='word_1_278' title='bbox 624 2977 750 3013; x_wconf 89' lang='lat' dir='ltr'><strong>erant</strong></span> <span class='ocrx_word' id='word_1_279' title='bbox 780 2977 1021 3024; x_wconf 86' lang='lat' dir='ltr'><strong>antequam</strong></span> <span class='ocrx_word' id='word_1_280' title='bbox 1050 2976 1200 3012; x_wconf 86' lang='lat' dir='ltr'><strong>essent</strong></span> <span class='ocrx_word' id='word_1_281' title='bbox 1230 2968 1390 3010; x_wconf 90' lang='lat' dir='ltr'><strong>domus</strong></span> <span class='ocrx_word' id='word_1_282' title='bbox 1420 2965 1696 3021; x_wconf 86' lang='lat' dir='ltr'><strong>probationis</strong></span> 
     </span>
     <span class='ocr_line' id='line_1_37' title="bbox 63 3042 1700 3103; baseline -0.003 -14"><span class='ocrx_word' id='word_1_283' title='bbox 63 3046 318 3092; x_wconf 85' lang='lat' dir='ltr'><strong>institutae.</strong></span> <span class='ocrx_word' id='word_1_284' title='bbox 337 3049 471 3090; x_wconf 89' lang='lat' dir='ltr'><strong>Nunc</strong></span> <span class='ocrx_word' id='word_1_285' title='bbox 488 3047 623 3103; x_wconf 88' lang='lat' dir='ltr'><strong>igitur</strong></span> <span class='ocrx_word' id='word_1_286' title='bbox 640 3048 776 3103; x_wconf 88' lang='lat' dir='ltr'><strong>longe</strong></span> <span class='ocrx_word' id='word_1_287' title='bbox 794 3046 877 3090; x_wconf 88' lang='lat' dir='ltr'><strong>erit</strong></span> <span class='ocrx_word' id='word_1_288' title='bbox 897 3045 1067 3089; x_wconf 88' lang='lat' dir='ltr'><strong>facilior</strong></span> <span class='ocrx_word' id='word_1_289' title='bbox 1084 3044 1158 3087; x_wconf 88' lang='lat' dir='ltr'><strong>illa</strong></span> <span class='ocrx_word' id='word_1_290' title='bbox 1180 3044 1308 3096; x_wconf 87' lang='lat' dir='ltr'><strong>ratio;</strong></span> <span class='ocrx_word' id='word_1_291' title='bbox 1336 3044 1456 3099; x_wconf 89' lang='lat' dir='ltr'><strong>quod</strong></span> <span class='ocrx_word' id='word_1_292' title='bbox 1478 3042 1516 3085; x_wconf 89' lang='lat' dir='ltr'><strong>si</strong></span> <span class='ocrx_word' id='word_1_293' title='bbox 1538 3043 1700 3085; x_wconf 87' lang='lat' dir='ltr'><strong>domus</strong></span> 
     </span>
    </p>
   </div>
  </div>
 </body>
</html>
