2028 3426
346 212 415 256 652
821 210 977 246 PArms
1003 209 1249 244 Hissaonviss
1275 208 1427 245 NADAL

297 311 628 364 consolatione,
655 319 699 353 et
723 310 851 365 quasi
874 309 1133 352 deriuatum
1157 318 1174 335 ³
1196 309 1242 352 in
1273 323 1355 352 nos
1384 308 1537 352 nescio
1560 308 1670 364 quid
1691 307 1812 352 illius
1834 324 1941 366 gra-

300 389 388 433 tiae
411 388 652 432 sensimus.
680 388 816 442 Quod
840 387 981 442 igitur
1002 386 1296 443 priuilegium
1322 385 1446 429 Patri
1475 386 1654 442 Ignatio
1680 387 1850 429 factum
1873 386 1942 429 in-

299 465 564 521 telligimus,
592 465 709 507 idem
734 464 815 505 toti
838 463 1055 507 Societati
1078 477 1346 506 concessum
1369 477 1470 507 esse
1492 463 1739 515 credimus,
1766 470 1812 508 et
1836 478 1942 519 gra-

300 542 407 585 tiam
448 542 664 585 orationis
704 541 823 583 illius
861 548 906 582 et
945 539 1344 596 contemplationis
1382 539 1428 582 in
1461 539 1692 584 Societate
1729 539 1944 583 omnibus

300 619 430 662 nobis
453 627 653 675 paratam
685 633 785 662 esse
822 617 1113 669 confidimus,
1146 631 1340 673 eamque
1373 631 1477 659 cum
1512 616 1755 660 uocatione
1789 624 1945 660 nostra

298 696 590 740 coniunctam
614 710 713 739 esse
737 695 1059 738 confitemur...

389 773 654 828 Superiores
684 782 835 814 autem
875 778 1014 826 atque
1051 769 1268 813 orationis
1295 771 1556 826 praefectus
1586 771 1706 813 hanc
1731 771 1944 815 modera-

300 849 466 892 tionem
497 849 761 900 adhibeant,
787 862 922 902 quam
951 847 1121 891 scimus
1153 850 1302 891 Prem.
1331 847 1558 905 ignatium
1582 847 1796 891 habuisse
1815 847 1946 891 fami—-

299 926 469 977 liarem,
496 934 539 968 et
562 925 757 967 instituti
780 924 1022 969 Societatis
1045 925 1240 968 dicimus
1263 925 1506 982 propriam,
1534 932 1584 967 ut
1605 924 1643 967 si
1667 939 1802 980 quem
1826 924 1944 967 iudi-

296 1011 402 1047 cent
425 1003 470 1045 in
494 1002 691 1045 Domino
710 1002 830 1045 bono
853 1001 1013 1058 spiritu
1038 1003 1083 1045 in
1108 1002 1312 1046 oratione
1335 1001 1566 1059 progredi,
1593 1001 1655 1044 illi
1679 1001 1790 1045 nihil
1813 1015 1945 1058 prae-

298 1080 515 1131 scribant,
542 1079 651 1121 nihil
682 1079 806 1122 illum
844 1079 1149 1136 interpellent,
1176 1079 1284 1135 quin
1324 1079 1476 1136 potius
1515 1079 1640 1122 illurn
1673 1079 1945 1123 confirment

298 1165 434 1212 atque
457 1156 673 1208 animent,
706 1164 754 1198 vt
792 1156 1111 1213 progrediatur
1150 1157 1195 1199 in
1224 1156 1422 1200 Domino
1455 1156 1658 1200 suauiter
1681 1155 1864 1211 quidem
1894 1170 1945 1198 ac

300 1233 490 1286 fortiter;
516 1234 585 1275 sin
609 1233 694 1276 erit
713 1233 891 1289 aliquis,
918 1234 995 1289 qui
1022 1235 1093 1278 uel
1116 1248 1204 1277 non
1231 1233 1454 1290 proficiat,
1480 1234 1553 1276 uel
1585 1248 1675 1276 non
1698 1234 1816 1276 bene
1838 1247 1946 1289 pro-

299 1310 550 1363 grediatur,
576 1312 646 1354 uel
670 1310 882 1354 illusione
905 1311 1057 1366 aliqua
1079 1312 1290 1365 ducatur,
1312 1312 1384 1356 uel
1403 1325 1573 1363 errore,
1594 1325 1698 1353 eum
1717 1311 1774 1354 ad
1792 1324 1946 1354 ueram

297 1388 514 1430 orationis
553 1387 673 1430 uiam
712 1402 763 1430 ac
802 1402 1096 1444 progressum
1134 1388 1367 1431 enitantur
1409 1388 1628 1432 reducere
1671 1387 1715 1429 in
1760 1386 1946 1430 Christo

300 1467 467 1521 Jesu.„

467 1544 618 1597 quoad
642 1543 740 1587 eius
772 1543 870 1587 fieri
904 1542 1062 1599 possit,
1089 1543 1241 1587 omnia
1265 1543 1578 1599 transigantur
1617 1541 1947 1598 perfectissime

298 1628 341 1662 et
365 1621 421 1662 ad
444 1620 580 1662 finem
605 1627 810 1662 nostrum
849 1619 1183 1676 appositissime
1218 1622 1246 1665 ¹.
1287 1621 1466 1662 Horum
1508 1633 1616 1663 uero
1647 1619 1870 1672 omnium,
1897 1625 1948 1661 ut

299 1697 436 1739 totius
469 1696 664 1739 instituti
688 1697 909 1740 rationem
932 1698 1150 1741 reddebat
1175 1700 1311 1741 Pater
1349 1696 1556 1753 Ignatius
1593 1695 1943 1740 illustrationem

299 1775 418 1816 illam
452 1774 663 1818 eximiam
704 1774 868 1819 mentis
905 1789 1030 1827 suae,
1057 1789 1192 1830 quam
1215 1774 1438 1830 singulari
1462 1774 1548 1818 Dei
1580 1773 1865 1829 benignitate
1895 1787 1947 1816 ac

297 1865 465 1907 magno
488 1852 671 1894 diuinae
694 1851 869 1908 gratiae
893 1851 1135 1908 priuilegio
1165 1851 1339 1907 accepit
1370 1852 1426 1894 ad
1457 1850 1584 1893 initia
1612 1865 1722 1894 suae
1752 1864 1946 1893 conuer-

299 1928 436 1970 sionis
461 1931 715 1980 Manresae,
741 1930 864 1984 quod
887 1929 1103 1985 oppidum
1133 1936 1202 1972 est
1225 1928 1270 1971 in
1298 1927 1629 1971 Tarraconensi
1659 1927 1676 1952 b
1706 1927 1945 1983 Hispania;

297 2020 353 2047 ex
377 2004 450 2047 illa
468 2006 586 2049 enim
611 2007 729 2057 luce,
751 2022 806 2050 ex
825 2005 900 2049 illo
918 2005 1155 2062 principio,
1177 2019 1233 2048 ex
1251 2005 1326 2048 illo
1344 2005 1527 2049 diuinae
1544 2003 1843 2060 benignitatis
1861 2003 1947 2060 pri-

300 2081 484 2137 uilegio,
511 2084 621 2125 haee
652 2084 745 2134 lux,
772 2083 919 2139 gratia
958 2085 1088 2136 haec,
1130 2098 1266 2138 quarn
1300 2083 1347 2125 in
1385 2082 1615 2127 Societate
1654 2081 1879 2126 sentimus
1901 2089 1948 2124 et

297 2159 627 2214 amplectimur,
654 2174 769 2214 quae
793 2174 877 2202 nos
900 2160 1122 2203 exhilarat
1146 2159 1188 2202 in
1214 2159 1375 2215 spiritu
1399 2159 1564 2202 mentis
1594 2165 1797 2210 nostrae,
1825 2172 1945 2213 quae

299 2250 380 2277 nos
402 2237 662 2278 consolatur
700 2245 837 2290 atque
874 2237 1060 2290 animat,
1102 2252 1158 2280 ex
1181 2236 1257 2278 illo
1296 2236 1481 2291 inquam
1520 2235 1760 2291 principio,
1786 2249 1844 2278 ex
1868 2234 1944 2277 illa

299 2312 400 2355 luce
423 2326 474 2354 ac
498 2313 644 2367 gratia
668 2328 693 2355 a
711 2313 1063 2357 clementissimo
1083 2315 1219 2356 Patre
1237 2312 1424 2356 coelesti
1442 2313 1488 2354 in
1508 2312 1770 2356 uniuersam
1790 2311 1943 2356 Socie-

298 2396 456 2443 tatem,
479 2404 728 2444 omnesque
751 2390 849 2432 eius
873 2398 1021 2446 partes
1039 2398 1175 2445 atque
1205 2390 1250 2432 in
1274 2389 1424 2432 omnia
1455 2387 1705 2432 ministeria
1736 2387 1946 2431 deriuata

294 2473 363 2508 est
386 2473 522 2520 atque
545 2466 729 2509 inducta
754 2468 785 2517 ἢ
812 2469 928 2509 hanc
952 2467 1145 2522 gratiam
1170 2466 1284 2510 ratio
1302 2480 1481 2522 semper
1500 2472 1623 2509 recta
1642 2464 1943 2520 consequitur

372 2643 387 2659 ἃ
438 2633 670 2667 deriuatam
691 2644 760 2667 ms.
815 2634 880 2658 -Β
915 2633 1203 2668 Terraconensi
1224 2643 1295 2667 ms.

371 2782 379 2800 ¹
434 2781 545 2816 Prius
565 2782 797 2828 loquebatur
816 2780 865 2816 de
886 2781 1142 2827 poenitentiis
1161 2787 1199 2816 et
1218 2779 1538 2816 afflictationibus
1564 2778 1612 2814 ad
1632 2789 1804 2814 normam
1824 2777 1946 2813 nostri

302 2840 472 2875 instituti
491 2840 751 2877 moderandis,

368 2904 380 2921 ²
436 2900 492 2933 Ex
531 2901 603 2934 hoc
634 2901 717 2935 loco
750 2906 790 2934 et
821 2899 908 2934 aliis
940 2899 1150 2943 similibus,
1178 2910 1199 2933 a
1232 2897 1362 2934 Natali
1388 2897 1502 2932 nobis
1528 2896 1698 2942 relictis,
1732 2897 1945 2931 revelatam

302 2958 421 2993 fuisse
453 2964 588 2993 sancto
621 2959 771 3004 Ignatio
804 2958 929 2994 ideam
965 2957 1173 2993 Societatis
1205 2951 1437 2992 et'formarn
1458 2956 1580 2991 nostri
1608 2955 1780 2991 instituti
1807 2955 1948 3001 probat

305 3017 349 3050 P.
378 3013 583 3060 ASTRMN,
605 3018 807 3059 Historia,
830 3018 860 3062 1,
885 3025 965 3061 107.
