2028 3426
353 228 422 273 566
822 220 978 260 PAT'Rls
1005 224 1250 258 HffiRoNYnn
1276 221 1427 256 NADAL

307 345 396 373 non
420 328 667 372 dediscere.
695 329 939 370 Caeterum
962 339 1020 368 an
1043 324 1100 367 sit
1124 324 1352 366 interdum
1383 321 1524 365 maior
1551 319 1789 375 diligentia
1811 319 1945 362 adhi-
1999 316 2003 377 ιζ

310 408 474 459 benda,
500 405 545 447 id
569 404 772 447 censebit
797 400 1102 458 prouincialis.
1968 397 2004 479 Ἣ

398 487 480 529 535
503 482 908 525 Animaduertatur
932 477 1202 533 grauissime
1225 486 1270 520 et
1294 484 1481 518 curetur
1509 489 1565 518 ne
1594 473 1846 516 studiorum
1876 473 1942 515 in-
1970 459 1979 471 ⁸
2000 503 2005 516 »

1975 473 1995 518 5

1975 511 1994 535 ff

311 559 454 602 tentio
479 558 676 602 remittat
700 556 919 597 virtutum
950 563 995 598 et
1025 553 1264 610 religiosae
1292 550 1651 595 conuersationis
1681 549 1945 605 simplicita--
1974 526 2006 623 Ὦ

312 646 418 680 tem:
446 644 558 687 tum,
586 642 632 676 vt
656 633 907 675 studiorum
933 631 1052 684 finis,
1077 645 1211 685 quem
1235 631 1373 672 habet
1403 628 1623 679 Societas,
1656 628 1714 670 sit
1746 627 1945 682 perfecte
1974 620 2007 695 5¹,

312 714 478 756 infixus
501 713 545 754 in
569 710 783 754 cordibus
805 717 1063 751 nostrorum
1087 707 1485 751 scholasticorum.
1975 679 2007 751 ,ἐξ

403 789 494 845 Qui
518 795 622 831 sunt
647 785 818 843 ingenii
842 785 1123 837 excellentis,
1150 784 1185 827 si
1206 784 1296 827 sint
1313 785 1461 827 bonae
1477 782 1658 833 mentis,
1679 781 1716 824 si
1734 780 1946 834 humiles,
1985 767 1996 835 s.

315 868 351 910 si
374 866 544 917 deuoti,
571 865 624 907 iis
646 866 811 906 dentur
829 870 988 905 exacta
1006 862 1171 912 studia,
1193 869 1240 903 vt
1259 861 1534 905 excellentes
1552 860 1750 903 euadant
1766 858 1811 900 in
1830 856 1950 899 omni
1982 840 2007 882 3'

316 945 547 987 literarum
572 940 842 993 eruditione3
870 939 966 981 aliis
991 940 1222 982 moderata
1243 939 1393 980 danda
1415 944 1541 979 sunt.

407 1019 640 1064 Sustinere
663 1025 852 1074 possunt
876 1016 1017 1059 nostri
1041 1024 1170 1059 actus
1193 1030 1300 1059 suos
1329 1014 1536 1070 publicos
1564 1014 1608 1055 in
1644 1011 1954 1055 Vniuersitati-

320 1100 421 1149 bus,
448 1105 492 1140 et
515 1095 669 1139 selecti
694 1109 749 1137 ex
772 1094 880 1150 ipsis
903 1095 958 1136 ad
988 1094 1159 1149 gradus
1186 1091 1460 1148 promoueri,
1491 1091 1570 1133 sed
1599 1090 1696 1133 sine
1724 1089 1950 1145 expensis,

320 1176 476 1218 saltem
502 1187 614 1228 quas
638 1172 773 1214 faciat
797 1171 1057 1226 collegium.
1085 1171 1187 1212 Hoc
1211 1177 1362 1212 tamen
1379 1184 1437 1212 ne
1454 1168 1532 1209 fiat
1549 1167 1647 1210 sine
1665 1165 1959 1222 prouincialis

321 1251 612 1301 authoritate,
638 1250 675 1292 si
698 1264 796 1293 eam
820 1249 983 1291 habeat
1006 1263 1030 1290 a
1054 1246 1255 1304 generali
1280 1245 1553 1301 praeposito.

410 1330 673 1371 Doceantur
703 1325 846 1368 nostri
877 1325 1012 1368 etiam
1042 1324 1292 1366 doctrinam
1316 1322 1628 1372 christianam,
1656 1321 1774 1362 vnde
1808 1319 1956 1362 idonei

325 1406 520 1448 evadant
543 1405 600 1446 ad
622 1404 741 1446 illam
765 1403 944 1459 publice
962 1402 1228 1444 docendam.

412 1487 494 1529 536
519 1483 623 1524 Non
646 1480 966 1537 permittantur
989 1478 1130 1521 nostri
1154 1492 1256 1520 cum
1288 1475 1488 1521 externis
1516 1475 1639 1530 loqui
1671 1484 1870 1531 tempore
1893 1474 1958 1517 le-

325 1560 530 1603 ctionum
554 1566 598 1601 et
622 1556 1014 1608 exercitationum,
1048 1570 1165 1610 quae
1197 1555 1240 1596 in
1272 1554 1427 1597 schola
1457 1560 1535 1595 aut
1561 1553 1683 1594 domi
1715 1553 1846 1603 fiunt,
1883 1560 1961 1594 aut

325 1623 661 1681 exercitationis
685 1633 950 1690 corporalis.
979 1634 1135 1688 Itaque
1157 1631 1319 1674 ianitor
1342 1645 1396 1673 eo
1421 1637 1623 1685 tempore
1642 1636 1820 1672 nostros
1842 1629 1961 1685 apud

327 1722 538 1757 externos
561 1711 812 1757 excusabit.

416 1791 464 1835 Si
494 1790 595 1845 quis
623 1805 676 1832 ex
707 1788 906 1832 externis
935 1787 1086 1830 studio
1124 1787 1355 1830 literarum
1395 1801 1483 1828 non
1525 1784 1703 1841 proficit
1727 1784 1773 1826 in
1789 1782 1956 1826 scholis

328 1867 508 1920 nostris,
535 1866 865 1909 admoneantur
882 1872 1094 1920 parentes
1116 1863 1229 1915 eius3
1257 1862 1350 1917 qui,
1372 1861 1408 1904 si
1432 1861 1726 1904 nihilominus
1750 1873 1967 1915 perseue-

329 1958 430 1987 rare
453 1956 530 1986 eos
555 1942 710 1993 velint,
736 1956 794 1984 ne
817 1940 1131 1984 excludantur.

420 2018 694 2063 Scholastici
717 2017 860 2060 nostri
884 2024 989 2060 eant
1011 2031 1063 2059 ac
1085 2017 1271 2060 redeant
1295 2031 1319 2058 a
1357 2016 1525 2058 scholis
1547 2014 1696 2058 simul.
1734 2014 1971 2057 Obserue-

333 2104 406 2138 tur
428 2104 578 2140 autem
602 2098 689 2138 hoc
711 2096 755 2137 in
780 2096 946 2138 eundo:
974 2102 1022 2136 vt
1045 2101 1146 2149 post
1175 2094 1331 2136 datum
1362 2093 1544 2148 signum
1574 2105 1840 2147 campanae,
1865 2103 1969 2132 curn

334 2173 500 2216 tamdiu
526 2179 814 2228 expectatum
839 2171 990 2224 fuerit,
1013 2170 1228 2226 quamdiu
1247 2170 1356 2212 satis
1374 2170 1431 2212 sit
1453 2177 1503 2211 vt
1524 2184 1551 2212 a
1567 2167 1779 2211 cubiculo
1795 2166 1971 2223 longis—

333 2250 445 2292 sime
467 2249 664 2292 distante
687 2250 743 2291 ad
766 2250 947 2292 ianuam
973 2249 1199 2300 veniatur,
1227 2263 1283 2292 ne
1306 2247 1478 2290 diutius
1517 2252 1799 2300 expectetur,
1835 2257 1970 2298 quam

337 2342 428 2382 quo
453 2335 655 2382 tempore
678 2327 816 2370 semel
840 2326 1106 2369 recitaretur
1132 2325 1352 2368 «Credo».
1380 2325 1437 2366 Et
1462 2323 1539 2379 qui
1563 2330 1670 2364 tunc
1700 2322 1892 2364 aderunt
1915 2320 1972 2362 ad

337 2412 511 2460 portam
544 2403 794 2455 discedant,
821 2402 919 2445 aliis
948 2417 1036 2444 non
1068 2401 1334 2457 expectatis3
1364 2408 1408 2443 et
1431 2400 1484 2442 iis
1513 2401 1645 2442 detur
1678 2396 1968 2454 poenitentia.

426 2485 508 2526 537
541 2480 947 2523 Animaduertatur
985 2487 1049 2531 vt,
1086 2478 1163 2534 qui
1201 2479 1244 2520 in
1284 2477 1573 2521 inferioribus
1609 2475 1830 2518 classibus
1868 2481 1978 2517 sunt

339 2566 672 2615 praeceptores,
698 2556 866 2599 tamdiu
892 2556 1212 2599 contineantur
1234 2563 1250 2579 ³
1275 2569 1364 2598 vna
1386 2555 1545 2606 classe,
1571 2554 1716 2596 donec
1738 2552 1800 2594 ita
1822 2551 1977 2607 profe-

339 2636 499 2688 cerint,
523 2642 572 2676 vt
596 2633 767 2690 possint
789 2635 845 2675 ad
873 2632 1154 2688 superiorem
1181 2633 1371 2674 classem
1394 2629 1624 2686 progredi;
1651 2643 1723 2680 ne,
1750 2627 1786 2671 si
1804 2626 1979 2670 diutius

341 2713 385 2755 in
409 2713 566 2756 eadem
590 2712 735 2755 classe
757 2709 1092 2761 contineantur,
1118 2718 1163 2752 et
1185 2723 1343 2765 parum
1367 2713 1667 2763 promoueant
1684 2705 1730 2747 in
1747 2704 1904 2756 literis,
1931 2710 1976 2746 et

344 2789 494 2833 taedio
519 2788 834 2831 conficiantur.

432 2867 717 2910 Obseruetur
740 2864 814 2908 ille
831 2864 958 2915 ordo,
984 2877 1116 2918 quem
1143 2861 1430 2918 praescripsit
1455 2863 1590 2904 Pater
1612 2866 1765 2902 noster
1789 2871 1977 2914 genera-

416 3045 433 3061 ὃ
459 3033 755 3069 continuantur
774 3044 845 3068 ms.
