2028 3426
570 252 801 290 ORATlole
828 263 1269 299 OBSERVATIONES-—7o
1615 256 1684 301 713

194 355 287 398 Ora
309 344 456 398 Deum
479 361 541 406 vt,
568 354 744 409 aequali
767 355 864 398 eius
887 355 1092 407 seruitio,
1127 356 1206 398 tibi
1235 369 1371 411 opera
1398 370 1564 411 magna
1583 356 1623 399 ‘si
1647 357 1729 400 de-

103 430 234 483 derit,
266 431 322 473 ad
350 430 448 474 eius
476 429 709 473 seruitium
740 430 785 472 id
814 431 871 473 sit
900 446 1003 474 cum
1032 432 1285 475 humilitate
1314 432 1447 476 etiam
1477 440 1661 477 externa
1684 443 1729 475 et

101 507 351 550 abiectione
373 507 429 549 ad
453 506 664 549 maiorem
688 507 859 550 Christi
877 510 986 564 Jesu
1010 508 1320 552 imitationem:
1354 522 1548 564 magnus
1573 509 1617 551 in
1641 511 1726 552 hac

104 599 152 627 re
174 599 350 635 sensus,
376 583 642 636 consolatio,
669 591 756 625 etc.

190 661 360 704 Sensus
383 660 634 715 profundae
656 660 922 711 humilitatis
953 660 1090 703 totius
1113 661 1367 712 Societatis‚
1393 661 1436 702 in
1463 661 1592 703 suaui
1615 676 1728 716 qua-

100 737 202 779 dam
224 738 328 779 luce
365 751 418 780 ac
454 736 603 779 cordis
639 736 895 788 dulcedine,
937 744 981 778 et
1004 737 1281 793 simpliciter,
1322 744 1367 781 et
1397 738 1517 792 quod
1546 752 1593 780 se
1617 738 1726 779 nulli

102 813 306 870 religioni
328 815 566 869 praeferat3
593 814 673 855 sed
695 812 885 856 caeteris
908 813 1118 856 omnibus
1141 813 1275 856 etiam
1293 813 1458 856 sentiat
1475 828 1524 857 se
1546 813 1726 857 inferio-

102 905 209 943 rem,
235 891 549 946 nullum-opus
571 904 704 933 suum
728 889 917 932 aliorum
942 890 1155 945 operibus
1178 891 1419 946 praeferat,
1445 897 1573 934 etc.·.

187 972 269 1013 237
302 969 499 1022 Magnus
520 966 693 1022 gratiae
716 973 761 1009 et
782 965 924 1008 diuini
942 981 1191 1009 concursus
1208 967 1305 1009 siue
1328 966 1603 1021 operationis
1620 981 1725 1009 sen—

102 1059 179 1086 sus
201 1044 246 1086 in
270 1042 488 1099 principio
510 1043 630 1086 anni.

187 1119 522 1164 Animaduertit
545 1119 743 1175 quidam,
770 1119 846 1161 vbi
873 1126 1064 1162 conatur
1094 1120 1356 1173 admodum,
1391 1120 1483 1163 fere
1508 1120 1618 1162 nihil
1641 1121 1725 1162 sibi

99 1196 334 1252 provenire
354 1196 842 1251 rerumspiritualium,
869 1197 941 1238 vel
963 1210 1135 1249 earum,
1162 1211 1278 1251 quae
1306 1197 1361 1238 ad
1394 1195 1633 1240 Societatis
1656 1205 1725 1238 at—

99 1274 242 1316 tinent
264 1273 526 1324 ministeria‚
566 1280 674 1325 etC.;
714 1281 867 1329 postea
905 1288 1014 1317 vero
1051 1275 1313 1328 frequenter
1350 1274 1492 1315 multa
1514 1273 1575 1314 illi
1599 1288 1724 1315 mon-

95 1357 310 1401 strantur,
335 1364 452 1404 quae
474 1349 645 1392 nesciat
669 1351 786 1392 vnde
808 1350 893 1392 sibi
916 1349 1200 1404 proveniant,
1220 1350 1342 1392 haud
1363 1349 1500 1391 dubie
1516 1365 1539 1392 a
1563 1349 1722 1405 spiritu

96 1426 198 1480 Dei,
219 1433 267 1468 vt
287 1426 333 1468 in
355 1440 404 1469 se
426 1440 518 1468 non
540 1425 598 1468 sit
615 1427 864 1469 confidens.

184 1503 414 1546 Christum
444 1502 488 1544 in
517 1502 804 1554 eucharistia,
846 1503 891 1545 in
915 1503 1047 1546 oculo
1087 1502 1191 1544 fidei
1228 1510 1528 1558 praesentem.
1550 1503 1595 1544 in
1623 1518 1717 1545 corv

95 1581 167 1631 de,
193 1586 278 1622 etc.

182 1658 252 1698 Tu
275 1657 420 1699 malus
442 1671 490 1699 es
513 1664 557 1700 et
589 1664 815 1712 peccator3
844 1657 950 1700 time
983 1656 1122 1713 igitur
1159 1658 1324 1708 Deum3
1367 1656 1442 1710 qui
1466 1671 1555 1698 non
1574 1656 1715 1707 timet,

93 1733 328 1787 profitetur
364 1747 412 1776 se
449 1747 541 1775 non
578 1748 676 1776 esse
714 1741 1017 1789 peccatorem3
1059 1733 1165 1775 time
1201 1732 1339 1788 igitur
1379 1734 1542 1786 Deum,
1574 1740 1618 1775 et
1650 1740 1718 1775 ta·
1762 1751 1766 1754 ·

95 1824 195 1853 men
218 1824 333 1851 ama.
684 1800 688 1803 ⁴

183 1885 401 1941 Operatio
423 1899 526 1928 cum
549 1888 648 1930 Deo
671 1886 822 1930 corde.

182 1963 312 2016 Quae
339 1964 561 2005 hactenus
591 1962 714 2006 dedit
738 1962 979 2015 Dominus,
1013 1964 1258 2018 repetenda
1287 1977 1337 2004 ac
1368 1963 1642 2013 renouanda,
1670 1970 1717 2004 vt

94 2037 220 2092 quasi
258 2053 314 2081 ex
345 2038 523 2094 integro
561 2039 715 2081 maiori
754 2039 912 2094 spiritu
947 2039 992 2081 in
1030 2038 1285 2082 humilitate
1323 2038 1534 2094 progredi
1577 2038 1718 2094 possis

92 2113 136 2155 in
163 2116 282 2170 Xpo.

177 2195 263 2237 238
295 2191 440 2235 Simul
463 2192 612 2234 danda
633 2206 768 2247 opera
790 2207 844 2235 ex
868 2192 1046 2248 integro
1069 2198 1137 2234 est
1159 2191 1399 2244 exercitiis,
1432 2191 1715 2233 constitutio-

92 2267 241 2320 nibus,
267 2267 517 2324 priuilegiis
540 2268 817 2323 apostolicis,
839 2268 1024 2324 regulis,
1051 2268 1162 2311 actis
1187 2267 1335 2310 Patris
1363 2267 1525 2323 Ignatii
1557 2282 1607 2309 ac
1631 2268 1716 2310 So-

88 2343 280 2397 cietatis;
305 2345 519 2398 breuiter,
547 2345 628 2387 toti
645 2344 870 2397 instituto,
897 2359 949 2387 ac
976 2344 1236 2400 proprietati
1262 2343 1439 2399 gratiae.
1464 2351 1643 2386 nostrae
1667 2343 1710 2384 in

90 2422 206 2476 Xpo.
226 2423 354 2478 Jesu,
368 2429 424 2464 ·et
446 2421 578 2463 simul
602 2421 718 2464 serio
736 2421 1058 2477 coniungenda
1076 2420 1306 2464 meditatio
1324 2419 1430 2462 noui
1455 2418 1710 2461 testamenti

88 2496 132 2538 in
155 2497 324 2552 primis,
353 2506 446 2540 tum
474 2498 640 2542 veteris
663 2498 815 2551 etiam,
848 2498 893 2540 in
922 2497 1173 2540 humilitate
1204 2496 1386 2552 spiritus
1416 2510 1468 2538 ac
1498 2495 1715 2549 simplici-

91 2580 195 2617 tate.

177 2649 316 2692 Aliud
332 2657 399 2694 est
416 2651 682 2707 principium
702 2650 1003 2694 communiter
1026 2650 1332 2699 statuendum,
1355 2663 1443 2690 non
1467 2663 1521 2690 ex
1546 2647 1587 2689 vi
1612 2661 1713 2689 cor.-

87 2725 171 2777 dis,
196 2726 276 2768 sed
297 2741 353 2769 ex
375 2727 601 2771 suauitate
623 2735 668 2770 et
692 2727 1038 2771 mansuetudine
1061 2725 1260 2781 spiritus

176 2802 321 2845 Etiam
343 2803 381 2845 si
403 2803 678 2859 contigerint
694 2818 862 2859 magna
879 2804 997 2845 dona
1015 2802 1214 2858 spiritus,
1236 2815 1401 2856 magna
1423 2799 1556 2842 etiam
1575 2814 1712 2854 opera

88 2886 132 2921 et
154 2879 501 2933 consolationes,
526 2894 702 2936 semper
726 2888 769 2924 te
786 2879 1012 2923 constitue
1030 2879 1076 2920 in
1094 2893 1147 2922 eo
1165 2879 1279 2929 loco,
1301 2877 1376 2918 vbi
1396 2883 1439 2919 te
1458 2877 1712 2931 apprehen-

90 2956 254 2998 derunt
276 2955 366 3006 illa,
391 2957 476 2998 hoc
499 2963 584 3010 est,
609 2956 656 2998 in
679 2956 841 2999 misero
864 2970 916 2998 ac
939 2956 1129 3011 perdito,
1155 2962 1243 2996 etc.

178 3030 375 3086 Quidam
399 3038 568 3075 attente
597 3033 753 3074 orabat
777 3032 987 3086 angelum
1018 3022 1148 3073 suurn
1179 3029 1427 3071 custodem:
1463 3028 1600 3071 sensit
1624 3028 1713 3083 pri-
