2028 3426
502 247 775 282 MONUMENTA
801 254 1055 282 PROVINCIAE
1083 246 1395 292 AUSTRJAE-49
1642 248 1706 284 301

133 347 324 404 gallice‚·
340 347 479 391 latine
502 347 804 390 mediocriter.
831 347 997 392 Scribit
1020 348 1150 391 male.
1172 347 1360 403 Ingenio
1380 355 1423 391 et
1447 350 1660 392 memoria
1678 365 1757 406 pa-

133 439 232 467 rum
258 425 398 467 ualet.
422 425 654 467 Robustus
672 432 740 468 est
758 439 946 480 corpore
967 431 1012 467 et
1030 424 1225 480 diligens
1247 424 1291 466 in
1315 425 1408 466 suis
1432 426 1582 477 rebus,
1604 427 1638 468 si
1662 427 1759 469 ani-

134 515 256 543 mum
277 500 443 543 adiicit.

221 578 289 622 18.
356 577 700 621 Bartholomeus
738 578 1029 621 Bastonensis
1052 578 1231 620 uidetur
1261 578 1407 634 magis
1444 579 1689 634 profecisse
1712 579 1757 621 in

127 653 468 696 humanioribus
507 668 640 708 quam
679 654 724 696 in
762 655 963 709 phisicis,
1004 669 1087 699 nec
1129 654 1305 696 uidetur
1342 656 1510 697 habere
1547 670 1757 710 magnam

129 730 428 785 aptitudinem
452 731 508 772 ad
535 730 710 782 altiora,
742 732 863 785 quod
891 732 1054 774 habeat
1083 739 1289 773 naturam
1319 731 1565 773 remissam.
1602 734 1761 775 Potest

128 806 330 862 profiteri
354 806 679 849 humanitatem
700 798 745 850 et
766 807 954 862 poesim.
974 808 1194 862 Loquitur
1210 808 1347 850 latine
1365 817 1409 851 et
1431 808 1607 863 gallice.
1634 808 1756 851 Scri-

127 883 191 925 bit
214 891 463 937 utcunque.
491 883 679 939 Ingenio
702 891 747 925 et
770 887 985 926 memoria
1007 885 1128 927 ualet
1151 892 1398 938 utcunque.
1431 885 1663 927 Robustus
1687 891 1756 928 est

127 974 314 1015 corpore
337 974 389 1001 ac
413 959 608 1015 diligens
630 959 676 1001 in
694 959 787 1002 suis
806 961 954 1002 rebus.

159 1065 161 1067 -
221 1049 287 1092 19.
355 1036 611 1092 Gregorius
633 1037 774 1079 Heldt
797 1036 985 1092 profecit
1007 1036 1176 1091 aliquid
1204 1037 1249 1079 in
1273 1036 1476 1092 phisicis,
1503 1037 1548 1079 in
1574 1037 1756 1092 reliquis

127 1113 292 1155 minus.
323 1112 486 1168 Aptior
508 1119 577 1156 est
609 1114 665 1155 ad
688 1113 934 1156 ministeria
957 1129 1091 1168 quam
1121 1115 1177 1156 ad
1206 1113 1372 1156 studia.
1407 1116 1565 1158 Potest
1593 1128 1755 1169 regere

127 1190 316 1233 classem
342 1192 674 1245 grammatices.
700 1190 920 1246 Loquitur
943 1190 1076 1233 latine
1099 1200 1143 1232 et
1166 1190 1442 1246 germanice.
1469 1190 1635 1234 Scribit
1658 1205 1754 1234 me-

127 1266 355 1310 diocriter.
381 1266 569 1322 Ingenio
593 1281 644 1308 ac
674 1266 887 1309 memoria
925 1281 1016 1309 non
1040 1282 1079 1308 m
1090 1268 1231 1309 ultum
1254 1268 1388 1310 ualet.
1428 1268 1661 1309 Robustus
1685 1275 1753 1311 est

127 1357 313 1397 corpore
337 1357 388 1385 ac
412 1342 608 1398 diligens
630 1343 675 1385 in
698 1343 924 1395 omnibus,
950 1344 986 1385 si
1011 1344 1124 1385 uult.

215 1431 285 1462 20.
353 1419 833 1469 MichaelCardaneus
856 1435 1012 1475 parum
1044 1421 1282 1463 admodum
1314 1420 1508 1476 profecit
1537 1420 1583 1461 in
1607 1420 1753 1462 omni-

126 1497 213 1538 bus
236 1495 412 1546 studiis,
439 1503 483 1538 et
505 1497 562 1538 ad
585 1511 636 1539 ea
659 1511 817 1551 parum
841 1504 909 1540 est
932 1504 1080 1552 aptus,
1107 1504 1201 1538 tum
1220 1497 1507 1551 acquirenda,
1534 1504 1629 1538 tum
1648 1511 1751 1552 pro-

123 1573 308 1615 fitenda.
336 1573 556 1626 Loquitur
578 1573 714 1615 latine
737 1580 781 1616 et
804 1573 1076 1628 germanice.
1105 1573 1271 1617 Scribit
1290 1573 1590 1617 mediocriter.
1616 1575 1751 1629 Inge-

125 1649 201 1692 nio
225 1657 270 1693 et
294 1650 507 1692 memoria
529 1664 620 1691 non
643 1651 834 1691 multum
858 1651 994 1694 ualet.
1021 1651 1250 1693 Robustus
1274 1658 1342 1694 est
1364 1664 1567 1705 corpore,
1596 1651 1755 1692 tardus

128 1725 174 1768 in
198 1725 291 1768 suis
314 1727 450 1768 rebus
465 1741 520 1769 ex
539 1734 714 1769 natura.

214 1815 285 1845 21.
353 1802 583 1858 Georgius
605 1802 887 1846 Decimarius
909 1803 1056 1845 minus
1081 1803 1270 1858 profecit
1293 1803 1337 1844 in
1362 1804 1585 1855 omnibus,
1615 1817 1747 1858 quam

129 1881 411 1934 sperabatur,
437 1880 538 1934 plus
562 1887 710 1923 tamen
734 1895 1004 1935 progressus
1027 1888 1094 1924 est
1112 1881 1156 1921 in
1175 1880 1374 1935 phisicis.
1402 1881 1476 1922 Ad
1496 1879 1751 1935 theologica

130 1956 310 1999 uidetur
333 1965 482 2012 aptus,
509 1958 587 1998 sed
609 1971 699 1998 non
718 1964 786 1999 est
808 1957 995 1999 stabilis:
1028 1964 1178 2012 potest
1206 1958 1359 2012 legere
1388 1956 1745 2012 grammaticam.

126 2039 348 2093 Loquitur
371 2039 507 2082 latine
525 2047 569 2081 et
589 2039 865 2095 germanice.
898 2040 1061 2083 Scribit
1092 2047 1338 2094 utcunque.
1372 2039 1559 2095 Ingenio
1588 2048 1632 2082 et
1654 2055 1749 2083 me-

126 2115 265 2158 moria
294 2116 416 2159 ualet
447 2115 748 2160 mediocriter.
781 2118 1012 2159 Robustus
1040 2124 1108 2159 est
1136 2131 1336 2172 corpore.
1370 2117 1578 2172 Diligens
1607 2124 1675 2159 est
1706 2116 1751 2158 in

125 2192 218 2234 suis
242 2193 393 2243 rebus,
421 2192 457 2234 si
480 2207 527 2234 se
550 2200 790 2248 componat
813 2194 869 2235 ad
893 2193 1088 2248 quietern
1111 2193 1261 2235 animi.
1560 2249 1564 2253 ,

212 2281 284 2311 22.
350 2269 544 2312 Michael
583 2270 701 2320 Polt,
743 2271 934 2312 multum
966 2270 1155 2325 profecit
1183 2269 1228 2312 in
1252 2269 1449 2325 phisicis,
1476 2270 1532 2312 ad
1562 2284 1677 2324 quae
1706 2277 1751 2311 et

123 2345 281 2388 altiora
306 2344 485 2387 uidetur
506 2345 665 2400 aptior.
695 2346 866 2388 Poterit
888 2346 1128 2400 aliquando
1150 2347 1305 2390 eadem
1336 2345 1551 2401 profiteri.
1579 2345 1750 2399 Loqui-

124 2430 196 2464 tur
225 2421 362 2463 latine
393 2428 437 2463 et
467 2422 743 2477 germanice.
777 2424 900 2466 Bene
929 2422 1098 2465 scribit.
1128 2420 1261 2466 Valet
1289 2422 1472 2478 ingenio
1501 2436 1553 2464 ac
1582 2436 1751 2465 memo-

123 2498 201 2541 ria.
228 2497 511 2541 Delicatulus
535 2508 602 2541 est
625 2513 829 2553 corpore.
856 2498 1063 2555 Diligens
1086 2507 1153 2542 est
1175 2499 1220 2540 in
1245 2499 1337 2541 suis
1361 2500 1496 2541 rebus
1515 2498 1550 2540 si
1574 2499 1686 2539 uult.

212 2586 282 2628 23.
349 2575 525 2630 Gaspar
548 2574 804 2628 Vinclerus,
831 2583 874 2617 et
905 2575 980 2617 hic
1007 2576 1115 2618 satis
1143 2575 1337 2630 profecit
1366 2575 1410 2616 in
1440 2574 1677 2616 rhetoricis
1705 2581 1749 2617 et

122 2650 323 2706 phisicis,
351 2652 407 2693 ad
429 2666 547 2706 quae
569 2659 614 2694 et
643 2651 799 2694 altiora
822 2661 954 2707 aptus
977 2661 1061 2703 est,
1087 2660 1132 2696 et
1153 2653 1309 2695 eadem
1340 2651 1502 2706 poterit
1531 2649 1746 2706 profiteri.

121 2727 342 2782 Loquitur
363 2728 518 2780 latine,
544 2739 588 2771 et
611 2729 884 2784 germanice.
918 2729 1084 2772 Scribit
1113 2736 1375 2783 utcumque.
1411 2729 1542 2770 Valet
1564 2726 1749 2781 ingenio

123 2818 175 2845 ac
193 2804 421 2846 memoria.
444 2805 548 2846 Non
566 2812 633 2847 est
658 2805 788 2847 ualde
812 2806 1039 2856 robustus,
1060 2819 1197 2847 sanus
1216 2812 1380 2854 tamem
1403 2803 1595 2858 diligens
1614 2802 1747 2843 etiam

123 2879 160 2921 si
184 2894 232 2922 se
255 2880 466 2935 applicat.

211 2968 281 3009 24.
349 2956 565 2999 Nicolaus
589 2958 742 3000 Vrtica
782 2958 972 3012 profecit
1013 2966 1256 3011 utcumque
1279 2957 1323 2998 in
1354 2956 1528 3011 logicis,
1555 2962 1599 2997 et
1623 2955 1750 2997 uide—

124 3039 197 3072 tur
218 3031 361 3086 aptior
384 3034 439 3074 ad
462 3033 631 3087 phisica
654 3042 698 3076 et
723 3034 996 3089 theologica,
1023 3048 1156 3088 quan]
1187 3035 1243 3075 ad
1274 3032 1511 3084 rhetorica,
1537 3039 1623 3073 etc.
1651 3031 1749 3073 Ali-
