2028 3426
333 208 401 252 590
806 206 959 240 erius
988 206 1229 241 Hissnoxvm
1259 204 1406 239 NAnAr.

717 401 778 429 DE
813 399 1088 429 EXERCITIIS
1123 399 1192 428 SPI
1201 399 1492 429 RITUALIBUS

379 541 427 585 Si
452 541 613 597 aliquis
635 556 714 596 per
744 539 1114 583 conuersationes
1143 538 1218 584 514
1246 549 1456 583 externas
1484 539 1702 583 iacturam
1736 541 1932 584 sentiret*
1992 559 2019 588 '.

286 619 472 675 spiritus
502 626 546 661 et
577 618 726 672 aliqua
755 632 809 660 ex
841 624 969 672 parte
1006 616 1225 659 secularis
1258 616 1371 669 fieri,
1405 624 1450 661 et
1487 631 1645 672 parum
1685 617 1922 660 aedificare

287 695 557 751 proximum,
590 695 786 750 seipsum
822 694 981 738 iuuare
1017 694 1262 737 contendat
1302 693 1541 737 ordinariis
1575 694 1818 739 Societatis
1849 709 1920 737 re-

285 772 459 823 mediis,
502 772 746 827 diligenter
784 777 829 813 et
867 770 1088 815 industrie
1126 771 1171 813 in
1210 770 1394 827 spiritus
1426 771 1665 815 suauitate.
1707 771 1921 816 Remedia

284 857 436 893 autem
461 864 514 892 ea
548 848 771 903 intelligo,
807 862 923 903 quae
956 847 1161 891 adhiberi
1191 849 1353 891 solent:
1386 863 1565 904 nempe,
1601 849 1754 905 legere
1783 848 1921 891 libros

283 926 539 982 spirituales
577 926 649 968 vel
686 932 860 980 partem
899 939 1079 976 eorum,
1121 933 1331 969 externas
1373 925 1507 969 etiarn
1551 925 1922 968 mortificationes

283 1017 508 1054 exercere3
536 1002 687 1045 omnia
710 1016 818 1046 vero
852 1017 907 1046 ex
941 1002 1128 1045 consilio
1162 1003 1230 1045 vel
1262 1002 1526 1046 confessarii
1552 1003 1622 1046 vel
1656 1001 1918 1058 superioris;

283 1080 377 1135 qui,
411 1096 465 1123 ex
499 1079 560 1122 rei
593 1088 638 1123 et
668 1094 963 1135 personarum
1002 1079 1209 1132 varitate,
1246 1079 1369 1122 varia
1406 1080 1571 1123 addere
1604 1086 1816 1135 poterunt
1850 1081 1918 1122 vel

280 1157 414 1201 etiam
447 1165 623 1199 mutare
650 1156 814 1209 media,
857 1164 901 1201 et
939 1164 1098 1200 curent
1136 1156 1322 1200 omnino
1360 1171 1418 1199 ne
1455 1156 1716 1213 negligatur
1755 1156 1919 1199 mentis

278 1234 513 1290 dissipatio
537 1249 592 1277 ex
615 1233 872 1277 deuotionis
894 1234 1080 1278 iactura.

370 1311 596 1354 Exercitia
619 1311 872 1367 spiritualia
894 1313 1059 1355 dentur
1082 1311 1151 1364 iis,
1184 1311 1258 1366 qui
1289 1311 1334 1353 in
1363 1310 1636 1355 Societatem
1666 1310 1915 1355 admittun-

283 1397 370 1440 tur,
397 1403 481 1431 nec
506 1388 686 1432 videtur
709 1402 846 1431 causa
868 1389 957 1431 vlla
981 1403 1081 1432 esse
1104 1403 1236 1444 posse
1259 1403 1340 1430 cur
1368 1395 1601 1430 mutentur
1631 1388 1675 1430 in
1705 1387 1815 1431 alias
1836 1402 1916 1430 ex-

278 1466 537 1521 perientias,
571 1480 651 1509 seu
687 1465 992 1521 probationes,
1029 1465 1145 1508 sicut
1179 1473 1357 1509 caetera
1390 1465 1552 1508 mutari
1585 1472 1777 1521 possunt
1812 1479 1914 1508 cum

276 1542 442 1585 iudicio
490 1550 535 1586 et
579 1542 919 1599 dispensatione
968 1543 1276 1598 superiorum.
1323 1544 1439 1585 Nam
1482 1550 1527 1585 et
1571 1543 1647 1595 iis,
1700 1543 1777 1598 qui
1829 1558 1909 1598 pro

275 1619 616 1662 coadiutoribus
634 1619 945 1676 corporalibus
965 1620 1260 1676 recipiuntur,
1281 1619 1378 1662 dari
1396 1621 1580 1672 debent,
1601 1618 1914 1664 moderatione

276 1704 426 1739 tamen
456 1697 676 1750 adhibita,
709 1697 781 1741 615
810 1712 890 1753 pro
919 1712 1075 1741 eorum
1104 1704 1257 1753 captu.
1290 1697 1448 1752 Itaque
1480 1696 1692 1740 omnibus
1720 1696 1805 1740 erit
1833 1711 1913 1752 per

276 1773 491 1817 exercitia
519 1776 863 1826 transeundum,
889 1789 992 1817 cum
1016 1777 1100 1817 hac
1122 1774 1460 1826 obseruatione,
1486 1781 1535 1817 vt
1556 1774 1601 1826 ii,
1628 1773 1705 1829 qui
1727 1781 1833 1817 sunt
1855 1775 1912 1816 ad

277 1851 551 1895 Societatem
575 1851 878 1904 determinati,
904 1867 995 1895 non
1018 1853 1183 1895 dentur
1204 1851 1465 1903 electiones,
1491 1852 1649 1894 saltem
1682 1852 1739 1894 de
1771 1858 1908 1894 statu.

275 1927 469 1970 Facilius
492 1935 643 1971 autem
668 1929 899 1971 dabuntur
929 1929 1141 1971 omnibus
1171 1928 1385 1972 exercitia
1414 1927 1585 1984 primae
1614 1928 1911 1972 hebdomadis

275 2019 380 2046 cum
407 2004 634 2059 aliquibus
657 2005 1043 2057 meditationibus,
1068 2013 1116 2047 vt
1138 2005 1483 2048 introducantur
1506 2005 1549 2047 in
1576 2005 1795 2049 rationem
1819 2020 1909 2048 me-

274 2081 463 2124 ditandi:
491 2096 574 2126 nec
600 2090 750 2126 tamen
772 2082 1007 2125 omittatur
1029 2082 1138 2137 quin
1161 2084 1326 2126 dentur
1347 2082 1576 2134 Vniuersa,
1603 2082 1804 2138 exceptis
1821 2083 1909 2126 ele-

273 2157 517 2210 ctionibus,
544 2166 593 2200 vt
617 2159 787 2201 dictum
813 2166 897 2211 est,
924 2159 1070 2202 cuiuis
1093 2159 1271 2212 idoneo,
1299 2174 1447 2214 neque
1475 2159 1654 2202 videtur
1676 2174 1775 2203 esse
1797 2160 1909 2202 ratio

272 2235 361 2277 vlla
383 2249 518 2291 posse
540 2249 621 2277 cur
643 2236 793 2279 omnia
817 2251 908 2279 non
931 2237 1096 2280 dentur
1119 2236 1313 2279 idoneis.
1346 2237 1473 2279 Haec
1498 2237 1555 2279 ita
1580 2237 1624 2279 in
1647 2236 1908 2280 vniuersum

273 2311 503 2354 dicuntur:
531 2312 821 2368 particularia
843 2313 1055 2355 ordinarii
1078 2313 1331 2368 superiores
1353 2313 1564 2357 viderint.

363 2389 587 2432 Exercitia
611 2390 777 2432 nostris
799 2390 894 2432 dari
917 2391 1062 2434 solent
1086 2391 1265 2443 duobus
1288 2390 1447 2432 modis:
1475 2405 1563 2433 vno
1595 2391 1652 2433 ad
1681 2391 1906 2446 probatio-

271 2480 373 2510 nem
399 2465 532 2508 simul
555 2475 600 2509 et
624 2467 820 2508 fructum
846 2466 1141 2522 spiritualem,
1167 2467 1254 2510 alio
1278 2474 1450 2510 tantum
1476 2469 1532 2510 ad
1557 2469 1754 2510 fructum
1777 2467 1905 2524 spiri—

273 2545 456 2588 tualem.
487 2543 631 2586 Priori
657 2543 790 2585 modo
819 2544 1000 2596 dantur,
1037 2544 1106 2587 vel
1137 2543 1181 2586 in
1222 2544 1361 2599 prima
1398 2544 1664 2599 probatione
1693 2545 1906 2589 exercitia

272 2621 439 2676 primae
477 2620 790 2672 hebdomadis,
831 2621 919 2671 vel,
961 2620 1035 2661 vbi
1075 2628 1181 2662 sunt
1218 2620 1411 2676 ingressi
1448 2623 1715 2674 secundam,
1754 2622 1905 2665 statim

269 2698 404 2740 etiam
430 2697 615 2752 reliqua.
646 2698 747 2740 Hoc
770 2696 910 2752 priori
934 2697 1067 2738 modo
1089 2696 1281 2739 sumitur
1299 2698 1593 2753 experientia,
1616 2705 1836 2753 quantum
1861 2707 1905 2742 et

268 2791 356 2829 qua
385 2791 438 2819 ex
468 2783 595 2830 parte
627 2774 699 2818 616
738 2773 923 2829 spiritus
955 2773 1113 2828 possit,
1151 2773 1187 2816 is
1220 2773 1295 2829 qui
1334 2782 1589 2827 exercetur;
1633 2789 1722 2818 non
1759 2777 1901 2818 solum

267 2852 499 2906 quaeritur
534 2853 708 2893 fructus
739 2850 1000 2906 spiritualis.
1042 2851 1258 2894 Secundo
1295 2852 1428 2893 modo
1464 2851 1630 2894 dantur
1667 2852 1894 2904 exercitia,

268 2930 337 2971 vel
369 2936 550 2984 propter
579 2927 914 2979 necessitatem,
945 2926 1021 2968 vbi
1059 2925 1221 2981 aliquis
1260 2927 1388 2970 fieret
1424 2927 1652 2971 remissior
1688 2928 1734 2970 in
1767 2930 1902 2972 rebus

266 3005 591 3060 spiritualibus,
617 3005 690 3048 vel
712 3003 946 3056 infirmior3
973 3004 1043 3047 vel
1066 3003 1200 3046 etiam
1225 3004 1280 3045 ad
1311 3003 1523 3048 maiorem
1557 3005 1753 3047 fructum
1777 3019 1901 3048 com-
1951 2995 1954 2999 ⁷
