2028 3426
385 227 455 274 348
859 231 1012 266 PATms
1039 231 1285 266 HissRoqu
1312 229 1463 264 NADAL

338 339 501 385 rector,
528 347 644 388 quae
669 340 817 376 tamen
841 333 1004 375 domus
1026 345 1117 375 non
1145 330 1330 387 longius
1365 330 1517 382 distet,
1559 344 1695 386 quam
1735 320 1868 374 vinea
1898 343 1973 373 ro-

338 424 472 453 mana
493 424 519 452 a
541 409 734 465 collegio
761 411 863 465 plus
886 409 1052 461 minus,
1078 408 1228 463 quoad
1251 407 1349 451 fieri
1372 407 1552 463 poterit.

427 487 712 530 Obseruetur
734 485 779 528 in
804 486 935 528 cuius
957 484 1150 541 gratiam
1168 485 1406 528 soluantur
1429 484 1628 541 portoria
1649 484 1900 538 literarum,
1925 491 1973 530 et

338 563 400 606 illi
422 565 619 607 soluant.

425 642 500 684 An
528 641 585 683 sit
609 640 910 692 retinendum,
936 646 986 681 vt
1008 641 1119 681 hora
1150 638 1389 683 vndecima
1417 651 1519 682 cum
1552 639 1806 694 quadrante
1834 653 1971 696 pran-

335 719 512 770 deatur,
539 726 583 762 et
605 725 733 760 sexta
755 732 857 760 cum
881 715 1065 759 dimidia
1088 723 1283 760 coenent
1306 723 1401 759 toto
1426 731 1566 769 anno,
1587 716 1788 759 scribant
1806 717 1863 760 ad
1882 717 1972 760 Pa-

336 802 451 838 trem
474 796 751 851 generalem.

422 873 668 928 Separetur
696 870 957 914 cubiculum
987 869 1173 926 aliquod
1210 883 1293 926 pro
1317 869 1744 913 mortificationibus
1782 869 1971 914 secretis

338 948 570 993 faciendis.

424 1027 472 1068 In
496 1027 675 1081 hyeme,
711 1039 815 1067 cum
845 1032 914 1067 est
944 1024 1090 1081 frigus
1118 1039 1353 1081 magnum,
1384 1023 1567 1068 videtur
1595 1038 1728 1081 posse
1759 1025 1966 1077 concedi,

334 1110 383 1144 vt
405 1103 569 1146 dentur
591 1116 749 1146 carnes
771 1102 817 1145 in
840 1103 1020 1158 magnis
1041 1101 1224 1158 patinis,
1250 1100 1459 1146 subiecto
1481 1101 1604 1158 igne,
1631 1108 1679 1144 vt
1701 1115 1757 1144 ex
1780 1085 1988 1157 vtraque⁸

333 1187 461 1235 parte
485 1194 666 1222 mensae
689 1178 916 1222 assideant
940 1180 1116 1232 fratres,
1145 1194 1201 1223 ne
1223 1178 1260 1222 si
1284 1179 1414 1222 aliter
1431 1178 1617 1232 faciant,
1637 1177 1787 1222 statim
1806 1185 1852 1223 et
1869 1193 1970 1222 car-

335 1271 415 1300 nes
438 1265 482 1300 et
505 1256 575 1299 ius
598 1257 883 1313 congeletur.
1903 1242 1916 1256 ⁰

421 1335 544 1377 Ante
567 1347 723 1377 cenam
747 1333 852 1377 licet
882 1334 1126 1377 matutinas
1155 1333 1322 1386 dicere,
1355 1340 1400 1378 et
1429 1347 1484 1376 ex
1514 1340 1718 1389 tempore
1749 1332 1970 1377 orationis

330 1411 637 1467 praescriptae
659 1418 850 1467 possunt
872 1411 1066 1454 mediam
1087 1412 1246 1454 horam
1270 1424 1495 1467 occupare
1517 1409 1562 1453 in
1582 1409 1827 1454 recitandis
1843 1410 1969 1454 horis

329 1488 563 1531 canonicis
593 1491 619 1531 ¹.

418 1565 541 1608 Libri
563 1565 918 1618 haereticorum,
945 1565 1021 1620 qui
1044 1572 1151 1608 sunt
1173 1565 1245 1608 hic
1274 1564 1478 1621 repositi,
1504 1578 1562 1607 ne
1584 1565 1752 1608 dentur
1774 1563 1863 1618 his,
1889 1563 1968 1620 qui

333 1650 650 1699 reposuerunt,
677 1643 714 1686 si
738 1649 1068 1699 repeterentur.

421 1722 509 1763 Pro
539 1720 768 1777 theologis
795 1728 841 1763 et
868 1720 1148 1777 philosophis
1176 1727 1453 1776 vsurpentur
1482 1719 1557 1763 illa
1585 1718 1818 1771 exercitia,
1851 1732 1968 1775 quae

332 1797 648 1853 praescribunt
669 1797 1019 1841 constitutiones
1042 1797 1087 1839 in
1109 1810 1138 1851 4
1160 1804 1289 1853 parte
1312 1798 1344 1839 ².

418 1875 634 1918 Letaniae
667 1874 755 1917 dici
787 1882 978 1931 possunt
1009 1873 1170 1918 diebus
1203 1873 1440 1918 dominicis
1467 1882 1606 1917 cantu
1635 1874 1834 1930 figurato
1863 1879 1966 1929 post

334 1966 562 2007 vesperas.

419 2028 467 2073 Si
490 2036 700 2085 parentes
723 2028 999 2072 nouitiorum
1021 2028 1068 2072 in
1090 2028 1302 2085 ingressu
1324 2035 1487 2083 petunt
1515 2028 1623 2083 quid
1655 2027 1745 2071 sint
1774 2025 1966 2070 soluturi

330 2105 692 2161 ingredientibus
715 2105 1007 2157 Societatem,
1032 2112 1102 2148 est
1130 2105 1448 2161 exponendum
1478 2104 1738 2148 institutum
1762 2111 1968 2147 nostrum

331 2182 585 2226 Societatis:
602 2183 712 2225 nihil
726 2182 930 2239 accipere
941 2182 1216 2227 Societatem
1227 2196 1307 2238 pro
1325 2181 1535 2238 ingressu
1551 2196 1635 2226 nec
1649 2196 1731 2238 pro
1744 2182 1867 2235 dote,
1882 2188 1967 2224 etc.

335 2260 590 2310 Praeterea,
618 2260 694 2314 qui
717 2261 772 2302 ad
795 2274 879 2302 nos
900 2259 1107 2312 veniunt,
1133 2274 1225 2302 non
1247 2260 1412 2303 cadent
1435 2259 1532 2302 iure
1554 2273 1653 2311 suo,
1679 2259 1716 2302 si
1746 2259 1856 2314 quid
1882 2260 1966 2302 ha-

330 2337 439 2380 bent
478 2337 699 2378 bonorum
732 2337 778 2380 in
815 2337 986 2389 seculo,
1022 2337 1167 2380 donec
1201 2344 1308 2379 sunt
1340 2336 1385 2378 in
1419 2335 1792 2379 scholasticorum
1826 2342 1964 2386 statu,
2002 2347 2003 2350 ’

330 2413 453 2467 quod
477 2420 655 2468 tempus
678 2421 828 2469 potest
850 2427 951 2458 esse
973 2413 1267 2469 plurimorum
1293 2427 1531 2465 annorum,
1555 2426 1610 2455 eo
1634 2419 1837 2468 tempore
1855 2411 1967 2454 libe-
2001 2396 2005 2401 ι

331 2505 379 2533 re
402 2504 535 2545 posse
558 2504 639 2532 sua
662 2491 780 2534 bona
803 2489 849 2532 in
872 2504 1009 2546 opera
1031 2489 1104 2546 pia
1127 2505 1181 2534 ex
1205 2504 1288 2533 sua
1310 2489 1554 2533 deuotione
1569 2489 1860 2541 distribuere,
1882 2502 1968 2534 nec

330 2581 528 2621 vnquam
552 2567 608 2609 ad
630 2566 704 2609 illa
727 2567 943 2611 succedet
965 2566 1169 2612 Societas
1192 2574 1270 2609 aut
1292 2566 1551 2623 collegium:
1578 2567 1634 2609 ab
1665 2565 1773 2622 ipsis
1802 2580 1967 2622 paren-
1995 2584 2002 2593 ·

332 2643 452 2686 tibus
475 2643 585 2685 nihil
607 2658 689 2685 nos
712 2652 973 2688 exacturos:
999 2644 1036 2687 si
1059 2643 1200 2688 velint
1223 2651 1373 2686 tamen
1394 2658 1476 2687 sua
1498 2644 1732 2687 voluntate
1755 2650 1801 2686 et
1823 2643 1967 2686 deuo·
1991 2631 1998 2670 ἓ

332 2719 453 2763 tione
475 2719 633 2763 iuuare
657 2721 899 2776 collegium
923 2728 1144 2773 nostrum,
1171 2721 1293 2776 quod
1315 2727 1384 2764 est
1407 2727 1560 2772 tenue,
1582 2719 1713 2763 nobis
1735 2719 1820 2763 erit
1836 2726 1967 2776 grata
1983 2711 1996 2775 J

334 2797 408 2839 illa
432 2798 734 2852 eleemosyna.

404 2921 414 2941 ¹
466 2922 565 2957 Vide
584 2927 714 2957 tamen
732 2922 933 2958 decretum
952 2923 1270 2969 congregationis
1288 2929 1449 2969 quartae
1469 2933 1585 2969 supra
1602 2922 1829 2967 allegatum.

400 2985 413 3002 ²
465 2981 525 3017 Cf.
565 2981 875 3017 Constitutiones
916 2983 1006 3018 Soc.
1045 2983 1145 3028 Jesu
1179 2983 1251 3018 lat.
1288 2986 1324 3018 et
1357 2982 1479 3030 hisp„
1517 2988 1626 3028 parte
1662 2980 1735 3026 IV,
1773 2991 1858 3026 cap.
1895 2978 1965 3025 VI,

332 3051 447 3085 pagg.
472 3040 550 3084 128,
576 3039 655 3075 130.
