2028 3426
471 258 745 293 MONUMENTA
771 265 852 292 PRO
859 265 1024 292 vmciAE
1052 257 1364 301 AUSTRIAE—49
1613 258 1681 304 289

100 360 206 412 tico,
247 373 361 414 quas
394 358 734 402 communiones
771 373 857 401 nos
888 373 978 400 non
1011 372 1253 413 possumus
1284 357 1554 400 ministrare.
1592 361 1728 414 Quod

102 436 263 478 attinet
285 436 342 477 ad
364 449 584 486 carceres,
611 435 723 476 nulli
745 436 853 478 dent
877 434 1260 485 communionem,
1287 448 1370 477 nec
1394 435 1478 477 sub
1508 450 1611 487 vna,
1643 450 1728 479 nec

101 513 187 555 sub
210 519 417 566 utraque,
444 511 808 566 quandoquidem
826 511 911 554 ista
928 510 1186 554 communio
1204 512 1430 554 censenda
1448 518 1517 554 est
1534 526 1616 567 pro
1634 512 1729 554 via—

104 588 207 640 tico,
234 590 307 631 uel
330 603 479 631 annua
501 589 720 644 paschali.

191 667 429 709 Extremae
450 665 677 707 Vnctionis
700 672 1031 708 sacramentum
1055 680 1112 707 ne
1135 663 1450 708 administrent
1473 665 1612 707 nostri
1641 668 1669 709 ¹.

193 743 318 786 Ordo
341 742 644 784 constituatur
674 743 1052 796 quemadmodum
1069 741 1290 783 dicantur
1318 756 1445 784 sacra
1473 742 1634 784 diebus
1664 743 1729 785 fe-

104 819 200 870 stis,
233 818 495 874 praesertim
523 833 614 873 quo
639 826 840 874 tempore
870 826 1080 861 cantatur
1102 833 1329 860 summum
1360 833 1554 871 sacrum,
1588 835 1646 863 ne
1668 820 1751 864 si-.

107 897 199 937 mul
222 902 287 937 tot
321 902 483 938 exeant
516 895 589 938 uel
623 894 830 936 confusio
864 895 955 947 fiat;
988 901 1032 937 et
1060 894 1145 937 illis
1178 894 1338 937 diebus
1370 896 1563 938 addatur
1596 896 1730 939 etiam

107 971 265 1014 tertius
288 971 579 1013 sacristanus.

195 1048 418 1091 Candelas
441 1062 522 1103 pro
545 1047 778 1102 sepultura
801 1049 1130 1103 fratrum-emat
1153 1047 1416 1103 collegium.

194 1123 551 1180 Diligentissime
573 1130 701 1166 curet
722 1124 1012 1179 prouincialis
1035 1139 1115 1179 per
1136 1139 1259 1175 suos,
1285 1123 1329 1167 et
1352 1133 1498 1167 rector
1520 1140 1600 1180 per
1623 1141 1671 1169 se
1689 1134 1735 1168 et

105 1216 184 1258 per
207 1201 478 1252 ministrum,
505 1200 718 1244 adhibitis
741 1200 942 1252 sindicis,
975 1208 1024 1243 ut
1056 1200 1337 1256 extirpentur
1360 1216 1415 1244 ex
1443 1203 1735 1246 recreationi-

106 1279 193 1320 bus
225 1277 470 1329 irrisiones,
511 1277 842 1329 contentiones,
884 1285 928 1320 et
966 1285 1253 1332 contemptus
1288 1279 1623 1334 theologorum,
1664 1282 1735 1324 uel

107 1355 501 1410 philosophorum
533 1361 578 1396 et
607 1353 972 1397 animaduertant
1001 1369 1056 1397 ne
1085 1356 1201 1397 forte
1229 1354 1323 1406 fiat,
1357 1361 1406 1396 ut
1434 1355 1736 1398 defendantur

108 1432 153 1483 ii,
180 1431 256 1486 qui
274 1431 571 1474 deseruerunt
594 1430 885 1483 Societatem,
911 1438 956 1473 et
978 1431 1014 1473 si
1039 1446 1154 1485 quae
1171 1431 1284 1474 aliae
1303 1432 1571 1487 obreperent
1588 1433 1735 1475 disso-
1777 1456 1780 1459 ·

109 1508 325 1560 lutiones;
359 1515 403 1550 et
432 1507 477 1549 in
515 1507 585 1549 his
613 1508 749 1549 rebus
777 1507 988 1550 omnibus
1026 1507 1227 1562 grauiter
1256 1508 1658 1561 animaduertatur,
1692 1517 1737 1553 et

111 1585 235 1628 nullo
256 1591 391 1639 pacto
414 1584 686 1639 disputetur.

198 1662 333 1704 Nullo
357 1668 492 1716 pacto
516 1661 800 1720 permittatur
824 1661 940 1703 inter
963 1662 1121 1703 Patres
1150 1669 1194 1705 et
1223 1662 1383 1704 fratres
1411 1662 1656 1717 disputatio
1680 1664 1737 1719 de

109 1737 431 1782 controuersiis
455 1738 526 1779 uel
547 1738 604 1780 de
626 1738 716 1780 fide
738 1738 978 1780 catholica.

198 1817 287 1858 Pro
310 1817 363 1858 P.
389 1814 557 1865 Natali,
583 1815 728 1858 donec
750 1822 818 1857 est
840 1814 886 1856 in
911 1814 1168 1858 uisitatione
1185 1816 1345 1857 harum
1368 1823 1450 1868 4.οΓ
1477 1810 1736 1871 prouincia*-

109 1908 225 1945 rum,
251 1892 368 1934 sicut
390 1899 458 1934 est
480 1891 735 1935 ordinatum
753 1891 798 1933 in
816 1891 913 1934 aliis
926 1892 1376 1947 prouinciis,·singuli
1394 1894 1652 1936 sacerdotes
1674 1895 1735 1936 fa-

109 1970 228 2012 ciant
253 1983 391 2011 unum
414 1982 591 2010 sacrum
614 1967 801 2031 singulis
824 1967 1135 2020 hebdomadis,
1161 1977 1203 2011 et
1231 1983 1322 2010 uno
1352 1969 1485 2012 etiarn
1515 1969 1603 2021 die,
1629 1985 1733 2012 cum

108 2045 298 2089 audiunt
320 2059 497 2087 sacrum
522 2045 698 2096 fratres,
724 2052 852 2088 orent
873 2045 1163 2100 peculiariter
1185 2060 1269 2100 pro
1293 2047 1450 2088 eadem
1480 2060 1556 2099 re3‘
1576 2061 1736 2090 omnes

110 2136 218 2165 uero
236 2122 491 2165 sacerdotes
513 2121 558 2163 in
582 2121 791 2163 omnibus
814 2121 961 2163 missis
983 2121 1176 2177 aliquam
1200 2122 1296 2166 eius
1320 2122 1382 2165 rei
1405 2123 1663 2166 memoriam
1689 2124 1735 2166 in

116 2202 394 2242 «Memento»
421 2197 602 2240 faciant.
615 2231 643 2239 ..

202 2275 294 2330 Qui
317 2281 422 2316 sunt
445 2273 607 2317 initiati
629 2274 768 2317 sacris
801 2273 1050 2325 ordinibus,
1078 2274 1126 2334 hi
1157 2274 1302 2330 primo
1332 2290 1512 2331 quoque
1536 2285 1739 2331 tempore

111 2357 479 2407 promoueantur;
520 2349 783 2392 nominatim
822 2364 930 2392 uero
968 2351 1227 2406 Stephanus
1265 2352 1522 2406 hungarus,
1558 2359 1601 2395 et
1625 2353 1737 2395 Cor-

112 2429 298 2471 daneus.
589 2481 592 2485 ⁴
1196 2418 1201 2423 ¹

203 2503 403 2558 Inquirat
426 2502 716 2558 prouincialis
738 2502 783 2544 in
807 2503 999 2559 singulis
1021 2504 1239 2560 collegiis,
1266 2504 1302 2546 si
1322 2505 1397 2559 qui
1420 2505 1525 2557 sint,
1548 2505 1623 2560 qui
1646 2520 1736 2546 non

115 2580 303 2624 fecerint
332 2578 543 2623 exercitia
573 2579 836 2634 spiritualia,
875 2587 919 2623 et
957 2580 1043 2622 illis
1081 2589 1209 2624 curet
1247 2581 1342 2623 dari
1375 2581 1518 2636 primo
1557 2596 1739 2636 quoque

119 2664 334 2712 tempore.

203 2733 456 2789 Diligenter
498 2747 583 2774 suo
623 2739 823 2787 tempore
867 2741 1164 2776 exerceantur
1197 2734 1298 2776 illae
1346 2733 1735 2786 mortificationes,

116 2825 230 2866 quae
253 2810 398 2852 solent
421 2809 611 2864 proponi
633 2808 824 2864 singulis
854 2809 998 2862 annis,
1025 2811 1073 2852 'et
1103 2824 1192 2852 non
1222 2810 1430 2851 omittant
1462 2810 1735 2864 superiores,

117 2887 154 2930 si
188 2900 303 2941 quae
325 2886 414 2928 sint
451 2885 806 2929 intermissiones
845 2886 957 2929 aliae
989 2886 1255 2937 studiorum,
1293 2900 1452 2928 curare
1492 2893 1554 2936 ut,
1596 2886 1738 2939 siqui

188 3054 198 3073 ¹
245 3055 329 3098 Jam
349 3057 455 3098 patet
472 3051 535 3086 hic
554 3052 616 3096 agi
635 3053 682 3086 cle
703 3057 946 3086 sacramento
965 3051 1137 3086 externis
1158 3062 1232 3085 non
1259 3050 1510 3084 ministrando
1535 3062 1554 3084 a
1574 3051 1734 3089 nostris.

294 3117 407 3145 Emsr.
429 3116 466 3144 P.
488 3115 621 3150 NADAL‚
642 3123 716 3143 τοΜ.
738 3116 798 3144 IV.
1528 3115 1563 3142 20
