2028 3426
276 311 346 338 212
745 301 899 337 PATms
925 300 1167 335 Hienomw
1193 298 1344 333 NADAL

316 403 450 448 Domi
482 410 634 447 teneat
667 403 761 458 ipse
791 417 870 458 per
897 416 945 444 se
973 414 1152 443 omnem
1186 397 1469 455 disciplinam
1503 396 1853 441 ecclesiasticam

230 482 275 524 in
301 480 504 524 oratione
527 487 572 522 et
596 479 718 522 horis
741 477 984 528 canonicis,
1012 476 1055 518 in
1075 475 1301 520 audiendo
1317 488 1446 518 sacro
1461 473 1680 529 quotidie,
1699 473 1745 516 in
1765 474 1855 517 fre-

230 544 386 614 quenti
425 557 587 600 missae
620 554 939 606 celebratione3
976 554 1052 597 det
1086 567 1194 596 uero
1225 566 1407 608 operam
1441 558 1490 593 ut
1522 550 1579 593 sit
1611 549 1859 606 spiritualis

231 638 386 688 homo,
417 642 462 677 et
491 632 745 677 meminerit
773 647 822 675 se
850 645 949 673 esse
981 629 1280 672 constitutum
1309 636 1354 672 et
1381 634 1595 671 vocatum
1619 642 1643 670 a
1673 628 1770 672 Deo
1798 628 1859 670 acl

232 710 522 768 perfectionis
556 708 807 764 adquisitae
829 714 1012 759 statum3
1038 713 1083 749 et
1113 720 1204 748 non
1236 706 1381 749 solum
1410 704 1456 747 in
1484 718 1533 747 se
1561 705 1726 748 debere
1758 717 1861 748 esse-

233 790 481 846 perfectum
507 786 751 838 hominem,
778 784 888 843 se[d]
911 798 1008 827 eam
1033 783 1252 826 rationem
1277 782 1410 827 etiam
1434 796 1482 825 se
1504 781 1670 842 habere
1692 781 1862 825 debere-

232 866 431 922 spiritus‚
468 871 512 908 et
544 863 777 906 doctrinae
812 861 1088 914 facultatem,
1124 874 1213 916 qua
1241 859 1382 916 possit
1414 859 1524 902 alios
1548 859 1696 903 facere
1724 857 1857 915 spiri·

235 944 394 986 tuales.
1792 933 1802 944 “

321 1018 613 1074 Disciplinam
651 1023 695 1060 et
734 1030 907 1058 morum
947 1015 1234 1058 honestatem
1264 1012 1502 1056 instituant
1535 1026 1587 1055 ac
1617 1018 1778 1056 curent
1813 1011 1861 1054 in

235 1098 352 1140 aula.

324 1176 522 1217 Possunt
545 1170 747 1214 suauiter
770 1178 814 1213 et
837 1170 1073 1213 commode
1095 1168 1260 1211 adduci
1283 1175 1333 1210 ut
1356 1166 1538 1219 faciant,
1563 1173 1610 1210 ut
1629 1173 1863 1222 poterunt,

235 1252 393 1294 saltem
418 1264 505 1292 vna
535 1250 646 1291 hora
675 1246 875 1303 quotidie
905 1245 1118 1289 exercitia
1145 1244 1411 1302 spiritualia,
1442 1251 1503 1296 et,
1536 1243 1652 1286 facta
1682 1244 1859 1286 confes-

236 1328 361 1372 sione
385 1325 601 1383 generali,
628 1324 864 1367 instituant
888 1323 1154 1367 electionem
1178 1308 1372 1377 aliquam
1396 1323 1546 1365 facere
1566 1321 1624 1364 de
1645 1320 1863 1364 reforma-

239 1406 359 1448 tione
382 1404 501 1446 vitae
523 1417 574 1446 ac
599 1411 743 1445 status
766 1401 852 1453 sui3
877 1409 922 1444 et
945 1415 1036 1443 non
1059 1399 1290 1443 omittatur
1317 1400 1480 1442 docere
1509 1412 1587 1442 eos
1619 1406 1666 1440 ut
1697 1397 1864 1439 faciant

237 1495 424 1525 examen
449 1479 776 1536 quotidianum.

1008 1583 1095 1625 :30

1036 1674 1066 1730 †

394 1771 898 1829 QUEMADMODUM
926 1767 1362 1813 GUBERNANDA
1396 1765 1700 1810 SOCIETAS

861 1860 910 1890 IN
940 1858 1193 1889 GERMAMIA
1229 1845 1257 1887 ¹.

328 1948 389 1990 Vt
411 1947 467 1989 de
488 1946 573 1987 hac
596 1959 643 1987 re
665 1942 841 1985 dicatur
878 1939 1144 1992 consultius,
1185 1936 1637 1982 animaduertendum
1660 1943 1729 1978 est
1751 1948 1871 1990 quae

242 2025 332 2068 sint
354 2023 461 2065 vitia
485 2019 728 2064 nationalia
750 2018 797 2061 in
818 2017 1078 2062 Germania.

314 2167 323 2187 ¹
376 2167 431 2200 Ex
445 2164 698 2210 autographo,
714 2162 752 2197 in
766 2160 1021 2209 quaternione
1035 2159 1206 2204 oblongo
1219 2156 1473 2193 dimensionis
1494 2166 1559 2202 om,
1570 2154 1639 2190 320
1655 2162 1697 2192 ><
1713 2161 1870 2199 0m‚110,

239 2226 378 2261 6f01iis
398 2223 605 2270 majoribus
624 2234 645 2257 a
665 2232 814 2257 summo
832 2220 1012 2256 deorsum
1031 2218 1196 2266 plicatis,
1217 2229 1294 2252 non
1313 2222 1443 2252 autem
1468 2214 1626 2260 assutis,
1649 2218 1868 2260 compactO.

240 2286 392 2332 Duplex
411 2284 450 2319 in
467 2284 538 2318 hoc
557 2281 811 2329 quaternione
830 2284 1018 2315 tractatus
1037 2277 1168 2314 brevis
1186 2275 1410 2312 continetur
1427 2275 1467 2310 in
1485 2274 1591 2309 foliis
1619 2281 1690 2318 1—7,
1717 2271 1871 2307 Natalis

240 2356 354 2380 manu
373 2343 548 2388 signatis,
571 2340 724 2386 scriptis
744 2346 783 2375 et
801 2337 1035 2374 emendatis.
1061 2336 1212 2372 Primus
1228 2340 1416 2371 tractatus
1434 2335 1508 2369 sub
1525 2334 1599 2369 hoe
1614 2332 1741 2369 titulo:
1766 2331 1869 2376 Que-

242 2404 499 2439 madmodum
515 2401 783 2448 gubernanda
803 2398 978 2434 Societas
995 2397 1039 2432 in
1060 2394 1287 2432 Germania
1305 2395 1344 2430 in
1374 2392 1520 2440 duplici
1545 2391 1638 2428 folio
1666 2399 1724 2426 1-2
1747 2390 1868 2426 conti·

239 2469 364 2498 netur.
387 2460 602 2505 Secundus,
623 2459 684 2494 cui
705 2459 841 2494 titulus
861 2458 924 2493 Ad
949 2455 1184 2503 provincias
1218 2453 1466 2490 Germaniae
1488 2451 1699 2498 juvandas
1723 2453 1810 2492 etc„
1829 2449 1870 2485 in

237 2522 340 2558 foliis
359 2520 418 2565 3-7
438 2519 644 2565 reperitur.
672 2518 811 2552 Postea
829 2520 1045 2562 sequuntur
1062 2524 1082 2558 4
1103 2513 1194 2549 folia
1212 2523 1307 2559 pura
1325 2522 1401 2547 non
1420 2510 1587 2556 signata.
1608 2508 1713 2547 Olim
1739 2518 1760 2554 5
1779 2507 1870 2544 folia

240 2592 359 2617 vacua
378 2579 497 2614 fuisse
515 2578 707 2620 videntur,
728 2583 766 2611 at
786 2587 903 2611 unum
922 2572 1126 2620 disparuit.
1147 2573 1188 2607 In
1208 2571 1345 2607 ultimo
1364 2570 1471 2615 folio,
1492 2581 1513 2604 a
1537 2575 1662 2614 tergo,
1690 2569 1786 2603 haec
1811 2567 1870 2603 in·

239 2639 396 2686 scriptio
415 2638 653 2683 autographa
673 2635 821 2670 Natalis
841 2635 1018 2671 habetur:
1050 2632 1189 2667 Vtilia.
1215 2630 1302 2666 Alia
1329 2641 1443 2665 manu
1468 2628 1639 2675 antiqua:
1669 2627 1871 2671 Quemad-

243 2701 402 2733 modum
418 2696 683 2744 gubernanda
706 2694 879 2729 Societas
908 2694 949 2728 in
985 2691 1226 2728 Germania.
1260 2690 1319 2724 De
1350 2694 1541 2735 tempore,
1568 2697 1645 2734 quo
1663 2687 1760 2722 haec
1779 2685 1870 2721 bina

241 2755 443 2793 instructio
461 2767 482 2790 a
507 2755 634 2789 Natali
664 2752 878 2799 composita
908 2751 995 2795 fuit,
1028 2749 1123 2786 illud
1153 2747 1409 2796 proculdubio
1440 2746 1634 2781 affirmare
1665 2755 1874 2793 possumus

242 2824 326 2863 post
345 2816 445 2851 diem
465 2815 486 2849 6
507 2813 598 2859 Julii
617 2813 707 2848 anni
726 2811 814 2856 1566
833 2811 937 2847 illam
957 2810 1196 2846 lucubratam
1215 2807 1350 2843 fuisse.
1372 2805 1492 2853 quue
1518 2804 1713 2840 evincitur
1738 2815 1787 2838 ex
1807 2803 1867 2849 iis,

241 2887 339 2922 quae
358 2875 405 2909 de
425 2873 593 2908 adventu
613 2870 890 2917 archiepiscopi
915 2867 1123 2905 surrentini
1142 2867 1338 2912 Dilingam
1358 2864 1579 2911 supradicto
1597 2863 1660 2898 die
1678 2863 1872 2898 habentur

241 2936 279 2969 in
301 2935 425 2979 Epist.
448 2933 495 2969 Ρ.
512 2931 661 2971 Ναάαὶ,
682 2930 745 2975 ΙΙΙ,
770 2938 851 2973 174.
878 2929 935 2963 De
960 2929 1032 2963 hoc
1057 2932 1188 2962 autem
1212 2925 1384 2960 adventu
1407 2929 1603 2969 tamquam
1622 2921 1671 2957 de
1696 2933 1738 2956 re
1763 2932 1870 2967 prae-

242 2994 353 3029 terita
373 2993 410 3027 in
429 2993 499 3026 hac
518 2989 772 3026 instructione
792 2987 961 3034 loquitur
980 2987 1142 3032 Natalis,
1164 2985 1229 3020 ubi
1247 2985 1295 3020 de
1314 2984 1427 3019 domo
1453 2981 1692 3030 probationis
1717 2981 1756 3016 in
1775 2980 1874 3016 Ger-

245 3053 366 3086 mania
386 3050 578 3085 fundanda
593 3048 763 3083 disserit.
781 3047 889 3082 Prior
903 3051 1033 3081 autem
1051 3045 1165 3090 hujus
1180 3043 1313 3090 scripti
1334 3053 1420 3089 pars
1436 3040 1663 3088 imperfecta
1681 3044 1874 3080 remanet·‚

245 3122 313 3145 nec
335 3110 442 3144 ullibi
464 3109 565 3144 illam
586 3107 795 3154 perfectam
816 3106 1042 3150 reperimus.
