2028 3426
714 253 1152 296 SUPPLEMENTUM—25
1631 247 1652 282 8
1657 257 1700 293 57

117 372 236 412 quae
258 365 275 381 ἃ
296 357 490 399 habetur
511 355 568 398 de
589 354 681 406 illo,
714 352 943 397 euidentia
974 358 1110 407 atque
1143 349 1438 407 experientia,
1474 357 1521 391 vt
1553 349 1610 396 de
1643 356 1748 392 actu

119 440 276 476 nostro
306 447 438 488 quem
469 431 616 488 (modo
646 430 701 475 ad
729 429 875 485 ipsum
914 428 1217 483 aduertamus)
1257 426 1492 470 sentimus:
1534 425 1595 468 ita
1628 425 1747 469 enim

118 508 467 552 commeministi
497 507 611 550 tradi
643 521 669 549 a
698 505 961 557 dialecticis,
997 504 1095 547 siue
1117 503 1293 560 logicis,
1334 504 1391 547 de
1430 503 1596 546 nostris
1634 501 1747 545 acti-

118 585 204 628 bus
242 584 326 624 220
371 584 527 627 haberi
562 597 695 639 posse
731 582 982 624 naturalem
1027 581 1267 636 quamdam
1307 579 1600 623 euidentiam.
1638 579 1742 621 Hoc

120 669 271 705 tamen
293 661 403 703 nihil
426 674 525 704 esse
547 666 695 715 potest
718 659 865 714 magis
887 657 978 701 tuis
1000 656 1249 700 rationibus
1280 655 1571 707 contrarium,
1598 663 1645 697 vt
1669 654 1749 711 qui

51 752 61 759 ·
117 737 355 781 contendis
398 751 480 779 nos
522 737 578 779 de
621 735 816 779 sensuali
859 734 1014 778 nescio
1058 748 1146 789 qua
1188 732 1465 788 experientia
1513 731 1746 774 charitatis

117 818 383 866 δογματιζέσθαι,
409 828 511 856 nam
536 812 647 855 nihil
671 821 738 856 est
768 812 888 866 quod
917 810 1062 866 possis
1091 810 1178 852 iam
1211 809 1361 853 dicere
1394 808 1745 864 assumptionem

118 906 219 935 esse
245 891 415 941 falsam,
443 889 569 944 sequi
600 889 759 931 falsum
788 903 843 931 ex
877 888 1005 938 falso,
1041 886 1077 929 si
1109 886 1165 928 ad
1194 885 1426 941 superiora
1455 884 1689 927 aduertisti
1711 883 1743 925 ¹³.

119 968 200 1011 Sin
224 967 447 1009 infirmam
471 973 645 1008 statuas
668 979 766 1009 esse
789 963 1175 1018 consequentiam,
1202 962 1245 1004 id
1281 976 1387 1005 vero
1416 961 1546 1004 nobis
1575 961 1747 1017 gratifi-

119 1043 255 1095 caris,
283 1051 331 1085 vt
354 1042 431 1097 qui
453 1042 576 1084 dicas
609 1056 691 1084 nos
723 1042 779 1085 de
808 1040 883 1083 illo
912 1055 1047 1083 sensu
1076 1038 1215 1094 loqui,
1251 1039 1308 1082 de
1341 1038 1416 1080 illo
1449 1038 1581 1094 signo
1613 1045 1749 1092 atque

118 1120 286 1163 indicio
309 1119 556 1170 charitatis,
583 1120 639 1162 de
661 1118 735 1160 illa
758 1117 941 1173 spiritus
964 1115 1288 1167 consolatione,
1309 1116 1365 1157 de
1388 1114 1462 1158 illa
1479 1113 1624 1170 gratia
1642 1128 1747 1170 gra-

120 1197 176 1239 tis
198 1198 317 1248 data,
345 1210 479 1250 quam
502 1194 677 1239 etiamsi
700 1209 780 1250 pro
803 1209 884 1237 sua
906 1192 1082 1235 infinita
1111 1191 1351 1235 clementia
1384 1205 1437 1235 ac
1467 1190 1748 1247 benignitate

118 1273 305 1329 largitur
347 1274 606 1327 frequenter
640 1271 848 1315 coelestis
877 1272 1027 1321 Pater,
1064 1284 1154 1311 non
1194 1276 1346 1312 tamen
1384 1282 1559 1323 semper
1597 1267 1641 1309 id
1681 1268 1746 1309 fa-

119 1351 197 1402 cit,
229 1349 235 1407 Ι
264 1351 384 1404 quod
414 1363 591 1391 rursum
621 1362 729 1391 suae
752 1355 820 1391 est
849 1346 1094 1402 sapientiae
1123 1360 1174 1387 ac
1204 1345 1385 1388 diuinae
1418 1343 1743 1400 prouidentiae.

119 1429 275 1482 Itaque
299 1441 388 1468 non
412 1425 667 1470 necessario
690 1425 893 1479 sequitur
910 1438 965 1466 ex
983 1423 1057 1465 illo
1081 1430 1201 1474 actu,
1228 1436 1360 1477 quern
1386 1437 1410 1464 a
1434 1420 1654 1463 charitate
1677 1421 1749 1476 pie

118 1503 344 1546 credimus
369 1502 606 1558 proficisci,
633 1503 757 1544 hunc
780 1515 963 1544 sensum
993 1499 1246 1542 dulcedinis
1271 1497 1514 1554 spiritualis
1539 1510 1746 1552 emerge-

120 1596 186 1624 re.
213 1582 270 1623 Et
295 1580 473 1635 quidem
499 1580 554 1622 de
578 1586 654 1621 tua
677 1576 945 1633 di[a]lectica
968 1576 1076 1618 satis
1099 1576 1254 1617 multa.

209 1657 386 1700 Addam
421 1670 563 1711 pauca
602 1656 658 1698 de
695 1653 1004 1710 grammatica,
1045 1652 1120 1694 vbi
1162 1660 1306 1695 tamen
1344 1650 1455 1694 nihil
1492 1664 1746 1706 oppugnas,

117 1742 294 1777 tantum
312 1730 497 1789 'colligis
520 1747 571 1775 ac
594 1746 739 1787 paras,
772 1731 892 1785 quod
921 1729 1001 1772 tibi
1028 1730 1083 1771 ad
1114 1730 1174 1770 fo.
1207 1729 1287 1771 106
1317 1727 1672 1783 expugnandum
1697 1739 1749 1769 ac

117 1812 360 1855 delendum
386 1810 598 1852 sit..Nam
623 1809 747 1863 quod
769 1807 880 1850 dicis
902 1808 1064 1849 docere
1087 1820 1169 1848 nos
1193 1806 1313 1860 quod
1333 1804 1470 1860 possit
1489 1805 1625 1845 homo
1644 1817 1747 1845 sen—

123 1888 222 1940 tire,
251 1886 544 1944 praesentire,
578 1884 839 1936 sentiscere,
875 1883 1228 1939 praesentiscere
1260 1881 1541 1932 charitatem,
1576 1882 1660 1922 hac
1694 1880 1750 1923 de

118 1980 164 2008 re
188 1965 301 2007 nihil
325 1973 373 2006 tu
397 1966 482 2005 hoc
505 1964 619 2014 loco,
646 1961 756 2003 nihil
777 1975 860 2003 nos
883 1960 1004 2002 aliud
1027 1960 1134 2003 item
1156 1959 1289 2001 modo
1313 1957 1382 1997 221
1415 1972 1548 2013 quam
1575 1956 1744 2012 gratias

121 2042 299 2098 agimus
322 2041 418 2083 viro
448 2041 583 2091 bono,
614 2037 824 2094 religioso
853 2051 906 2080 ac
944 2038 1096 2087 docto,
1139 2035 1215 2090 qui
1248 2050 1331 2078 nos
1368 2033 1543 2090 stipites
1577 2034 1746 2084 credat3

120 2118 345 2173 siquidem
369 2116 612 2159 arbitratur
633 2129 716 2156 nos
740 2115 851 2157 adeo
873 2113 1092 2168 desipere,
1119 2113 1233 2155 adeo
1256 2111 1419 2154 oblitos
1442 2125 1540 2154 esse
1562 2124 1654 2152 non
1677 2124 1749 2151 so—

119 2196 211 2236 lum
246 2192 490 2249 euangelii,
523 2205 753 2234 sacrorum
783 2191 1035 2241 doctorum,
1075 2190 1276 2232 Thomae
1304 2187 1460 2243 ipsius,
1497 2187 1576 2230 sed
1614 2185 1752 2227 totius

119 2271 252 2314 etiam
280 2268 607 2326 philosophiae,
634 2275 768 2322 atque
797 2267 909 2310 adeo
938 2265 1191 2309 communis
1220 2279 1396 2317 sensus,
1432 2272 1479 2306 vt
1513 2263 1751 2307 credamus

119 2348 375 2391 sensualem
399 2360 482 2388 nos
515 2346 685 2388 habere
713 2358 849 2399 posse
878 2342 1110 2386 charitatis
1139 2341 1362 2393 notitiam3
1395 2355 1498 2382 nam
1528 2340 1585 2383 de
1613 2353 1750 2382 sensu

120 2423 343 2480 spirituali
366 2422 499 2466 video
523 2429 567 2465 te
589 2421 633 2463 id
657 2435 747 2463 non
776 2419 1045 2475 intelligere.
1081 2420 1151 2462 De
1185 2432 1274 2473 quo
1307 2417 1447 2473 igitur
1478 2431 1561 2458 nos
1592 2429 1751 2459 censes

120 2501 263 2555 loqui?
285 2502 354 2543 De
380 2498 578 2541 externis
601 2497 828 2540 sensibus?
852 2497 981 2552 (Nam
1004 2495 1051 2537 in
1074 2495 1276 2538 internos
1298 2493 1410 2536 nihil
1438 2498 1637 2549 permeat
1669 2490 1751 2532 nisi

120 2591 197 2632 per
218 2576 462 2631 externos.)
482 2576 578 2617 Nae
597 2581 662 2627 tu,
683 2573 753 2615 vir
770 2571 1051 2623 suavissime,
1070 2571 1205 2613 miras
1221 2569 1322 2626 agis
1336 2584 1499 2625 nugas,
1518 2568 1594 2623 qui
1621 2567 1628 2624 Ι
1658 2575 1750 2609 tam

121 2667 335 2705 crassam,
363 2661 453 2695 tam
477 2650 745 2707 palpabilem
768 2663 820 2691 ac
843 2649 1097 2692 sensualem
1122 2647 1279 2689 credas
1302 2647 1470 2689 habere
1499 2659 1581 2687 nos
1603 2643 1751 2686 chari—

122 2738 276 2783 tatem,
304 2738 393 2772 tarn
418 2731 603 2771 fatuam.
631 2727 780 2770 Facile
803 2733 953 2768 tamen
975 2727 1092 2768 hanc
1115 2723 1433 2766 contumeliam
1453 2721 1748 2773 sustinemus,

122 2808 255 2849 modo
280 2814 324 2849 te
347 2806 444 2850 eius
467 2804 709 2861 poeniteat,
737 2802 857 2857 quod
880 2816 1010 2857 spero
1034 2808 1079 2844 te
1101 2799 1264 2843 fecisse
1280 2799 1353 2843 vel
1375 2798 1623 2854 propedum
1652 2810 1751 2839 esse

123 2883 347 2926 facturum
370 2882 543 2938 opinor.

195 3006 211 3023 a
237 2994 495 3030 Emendatum
514 3004 535 3028 a
554 2992 643 3028 Nat.
665 3002 713 3026 ex
732 2989 815 3036 qui.
869 3010 901 3015 —
915 2991 933 3017 b
963 2988 1005 3024 18
1023 2989 1143 3024 verba
1162 2987 1435 3035 praecedentia
1453 2986 1583 3022 addita
1602 2990 1692 3021 sunt
1712 2985 1752 3020 in

117 3064 244 3100 marg.
265 3065 286 3088 a
305 3053 394 3091 Nat.
