2028 3426
367 243 436 291 390
841 243 996 278 PArms
1022 241 1265 276 HIERONYMI
1290 240 1442 276 NADAL

324 345 524 389 tionibus
547 345 839 401 collegiorum
866 352 910 386 et
933 344 1186 395 domorum3
1211 348 1256 384 et
1279 341 1316 384 si
1339 340 1475 396 aliqui
1504 348 1653 394 erunt,
1680 341 1756 397 qui
1788 341 1833 385 in
1867 341 1952 384 mi-

320 423 557 468 nisterium
582 423 696 465 mitti
727 421 915 478 possint,
943 419 972 462 ii
1006 419 1155 475 potius
1187 427 1339 464 essent
1371 419 1416 461 in
1450 419 1863 475 peregrinationem
1894 420 1952 463 ad

319 500 538 544 rationem
564 499 604 544 61
624 501 927 555 professorum
950 496 1176 549 mittendi,
1200 496 1321 540 vnde
1345 495 1491 551 magis
1514 504 1720 551 speretur
1743 495 1828 539 Dei
1858 510 1950 539 ser-

317 577 497 629 uitium,
523 577 664 619 maior
687 575 937 618 animarum
962 574 1153 616 fructus.
1180 574 1246 616 Ita
1270 580 1420 616 tamen
1449 572 1494 615 in
1527 574 1611 615 hac
1642 587 1689 616 re
1711 587 1954 628 possemus

315 654 566 711 gratificari
591 652 778 709 principi
810 650 1117 695 ecclesiastico
1145 651 1217 693 vel
1246 649 1482 702 saeculari,
1509 649 1546 692 si
1585 649 1630 692 in
1663 664 1820 692 eorum
1852 651 1947 694 dio-

315 732 522 774 caesibus
552 731 623 772 vel
661 728 909 771 ditionibus
941 726 1305 783 peregrinentur,
1338 733 1383 771 et
1421 726 1668 774 ministeria
1700 727 1950 772 Societatis

313 814 553 852 exerceant
582 807 740 849 nostri.

400 883 717 927 Necessarium
743 889 810 925 est
840 895 1117 924 summorum
1152 880 1419 937 pontificum
1450 881 1695 938 diplomata
1727 895 1943 926 concessa
1983 887 1987 891 '

310 961 539 1013 Societati,
568 961 750 1015 regulas
773 973 1038 1002 communes
1061 966 1106 1002 et
1128 957 1334 1010 examen,
1356 957 1399 1001 in
1423 960 1711 1002 vernaculam
1736 959 1939 1015 linguam
1991 1018 1995 1022 Ι

307 1054 407 1082 esse
431 1039 661 1088 translata,
688 1037 823 1092 idque
846 1043 1027 1092 propter
1049 1035 1188 1078 laicos
1216 1035 1516 1088 coadiutores,
1543 1035 1618 1090 qui
1642 1036 1826 1079 latinam
1849 1050 1943 1079 non

305 1122 486 1166 norunt,
515 1115 694 1169 quibus,
721 1114 758 1156 si
775 1115 928 1170 legere
950 1113 1171 1165 nesciant,
1196 1127 1274 1168 per
1297 1111 1407 1155 alios
1430 1113 1655 1169 legantur,
1678 1112 1936 1169 Diplomata
1992 1109 1994 1111 ’

304 1192 623 1248 intelliguntur
647 1190 1016 1233 confirmationes
1039 1190 1251 1242 instituti,
1276 1197 1322 1233 et
1345 1197 1494 1233 tamen
1518 1197 1587 1232 sat
1610 1190 1693 1232 erit
1716 1190 1827 1233 illud
1852 1192 1937 1248 Ju-

303 1269 346 1311 lii
374 1283 397 1324 3
431 1277 621 1320 vertere,
648 1276 692 1311 et
720 1283 819 1311 earn
849 1267 1067 1311 examinis
1091 1274 1279 1323 partem,
1306 1281 1422 1323 quae
1443 1275 1461 1292 ⁸
1491 1268 1546 1309 ad
1576 1281 1733 1310 omnes
1755 1267 1939 1320 attinet,

304 1347 375 1390 vel
399 1347 580 1401 regulas
603 1346 840 1401 generales
863 1353 908 1388 et
930 1358 1210 1387 communes.

388 1424 553 1466 Nullus
576 1422 868 1478 prouincialis
902 1421 1057 1478 egredi
1081 1421 1246 1477 poterit
1267 1435 1323 1464 ex
1351 1436 1434 1464 sua
1455 1421 1692 1477 prouincia
1720 1421 1817 1464 sine
1847 1436 1929 1477 ge-

300 1500 466 1543 neralis
494 1508 572 1542 aut
601 1499 894 1542 commissarii
919 1500 1148 1542 facultate:
1176 1513 1323 1554 neque
1346 1499 1631 1555 praepositus
1661 1499 1818 1542 localis
1849 1506 1926 1542 aut

300 1585 466 1629 rector,
493 1584 570 1619 aut
594 1576 871 1632 probationis
893 1577 1165 1632 praefectus,
1193 1591 1247 1620 ex
1270 1575 1495 1632 praesenti
1518 1590 1601 1619 sua
1619 1576 1678 1620 62
1695 1577 1926 1632 guberna-

297 1654 420 1698 tione
443 1654 540 1697 sine
559 1653 740 1697 licentia
758 1653 1066 1709 prouincialis.

385 1734 553 1787 Magna
576 1738 644 1773 est
667 1730 901 1786 diligentia
935 1731 1187 1772 curandum
1211 1745 1236 1772 a
1268 1729 1639 1786 prouincialibus,
1666 1737 1730 1782 vt,
1757 1730 1834 1785 qui
1855 1730 1925 1772 vi-

294 1809 487 1852 deantur
510 1807 659 1851 idonei
683 1808 739 1850 ad
770 1807 1166 1863 gubernationem,
1192 1806 1491 1871 designentur
1523 1806 1734 1862 primum,
1761 1806 1926 1851 deinde

293 1893 605 1936 exerceantur,
632 1892 680 1926 vt
703 1892 945 1941 suppetere
968 1883 1229 1940 prouinciae
1253 1883 1442 1939 possint,
1469 1883 1546 1938 qui
1573 1883 1788 1939 praesint,
1815 1898 1922 1939 quo-

292 1977 392 2003 rum
418 1969 544 2004 tanta
568 1969 636 2005 est
659 1961 834 2013 raritas,
863 1968 986 2003 tanta
1009 1960 1271 2024 necessitas.
1509 1963 1511 1965 ’

382 2039 517 2094 Quod
543 2053 868 2093 nonnunquam
893 2053 917 2080 a
940 2037 1106 2080 nostris
1137 2046 1205 2082 est
1237 2037 1506 2088 factitatum,
1534 2045 1578 2079 et
1609 2037 1788 2093 quidem
1819 2052 1923 2082 cum
1981 2097 1983 2101 ι

290 2116 603 2159 aedificatione
632 2123 676 2159 et
709 2116 881 2167 fructu,
914 2124 962 2158 vt
992 2129 1074 2158 suo
1110 2114 1371 2158 interuentu
1409 2114 1680 2170 impedirent
1716 2114 1922 2170 publicos

289 2194 420 2235 ludos
442 2194 699 2235 chartarum
723 2200 768 2235 et
791 2193 1065 2245 taxillorum,
1087 2194 1265 2234 chartas
1283 2192 1533 2234 lacerarent
1550 2198 1595 2234 et
1614 2191 1790 2235 taxillos
1809 2205 1918 2234 con-

290 2277 504 2322 tererent,
532 2270 654 2327 id‚·si
678 2270 858 2324 quando
891 2283 992 2311 cum
1023 2268 1336 2313 aedificatione
1373 2276 1418 2312 et
1456 2269 1610 2311 fructu
1650 2268 1746 2312 fieri
1785 2283 1921 2324 posse

289 2346 507 2390 videbunt
531 2345 801 2401 superiores,
828 2353 1149 2401 compertoque
1166 2359 1398 2397 successu,
1425 2345 1708 2388 committere
1726 2353 1918 2401 possunt

286 2423 528 2478 aliquibus,
555 2423 629 2477 qui
655 2423 872 2478 singulari
904 2422 993 2464 sint
1022 2422 1206 2478 spiritus
1229 2422 1414 2475 virtute,
1441 2422 1629 2479 egregia
1655 2422 1912 2478 prudentia,
1967 2407 1981 2484 J·

284 2499 504 2543 modestia
534 2514 584 2542 ac
616 2499 857 2543 suauitate.
902 2501 1153 2542 Taurorum
1189 2514 1295 2543 vero
1328 2499 1660 2556 exagitationes
1688 2499 1914 2555 publicae,

283 2577 438 2632 quales
462 2576 505 2618 in
532 2576 752 2632 Hispania
776 2576 871 2619 fieri
894 2577 1055 2628 solent,
1082 2576 1118 2619 si
1142 2576 1315 2632 possint
1338 2590 1416 2632 per
1433 2575 1660 2632 principes
1680 2577 1749 2619 vel
1767 2576 1911 2632 magi·
1971 2587 1974 2590 ·

282 2661 470 2696 stratum
510 2652 737 2709 impediri,
770 2652 813 2695 id
852 2661 1063 2708 poterunt
1096 2653 1449 2698 curare-nostri.
1494 2655 1659 2697 Postea
1691 2660 1798 2696 sunt
1825 2654 1915 2696 hae

280 2730 550 2785 agitationes
573 2729 839 2773 interdictae
864 2745 888 2771 a
913 2730 994 2772 Pio
1019 2737 1111 2783 5.‘⁰,
1133 2731 1254 2786 quod
1273 2729 1406 2774 faciet
1424 2744 1524 2774 esse
1546 2732 1632 2772 hoc
1652 2736 1909 2773 nostrorum

277 2807 477 2849 officium
508 2806 684 2849 facilius
711 2808 739 2850 ¹.
766 2806 901 2860 Quod
935 2806 970 2848 si
1005 2822 1093 2848 non
1128 2814 1443 2861 assequantur,
1479 2805 1534 2851 63
1560 2806 1603 2849 in
1627 2820 1815 2850 caueam
1841 2811 1909 2848 ta·-

347 2955 363 2970 3
413 2945 483 2989 qui
502 2955 573 2980 ms.

346 3055 354 3073 ¹
407 3051 467 3087 Cf.
499 3052 812 3095 COCQUELDIES,
848 3051 1127 3088 Bullarnm.‚.
1162 3052 1436 3087 Romanorum
1465 3051 1709 3098 Pontificmn
1741 3050 1905 3097 amplis-
