2028 3426
338 230 408 276 532
811 232 965 267 Plu-ms
991 232 1235 267 HIERONYMI
1261 231 1296 266 N
1299 239 1412 268 ADAL

291 347 372 388 pro
395 332 606 376 omnibus
628 333 790 376 officiis
812 332 1006 389 collegio
1029 333 1297 377 necessariis
1317 333 1551 378 sufficiens
1569 332 1801 387 numerus,
1824 342 1923 378 ton-

289 423 364 452 sor
379 409 532 461 etiam,
553 417 713 462 sartor,
735 417 877 463 sutor,
898 410 1031 462 lotor,
1051 409 1089 453 si
1107 409 1358 466 amplitudo
1374 411 1555 467 collegii
1577 410 1621 453 id
1641 411 1858 467 requirat3
1878 422 1924 456 et

291 494 443 530 tamen
459 485 544 529 erit
561 486 777 529 iudicium
796 485 1040 542 superioris
1058 501 1115 529 an
1134 501 1252 530 vnus
1268 488 1398 543 plura
1415 487 1568 531 officia
1585 502 1746 544 gerere
1762 489 1920 545 possit.

380 563 483 608 Sint
504 563 624 607 domi
648 565 800 620 plures
823 563 1131 616 coadiutores,
1158 579 1292 620 quarn
1315 564 1393 620 qui
1415 566 1718 610 communiter
1740 567 1797 609 ad
1819 566 1924 610 offi-

290 640 359 684 cia
381 640 628 685 domestica
653 648 760 683 sunt
782 640 1041 693 necessarii,
1067 648 1116 683 vt
1138 641 1196 684 sit
1217 641 1338 684 domi
1356 641 1434 703 qui
1453 642 1698 686 comitetur
1714 643 1919 686 sacerdo-

291 725 359 762 tes
387 718 493 760 dum
524 717 824 774 egrediuntur
859 718 1015 770 domo,
1047 718 1416 774 quandoquidem
1449 733 1540 763 non
1570 719 1676 764 licet
1703 719 1768 764 ire
1796 720 1922 766 solis.

291 797 492 838 Possunt
516 802 664 838 tamen
692 808 747 837 ex
777 793 962 838 nouitiis
990 780 1181 840 comites
1210 795 1340 852 seligi
1368 795 1448 850 illi,
1476 796 1643 852 quibus
1664 798 1752 839 hoc
1776 804 1924 853 potest

291 880 391 914 tuto
412 871 648 924 committi,
675 879 723 913 vt
747 871 822 927 qui
842 871 886 914 in
905 872 1173 928 probatione
1190 872 1384 917 maiores
1401 873 1615 918 fecissent
1632 889 1919 931 progressus:

289 949 334 991 id
357 948 414 991 sit
444 948 572 1003 quasi
601 962 750 1004 genus
779 949 1004 1005 quoddam
1034 949 1330 1015 probationis.
1363 951 1631 994 Cauendum
1663 958 1811 995 tamen
1840 951 1929 997 erit.

289 1040 345 1069 ne
368 1033 607 1082 propterea
630 1026 848 1068 iacturam
874 1025 1060 1082 spiritus
1082 1026 1266 1070 faciant.

288 1149 379 1191 454
663 1159 724 1188 DE
758 1158 1074 1189 PROMOTIONE
1107 1161 1170 1190 AD
1203 1160 1544 1191 SACERDOTIUM

378 1259 447 1301 Ne
471 1257 737 1300 ordinentur
759 1259 1018 1302 sacerdotes
1040 1258 1199 1311 nostri,
1224 1273 1309 1302 nec
1332 1259 1672 1303 constituantur
1688 1260 1919 1304 confessa-

288 1335 340 1378 rii
364 1336 436 1378 vel
460 1335 809 1391 praedicatores,
835 1335 1093 1378 inconsulto
1117 1336 1385 1392 prouinciali
1407 1344 1452 1380 et
1478 1338 1583 1393 [non
1607 1337 1693 1380 nisi
1714 1338 1782 1393 eo]
1814 1352 1896 1394 pro
1913 1363 1922 1369 —

286 1413 440 1455 bante:
468 1412 658 1455 iuuenes
679 1427 789 1456 vero
818 1413 1077 1456 sacerdotes
1100 1427 1188 1455 non
1218 1413 1568 1457 destinabuntur
1591 1415 1647 1457 ad
1675 1414 1922 1459 audiendas

287 1489 524 1533 mulierum
550 1489 879 1542 confessiones3
907 1504 990 1532 nec
1014 1489 1090 1545 qui
1114 1497 1221 1532 sunt
1243 1491 1502 1535 sacerdotes
1525 1499 1570 1534 et
1598 1492 1707 1534 dant
1737 1507 1918 1548 operam

286 1566 428 1610 literis
457 1566 736 1610 iubebuntur
763 1566 1075 1611 confessiones
1106 1567 1264 1612 audire
1296 1582 1397 1610 cum
1432 1567 1607 1612 iactura
1640 1569 1917 1622 studiorum3

286 1645 444 1687 saltem
469 1658 560 1686 non
584 1644 692 1687 alias
714 1658 847 1698 quam
872 1644 1033 1688 diebus
1056 1644 1294 1687 dominicis
1317 1653 1361 1689 et
1382 1644 1523 1698 festis,
1548 1653 1593 1688 et
1612 1654 1720 1689 tunc
1737 1646 1921 1701 quidem

286 1721 322 1764 si
347 1721 602 1765 necessaria
624 1720 681 1763 sit
704 1735 859 1764 eorum
883 1735 1034 1777 opera.
1063 1722 1220 1777 Quare
1242 1723 1514 1774 curandum,
1541 1724 1692 1778 quoad
1709 1723 1807 1766 eius
1823 1723 1919 1767 fieri

286 1798 467 1854 poterit,
496 1805 542 1839 vt
565 1797 639 1840 alii
663 1797 925 1842 confessarii
949 1797 1039 1840 sint
1061 1798 1106 1841 in
1130 1798 1333 1856 collegiis
1356 1808 1373 1824 ³
1390 1798 1635 1843 sufficienti
1655 1814 1856 1843 numero.

939 1932 1002 1961 DE
1026 1932 1266 1962 MUNDITIA

377 2031 660 2075 Aduertatur
683 2040 728 2074 vt
752 2031 887 2076 certis
910 2031 1070 2075 diebus
1095 2032 1255 2075 fratres
1278 2033 1498 2076 mundent
1521 2031 1693 2088 caligas
1723 2047 1844 2084 suas,
1876 2040 1920 2075 et

287 2109 460 2163 reliqua
483 2108 766 2162 indumenta,
792 2109 836 2151 in
862 2109 1026 2163 quibus
1049 2108 1225 2164 concipi
1248 2110 1396 2152 solent
1418 2108 1435 2133 ὓ
1456 2109 1669 2165 pediculi.

377 2186 523 2228 Pedes
556 2200 614 2228 ne
647 2194 815 2229 temere
844 2185 961 2230 inter
990 2200 1038 2228 se
1070 2186 1225 2229 lauent
1259 2186 1436 2239 fratres,
1470 2200 1571 2237 nec,
1607 2194 1918 2242 praeterquam

285 2277 427 2317 quum
458 2277 617 2307 recens
644 2267 730 2308 455
759 2263 1026 2314 adueniunt,
1059 2263 1136 2305 fiat
1166 2262 1301 2306 huius
1329 2263 1511 2306 lotionis
1539 2278 1663 2315 vsus,
1697 2265 1753 2305 ad
1782 2278 1914 2318 quarn

285 2339 375 2381 sint
398 2339 699 2394 probatissimi
724 2339 964 2395 designati.

375 2417 524 2472 Caput
551 2416 674 2468 item,
702 2417 736 2458 si
761 2417 967 2459 consulat
990 2417 1193 2460 medicus
1214 2431 1313 2460 esse
1335 2418 1578 2460 lauandum
1615 2418 1842 2466 fratribus,
1870 2419 1913 2462 id

284 2509 342 2538 ne
366 2493 533 2536 faciant
557 2493 641 2549 ipsi
665 2501 825 2536 mutuo
847 2493 963 2537 inter
985 2507 1050 2545 se,
1076 2495 1155 2536 sed
1180 2502 1333 2536 tonsor
1355 2494 1649 2545 domesticus,
1676 2494 1712 2537 si
1735 2495 1836 2550 quis
1859 2496 1915 2538 sit

284 2570 422 2622 domi,
450 2571 521 2613 vel
544 2569 705 2625 aliquis
727 2584 781 2612 ex
806 2570 1006 2625 probatis
1028 2570 1258 2622 fratribus,
1284 2571 1356 2612 vel
1379 2578 1595 2614 externus
1620 2579 1789 2615 tonsor.

284 2704 346 2733 DE
371 2703 607 2741 NOUlTns,
636 2702 698 2731 ns
724 2701 1043 2740 PRAESERTIM,
1073 2702 1153 2739 om
1180 2703 1425 2732 HABITANT
1456 2703 1505 2732 IN
1535 2703 1789 2733 COLLEGns
1824 2705 1912 2734 VEL

410 2747 419 2757 .
779 2778 994 2808 Domlssus
1030 2778 1375 2808 PROFESSORUM
1409 2772 1425 2790 ⁰

371 2878 561 2930 Nouitii,
588 2877 664 2933 qui
688 2877 732 2920 in
763 2877 973 2919 domibus
1003 2877 1305 2932 professorum
1338 2887 1382 2919 et
1412 2878 1455 2919 in
1486 2878 1689 2934 collegiis
1717 2880 1913 2934 proban-

353 3057 370 3071 ὃ
420 3045 579 3091 collegii
599 3056 672 3080 ms.
729 3046 795 3071 -b
821 3044 916 3078 solet
936 3054 1006 3078 ms.
1060 3051 1122 3069 —C
1149 3053 1171 3087 9
1190 3042 1324 3077 ultima
1343 3043 1462 3078 verba
1480 3043 1610 3079 addita
1628 3044 1833 3090 posterius.
