2028 3426
315 181 384 225 654
788 180 943 215 PA‘rms
970 180 1215 216 H1ERONYM¹
1244 180 1393 216 NADAL

268 283 404 324 debet
428 281 502 324 illa
527 281 671 324 oratio
693 282 866 333 sedata,
893 289 939 323 vt
963 290 1149 337 gustum
1169 296 1325 326 secum
1344 284 1502 326 afferat
1524 291 1569 328 et
1587 284 1716 339 quasi
1733 285 1872 341 spiret
1889 295 1908 311 ‘¹

271 359 474 410 odorem,
501 358 576 414 qui
601 358 816 401 cordibus
834 358 1116 402 audientium
1135 373 1183 402 se
1201 358 1400 403 insinuet
1418 361 1666 404 fructuose.
1690 362 1791 404 Hoc
1810 377 1906 406 ma·

270 451 413 492 gnum
437 444 506 480 est
530 437 574 478 in
598 435 790 479 ecclesia
813 435 1130 489 ministerium,
1155 437 1277 491 quod
1295 450 1320 479 e
1337 437 1600 493 prophetiae
1622 439 1744 481 dono
1769 424 1905 494 profi-

271 512 457 556 ciscitur
480 514 524 554 in
548 512 738 556 ecclesia
768 511 841 554 Χῖ
864 513 955 556 Sed
990 521 1139 556 tamen
1165 513 1529 557 animaduertant
1561 515 1907 559 concionatores

270 590 441 632 donum
467 589 602 632 huius
628 589 890 644 prophetiae
913 604 1014 634 esse
1038 605 1170 645 posse
1192 590 1239 632 in
1263 590 1336 633 his
1358 591 1510 644 etiam,
1530 591 1607 646 qui
1630 592 1756 635 iuxta
1778 608 1905 636 suam

271 668 552 723 prophetiam
573 682 661 708 non
683 666 854 709 viuant.
882 666 1053 709 Dicunt
1070 667 1252 722 quidem
1275 668 1510 723 splendide
1528 676 1573 713 et
1596 677 1803 725 potenter
1828 685 1907 726 pro

271 743 507 793 concione,
536 744 699 784 viuunt
724 751 873 786 tamen
897 743 942 785 in
967 744 1166 788 tenebris
1183 744 1396 788 vitiorum
1419 746 1490 788 vel
1508 746 1627 790 vitae
1644 746 1907 791 infirmitate

272 829 409 875 atque
448 820 808 875 imperfectione.
844 820 906 863 Hi
934 821 1165 864 ducuntur
1201 821 1349 878 gratia
1380 822 1551 874 sensili,
1577 823 1725 878 gratia
1765 824 1908 880 gratis

273 898 393 949 data,
420 899 587 941 docent
622 897 730 940 vitia
768 898 971 941 deuitare
1009 907 1055 943 et
1082 899 1463 955 imperfectiones,
1496 902 1553 944 ad
1582 901 1906 957 perfectionem

273 975 502 1025 contendi3
531 974 630 1029 ipsi,
657 974 693 1016 si
718 976 953 1030 paululum
976 976 1263 1032 attingantur
1285 977 1435 1032 aliqua
1455 978 1811 1033 reprehensione
1828 987 1907 1022 aut

274 1051 639 1102 mortificatione,
666 1053 865 1107 produnt
888 1067 1016 1096 suam
1046 1052 1271 1097 miseriam
1301 1054 1642 1110 deplorandam.
1671 1056 1796 1110 Quid
1821 1056 1904 1113 igi-

278 1137 351 1170 tur
376 1129 510 1171 faciet
530 1138 683 1173 noster
701 1128 1016 1172 concionator?
1033 1131 1104 1174 Ne
1121 1131 1315 1173 naturali
1331 1132 1454 1174 dono
1473 1132 1709 1188 (siquidem
1729 1133 1822 1176 nati
1843 1133 1910 1176 vi-

273 1207 434 1248 dentur
475 1206 610 1260 aliqui
651 1206 707 1248 ad
745 1206 1125 1261 concionandum)
1154 1208 1368 1251 confidat:
1410 1223 1557 1265 neque
1592 1224 1698 1253 vero
1731 1210 1768 1253 si
1801 1211 1910 1266 quid

275 1291 509 1338 praeterea
534 1283 758 1326 Dominus
780 1283 841 1325 illi
866 1284 1039 1327 dederit
1058 1285 1337 1340 prophetiae,
1359 1285 1435 1328 illo
1451 1287 1599 1329 solum
1620 1287 1807 1335 nitatur,
1829 1289 1908 1331 sed

273 1359 392 1403 vitae
417 1360 663 1415 puritatem
692 1369 736 1404 et
766 1362 1041 1416 exemplum,
1068 1369 1113 1405 et
1151 1362 1383 1405 charitatis
1413 1364 1637 1407 feruorem
1667 1365 1904 1421 adiungat;

274 1437 370 1480 sine
388 1439 473 1479 hoc
492 1438 612 1479 enim
631 1437 790 1493 spiritu
809 1439 999 1493 deputet
1015 1453 1115 1482 esse
1132 1454 1239 1483 suas
1256 1440 1500 1484 conciones
1524 1442 1594 1484 vel
1613 1443 1816 1494 effoetas‚
1837 1444 1909 1486 vel

275 1513 311 1555 si
337 1515 533 1556 fructum
557 1516 754 1558 afferant
772 1523 836 1569 (vt
853 1515 950 1558 fieri
968 1515 1211 1570 aliquando
1235 1516 1475 1572 videmus),
1498 1516 1648 1560 videat
1671 1533 1727 1561 ne
1745 1520 1802 1562 de
1823 1518 1910 1562 illis

275 1591 332 1632 sit
358 1592 556 1644 tandem,
583 1591 749 1646 quibus
771 1591 979 1635 dicturus
995 1600 1064 1635 est
1082 1594 1232 1648 Xpus.
1261 1595 1405 1649 (Matt.
1430 1595 1489 1649 7.)
1512 1595 1784 1650 «Nunquam
1803 1595 1909 1638 noui

274 1683 372 1721 vos,
399 1668 576 1713 etiamsi
604 1668 987 1724 prophetaueritis
1015 1677 1059 1712 et
1093 1671 1258 1713 multas
1287 1670 1479 1722 ,virtutes
1519 1672 1762 1724 feceritis»,
1788 1673 1910 1727 quod

274 1747 399 1788 Deus
423 1761 555 1789 omen
577 1754 770 1790 auertat.

365 1825 465 1866 Non
491 1832 558 1866 est
581 1823 716 1879 igitur
740 1823 801 1866 ita
823 1824 1204 1876 concionandum,
1231 1832 1278 1866 vt
1309 1825 1490 1881 pessimi
1520 1826 1689 1881 quique
1719 1835 1910 1882 possunt

273 1900 553 1953 concionari;
580 1902 660 1944 sed
690 1900 799 1943 illud
830 1908 1004 1945 attente
1029 1909 1098 1945 est
1126 1901 1598 1956 animaduertendum,
1624 1903 1661 1946 si
1692 1905 1911 1948 naturalis

275 1969 487 2028 facultas,
516 1979 587 2021 vel
611 1978 746 2021 etiam
772 1992 827 2020 ex
849 1979 970 2021 dono
992 1978 1076 2021 Dei
1101 1979 1302 2034 gratuito
1325 1981 1542 2035 profecta,
1571 1989 1739 2024 tantam
1765 1990 1911 2037 potest

278 2054 523 2097 efficaciam
546 2055 671 2097 verbi
696 2054 956 2107 conciliare,
982 2055 1090 2111 quid
1108 2070 1199 2098 non
1223 2057 1494 2111 sperandum
1519 2058 1576 2100 ab
1599 2058 1911 2102 excellentiori

277 2131 498 2172 virtutum
525 2140 568 2173 et
592 2133 816 2174 donorum
857 2133 1089 2184 facultate,
1114 2133 1377 2188 praesertim
1408 2148 1516 2176 vero
1545 2135 1742 2190 Spiritus
1764 2135 1908 2178 sancti

277 2208 497 2252 charitate
528 2217 572 2252 et
601 2209 842 2264 sapientia?
872 2210 978 2252 Huc
1007 2209 1146 2265 igitur
1176 2210 1443 2263 incumbite,
1470 2212 1835 2264 concionatores,
1861 2220 1908 2254 vt

276 2286 533 2336 facultates,
561 2301 673 2340 quas
702 2287 757 2328 ad
786 2295 1058 2342 suggestum
1091 2287 1333 2339 adducitis,
1360 2287 1449 2330 vim
1483 2289 1722 2345 accipiant,
1760 2305 1854 2333 non
1886 2306 1911 2333 a

275 2362 407 2404 donis
437 2364 507 2404 vel
547 2363 828 2405 naturalibus
862 2364 931 2406 vel
960 2364 1102 2419 gratis
1129 2364 1246 2408 datis
1284 2373 1476 2418 tantum,
1503 2367 1582 2409 sed
1612 2367 1669 2410 ab
1699 2367 1768 2420 iis,
1794 2382 1911 2422 quae

277 2447 457 2495 gratum
485 2441 712 2483 hominem
744 2440 933 2492 faciunt3
960 2449 1096 2495 atque
1125 2442 1237 2484 adeo
1267 2442 1555 2499 coniungatis
1583 2443 1785 2487 omnium
1819 2444 1909 2486 vir-

279 2525 425 2559 tutum
444 2517 620 2572 copiam
645 2516 662 2542 ¹³
685 2516 981 2572 spiritualem,
1002 2533 1118 2573 quae
1136 2518 1304 2573 aliquid
1324 2519 1526 2562 Vtilitatis
1545 2521 1707 2563 vestris
1725 2522 1912 2564 concio-

279 2594 412 2636 nibus
449 2595 613 2638 afferre
643 2594 798 2650 possit.
836 2595 948 2636 Illud
986 2595 1119 2638 etiam
1154 2596 1199 2638 in
1229 2596 1428 2639 animum
1459 2605 1660 2641 vestrum
1690 2597 1907 2651 inducite,

280 2686 360 2713 x‘os
383 2687 472 2714 non
497 2672 595 2714 aliis
618 2672 763 2714 solum
788 2672 1062 2723 concionari,
1089 2674 1168 2716 sed
1192 2673 1321 2715 vobis
1353 2683 1397 2716 et
1433 2674 1624 2729 primum
1654 2684 1700 2719 et
1729 2675 1910 2731 potissi-

283 2764 419 2790 mum.
449 2750 543 2791 Vos
573 2749 790 2800 doceatis,
824 2763 905 2790 vos
943 2749 1150 2792 excitetis
1179 2750 1390 2793 omnibus
1428 2752 1671 2795 affectibus
1700 2753 1757 2795 ad
1794 2752 1911 2796 vitae

281 2826 518 2879 puritatem
544 2835 588 2869 et
619 2825 958 2881 perfectionem.
993 2827 1139 2881 Xpus.
1166 2826 1211 2868 in
1242 2827 1369 2869 vobis
1399 2828 1625 2882 loquatur,
1650 2828 1697 2871 in
1721 2829 1849 2872 vobis
1867 2837 1912 2874 et

351 2944 366 2958 ἰ
417 2931 601 2977 Sequitur
621 2943 739 2966 unum
761 2933 869 2968 verb.
887 2932 1150 2968 obliteratum.
1202 2952 1237 2958 -
1253 2935 1269 2958 ¹·
1298 2934 1426 2968 Dubia
1446 2935 1575 2970 lectio.
1592 2934 1788 2981 Scriptum
1808 2935 1914 2971 vide-

280 2997 340 3023 tur
359 2993 606 3037 carregv'am.
632 2991 779 3026 Sensus
799 3003 892 3026 vero
909 2990 1065 3038 copiam
1087 2992 1149 3026 vel
1167 2991 1271 3026 aliud
1290 2993 1416 3027 simile
1436 2995 1616 3039 postulat.
