2028 3426
662 213 936 249 MONUMENTA
964 213 1218 249 GERMANIAE
1228 232 1258 238 -
1268 212 1314 247 32
1687 220 1753 256 225

261 314 431 356 Verum
455 314 521 370 (ut
544 328 598 357 eo
620 315 858 358 redeamus
887 315 1008 357 unde
1037 328 1122 357 nos
1143 312 1332 356 abduxit
1361 313 1485 356 zelus
1515 313 1685 368 gloriae
1715 313 1799 356 Dei

172 396 217 433 et
241 389 411 432 Christi
428 390 647 433 aduersus
670 391 1011 434 lutheranorum
1041 393 1250 435 haereses
1277 397 1321 433 et
1351 388 1667 445 blasphemias)
1692 391 1799 431 cha‘

173 465 280 509 ritas
307 474 376 509 est
398 481 624 509 summum
648 467 735 509 Dei
757 467 803 509 in
825 470 909 511 hac
933 467 1099 510 milicia
1119 466 1338 511 ecclesiae
1361 467 1547 518 donum,
1573 480 1653 522 per
1678 467 1799 520 quod

42 554 58 558 ”
106 579 114 583 ,
172 557 257 585 nos
279 542 378 585 unit
395 543 579 586 Christo
602 551 646 587 et
668 543 752 586 sibi
776 546 918 596 Deus,
947 551 996 587 ut
1017 544 1104 586 iam
1127 559 1268 586 unum
1292 557 1395 585 cum
1426 542 1611 585 Christo
1634 550 1680 585 et
1701 544 1801 584 Deo

172 618 327 671 simus,
354 635 442 662 vna
463 620 509 662 in
538 620 722 663 Christo
763 621 932 663 uirtute
966 621 1175 664 uiuamus
1198 628 1243 664 et
1280 634 1534 676 operemur,
1577 626 1622 662 et
1662 619 1798 661 uitam

172 703 400 739 aeternam
428 697 472 739 in
497 697 627 740 nobis
650 699 914 741 habeamus.
942 700 1076 740 Hanc
1101 698 1240 740 uitam
1269 696 1467 740 ostendit
1490 697 1618 747 fides,
1645 695 1799 738 nobis—

172 787 259 827 que
282 781 405 817 certe
426 775 672 828 persuadet
701 774 747 816 in
770 775 967 822 Christo,
994 789 1046 817 ac
1075 774 1265 817 interius
1292 775 1420 816 firma
1452 780 1520 816 est
1544 772 1795 828 promissio,

171 849 207 891 si
231 864 322 891 non
343 851 492 893 solum
515 851 752 894 credamus
780 859 824 893 et
862 852 1143 893 confidamus
1180 851 1242 892 ita
1270 850 1382 902 fore3
1409 851 1489 892 sed
1519 862 1568 891 ut
1591 849 1650 900 id,
1678 849 1797 903 quod

171 927 266 970 fore
287 934 332 969 et
354 927 580 971 credimus
602 934 647 969 et
669 942 918 982 speramus,
946 927 991 968 in
1014 927 1144 969 nobis
1167 926 1275 982 ipsis
1304 926 1590 982 recipiamus

252 1005 352 1059 Jam
377 1018 485 1047 uero
508 1005 563 1046 de
586 1003 858 1046 certitudine
881 1003 1015 1046 huius
1038 1003 1212 1059 gratiae
1230 1003 1265 1046 si
1288 1004 1542 1058 loquamur,
1576 1002 1707 1045 facile
1729 1001 1797 1043 in—

171 1079 429 1136 telligemus
451 1081 507 1124 de
530 1087 634 1123 actu
673 1080 793 1131 fidei,
835 1080 931 1135 spei
969 1088 1013 1124 et
1050 1080 1283 1123 charitatis
1321 1079 1559 1135 acquisito,
1602 1094 1684 1121 nos
1707 1093 1798 1120 non

169 1157 304 1200 fidem
326 1157 487 1210 solum,
513 1158 593 1201 sed
615 1157 891 1201 euidentiam
915 1158 1082 1200 habere
1105 1172 1252 1212 posse,
1274 1164 1324 1199 ut
1341 1157 1397 1200 de
1419 1156 1597 1199 actibus
1615 1155 1797 1198 nostris.

169 1234 280 1276 Item
302 1234 359 1275 de
381 1248 516 1276 sensu
535 1234 756 1289 spirituali
773 1234 893 1285 fidei,
915 1234 1011 1289 spei
1029 1241 1073 1278 et
1090 1234 1323 1277 charitatis
1342 1233 1678 1284 certitudinem,
1701 1239 1796 1274 tum

170 1310 290 1353 enim
311 1311 368 1354 de
405 1310 572 1354 auxilio
602 1311 687 1354 Dei
715 1311 915 1367 speciali,
956 1312 1077 1366 quod
1115 1311 1388 1354 sensibiliter
1417 1309 1547 1352 nobis
1585 1305 1800 1352 nonnun-

169 1402 304 1442 quam
327 1387 699 1430 communicatur.
741 1389 832 1432 Sed
869 1390 981 1430 haec
1019 1388 1150 1443 signa
1188 1389 1333 1430 solum
1373 1395 1480 1430 sunt
1504 1388 1569 1443 (ut
1591 1386 1677 1429 alia
1699 1400 1801 1441 per-

170 1465 325 1519 multa)
349 1464 628 1509 inhaerentis
650 1464 780 1506 nobis
799 1464 989 1520 gratiae,
1011 1479 1101 1507 non
1120 1464 1344 1506 certitudo
1362 1464 1483 1515 fidei,
1505 1478 1595 1505 non
1609 1462 1799 1506 euiden-

171 1540 232 1584 tia
254 1541 430 1584 infusae
460 1541 641 1583 uirtutis
670 1541 869 1585 moralis.
894 1540 1121 1593 Charitas,
1149 1555 1265 1595 quae
1294 1555 1376 1583 nos
1406 1540 1637 1591 iustificat,
1669 1540 1801 1591 fides,

171 1631 289 1673 spes,
311 1618 555 1670 euidentia,
578 1632 667 1673 qua
683 1618 960 1670 huiusmodi,
982 1632 1082 1661 esse
1100 1632 1189 1660 non
1208 1624 1414 1673 possunt,
1436 1631 1540 1659 cum
1559 1616 1649 1659 sint
1666 1631 1803 1671 supra

171 1694 326 1738 lumen
350 1696 571 1738 naturale.
1776 1753 1780 1756 ,

259 1771 413 1814 Dicas:
441 1771 633 1814 Lumine
654 1786 765 1828 ergo
787 1772 893 1815 fidei
916 1771 1158 1814 habebitur
1179 1772 1235 1814 de
1257 1770 1342 1813 illis
1366 1770 1609 1812 certitudo?
1632 1769 1679 1810 Id
1702 1768 1802 1823 qui-

170 1848 272 1891 dem
298 1847 580 1891 uerissimum
603 1855 688 1901 est,
714 1848 804 1892 fide
826 1856 975 1892 certos
1000 1863 1082 1891 nos
1105 1863 1205 1892 esse
1227 1843 1284 1891 e'x
1307 1847 1447 1891 uerbo
1468 1846 1570 1900 Dei,
1597 1846 1672 1887 illa
1696 1845 1795 1902 (sci-

169 1923 274 1968 licet
297 1925 451 1977 fidem,
477 1939 601 1980 spem
625 1933 670 1968 et
691 1925 973 1981 charitatem)
992 1940 1092 1969 esse
1113 1926 1232 1967 dona
1253 1924 1299 1966 in
1322 1923 1527 1975 ecclesia,
1553 1924 1633 1966 sed
1655 1937 1797 1978 gene—

170 2000 250 2043 rali
274 2008 421 2043 tamen
444 2002 549 2053 fide,
575 2001 618 2043 in
644 2017 733 2056 qua
753 2001 1065 2045 'confortamur
1096 2010 1141 2046 et
1170 2002 1456 2044 consolamur
1486 2002 1795 2050 uehementer,

170 2078 243 2120 uel
265 2086 400 2132 quam
423 2079 660 2121 credamus
682 2079 817 2122 etiam
842 2076 993 2122 in'nos
1012 2078 1212 2130 extendi,
1234 2092 1408 2133 nosque
1426 2076 1690 2132 complecti,
1712 2075 1798 2118 nisi

169 2153 367 2197 desimus
387 2155 575 2211 gratiae.
604 2156 757 2210 Atque
780 2170 871 2198 non
894 2162 1042 2211 potest
1065 2170 1164 2199 esse
1187 2155 1317 2197 nobis
1339 2161 1515 2197 certum
1534 2168 1589 2196 ex
1606 2153 1696 2196 fide
1715 2167 1796 2194 nos

170 2237 274 2272 actu
298 2232 448 2275 facere
472 2233 592 2287 quod
614 2232 757 2288 exigit
779 2234 922 2284 Deus,
958 2232 1221 2288 praesertim
1251 2246 1355 2274 cum
1385 2231 1430 2273 id
1460 2245 1550 2273 non
1574 2229 1799 2285 possimus

169 2306 265 2349 sine
287 2307 468 2362 speciali
490 2309 576 2351 Dei
598 2309 779 2360 auxilio,
805 2310 862 2352 de
883 2323 973 2363 quo
996 2308 1081 2352 etsi
1103 2309 1239 2352 fidem
1262 2308 1513 2350 habeamus
1542 2307 1587 2348 in
1612 2306 1796 2348 uniuer-

170 2382 266 2434 sali,
293 2398 386 2425 non
409 2390 560 2428 tamen
583 2385 627 2427 in
652 2385 910 2440 particulari
946 2368 1082 2429 fidem
1105 2386 1177 2428 uel
1208 2384 1484 2429 euidentiam
1515 2399 1597 2426 nos
1626 2382 1686 2424 illi
1710 2396 1798 2423 non

170 2459 342 2503 deesse.
370 2461 498 2503 Haec
527 2461 802 2504 incertitudo
831 2468 899 2504 est
937 2461 1207 2503 humilitatis
1229 2468 1274 2504 et
1311 2459 1512 2504 exercitii
1536 2458 1795 2515 spiritualis,

171 2534 343 2577 timoris
366 2543 410 2580 et
429 2537 646 2589 ueritatis,
673 2552 789 2592 quae
814 2545 863 2580 ut
885 2553 942 2581 ne
959 2538 1188 2581 hominem
1207 2537 1403 2587 deiiciat,
1425 2536 1532 2579 facit
1553 2535 1697 2577 uirtus
1716 2533 1803 2576 Dei·

170 2626 250 2667 per
271 2612 422 2663 fidem,
448 2627 590 2668 spem,
615 2621 660 2656 et
681 2613 898 2669 imprimis
921 2628 1002 2670 per
1024 2614 1305 2665 charitatem,
1340 2628 1416 2668 per
1442 2612 1648 2662 uirtutes,
1684 2624 1798 2664 quae

144 2734 147 2736 μ
169 2702 248 2742 per
269 2687 411 2744 ipsam
435 2691 624 2733 eandem
649 2690 917 2733 humilitatis
939 2691 984 2733 in
1009 2690 1138 2733 nobis
1161 2699 1267 2733 sunt
1295 2691 1502 2732 efficaces
1532 2702 1582 2729 ac
1613 2686 1800 2728 coadiu-

171 2763 321 2816 trices,
348 2772 397 2806 ut
418 2766 668 2809 seruiamus
691 2767 888 2810 Domino
916 2767 962 2809 in
986 2768 1162 2819 timore,
1195 2774 1239 2810 et
1267 2767 1522 2808 exultemus
1559 2763 1605 2804 in
1629 2772 1799 2804 tremo-

171 2854 219 2882 re
252 2842 280 2892 ¹,
307 2842 378 2884 vel
421 2841 554 2884 etiam
577 2842 624 2884 in
663 2843 823 2887 timore
860 2851 905 2886 et
943 2851 1140 2887 tremore
1178 2844 1367 2885 salutem
1407 2848 1604 2883 nostram
1638 2852 1805 2893 opere-—

243 3006 253 3026 ¹
304 3007 373 3043 Ps.
393 3006 444 3053 II,
469 3016 531 3044 11.

350 3070 465 3099 ΕῬιετ.
489 3073 529 3099 Ρ.
553 3072 688 3106 ΝΑῡΑι,
709 3079 790 3100 rom.
815 3072 880 3100 IV.
1594 3067 1630 3094 15
