2028 3426
672 168 1088 205 INSTRUCTIONEs—(3
1097 176 1110 203 1
1587 173 1654 209 505

7 307 11 311 .
73 271 269 325 stiendo,
301 272 415 315 ratio
444 271 599 315 haberi
628 259 768 327 possit
805 285 831 311 a
864 268 1146 326 prouinciali,
1178 266 1385 323 quisnam
1425 273 1575 309 vestes
1604 265 1701 308 illas

18 376 19 381 =
72 357 193 394 esset
215 350 464 393 soluturus.

163 428 408 482 Nunquam
431 425 609 469 omittet
631 431 779 468 rector
806 423 960 467 vtilem
989 421 1330 465 instructionem
1360 420 1482 471 dare,
1510 434 1588 474 pro
1626 419 1700 461 iti-

74 518 198 555 nere,
224 502 303 555 illi,
330 517 464 558 quem
487 501 640 544 mittit.

163 581 328 624 Nullus
349 594 406 622 ex
428 594 516 621 vna
537 577 770 634 prouincia
799 577 846 619 in
875 576 1006 619 aliam
1034 571 1255 625 mittatur,
1281 574 1452 627 absque
1490 572 1703 614 facultate

74 657 147 699 vel
169 655 395 713 generalis
417 654 676 711 praepositi,
701 654 773 697 vel
797 651 1106 703 commissarii,
1133 651 1205 692 vel
1226 663 1453 693 consensu
1482 647 1580 691 eius
1602 662 1702 702 pro-

76 733 296 785 uincialis,
318 735 375 775 ad
396 732 525 775 cuius
547 730 827 788 prouinciam
850 729 1060 772 mittitur.

166 811 306 853 Curet
329 809 570 864 diligenter
598 807 870 863 intelligere,
898 806 1047 861 quoad
1079 804 1178 849 eius
1205 803 1304 847 fieri
1340 801 1522 859 poterit,
1549 807 1594 844 et
1626 800 1702 856 qui

74 887 227 940 mittit,
254 893 299 930 et
321 887 377 929 ad
399 901 533 940 quem
558 884 752 927 mittitur
774 891 943 936 noster,
970 881 1348 937 quemadmodum
1373 894 1421 923 se
1444 877 1636 934 gesserit
1658 877 1703 919 in

74 963 252 1008 itinere:
279 970 324 1007 et
345 961 712 1018 quandoquidem
742 961 874 1004 facile
903 959 948 1002 id
969 964 1050 1005 395
1078 957 1181 1001 sciri
1214 972 1306 999 non
1334 955 1520 1012 poterit,
1545 955 1703 997 saltem

75 1040 187 1083 illud
209 1042 492 1091 obseruetur‚
518 1039 639 1094 quod
662 1038 767 1081 alibi
789 1038 960 1080 dietum
983 1043 1068 1088 est,
1094 1035 1283 1091 primam
1307 1033 1431 1076 missi
1453 1030 1703 1075 confessio—

76 1133 180 1161 nem
202 1125 251 1159 vt
274 1117 476 1173 superior
498 1117 555 1159 ad
577 1130 711 1170 quem
735 1114 926 1157 mittitur
948 1113 1102 1156 audiat
1130 1114 1157 1163 ¹,
1196 1119 1258 1163 vt,
1291 1111 1328 1154 si
1357 1110 1479 1165 quod
1516 1107 1704 1165 grauius

77 1194 140 1236 illi
163 1193 400 1238 accidisset
422 1194 704 1244 scandalum,
730 1199 837 1241 eto,
863 1198 991 1233 curet
1014 1189 1237 1241 resarciri,
1264 1189 1390 1231 salua
1414 1195 1563 1229 tamen
1585 1185 1704 1228 inte-

77 1272 244 1344 gritate
261 1271 412 1327 sigilli.

139 1405 201 1434 DE
223 1403 541 1434 DIMITTENDIS
565 1404 594 1432 A
619 1403 902 1439 SOCIETATE,
931 1402 989 1431 ET
1020 1401 1106 1439 IIS,
1132 1401 1214 1438 QUI
1246 1399 1422 1429 INIUSSI
1454 1397 1646 1427 ABEUNT

168 1503 276 1559 Qui,
303 1502 476 1559 egressi
497 1517 522 1545 e
545 1502 771 1546 Societate
794 1502 966 1555 absque
988 1500 1220 1551 facultate,
1247 1499 1455 1550 redeunt,
1481 1495 1705 1539 ordinarie

26 1606 29 1610 ·
79 1580 266 1636 primam
288 1578 599 1635 probationem
623 1586 778 1635 agant:
806 1577 1092 1633 poenitentiis
1115 1575 1394 1619 satisfaciant
1411 1574 1705 1638 scandalon&

77 1657 231 1700 denuo
255 1670 410 1698 omnes
436 1655 726 1711 probationes
749 1656 931 1705 obeant,
963 1668 1015 1696 ao
1043 1653 1080 1696 si
1103 1662 1212 1695 tunc
1242 1651 1433 1708 primum
1463 1652 1519 1694 ad
1548 1649 1706 1695 Socie-

79 1739 217 1776 tatem
247 1732 472 1784 uenirent,
508 1739 645 1787 atque
672 1732 784 1775 adeo
813 1730 1064 1775 seueriores
1092 1730 1148 1772 ad
1179 1728 1414 1771 arbitrium
1443 1726 1701 1784 superioris.
1764 1746 1768 1750 ⁵

81 1810 254 1853 Poterit
277 1817 428 1852 tamen
451 1809 496 1851 in
519 1807 818 1851 hisadhiberi
838 1806 1115 1863 dispensatio
1137 1821 1192 1849 ex
1215 1820 1368 1849 causa.

167 1886 268 1938 His,
295 1886 372 1941 qui
394 1885 616 1942 legittime
639 1884 950 1937 dimittuntur,
974 1885 1108 1926 detur
1130 1883 1266 1925 huius
1290 1882 1354 1926 rei
1377 1881 1702 1932 testimonium,

78 1964 201 2018 quod
222 1963 282 2006 ita
306 1969 644 2019 attemperetur,
672 1969 717 2004 vt
740 1968 785 2004 et
808 1962 864 2004 ad
887 1960 1129 2005 Societatis
1151 1965 1232 2006 396
1254 1959 1611 2003 aedificationem
1638 1958 1706 2000 fa-

78 2053 183 2083 cere
206 2039 362 2096 possit,
388 2046 433 2082 et
454 2039 553 2082 illos
577 2055 634 2083 ne
657 2039 882 2082 traducat.
1537 2078 1538 2081 ,

169 2118 269 2172 Ipso
293 2117 428 2168 facto,
454 2130 544 2170 quo
565 2114 769 2170 superior
792 2114 987 2169 aliquem
1011 2113 1131 2158 eiicit
1159 2112 1379 2169 legittime
1407 2127 1432 2155 e
1460 2112 1703 2164 Societate‚

81 2192 157 2237 ille
187 2200 389 2256 remanet
417 2191 529 2234 liber
552 2207 578 2234 a
607 2191 740 2243 votis,
757 2190 804 2233 >si
826 2192 1057 2247 professus
1081 2205 1171 2233 non
1194 2190 1267 2242 sit,
1293 2204 1441 2244 neque
1463 2188 1706 2244 ambiguus

13 2305 15 2309 .
79 2284 180 2313 esse
208 2270 359 2321 debet,
394 2268 521 2324 quasi
554 2268 649 2324 ipse
680 2268 855 2312 dederit
886 2282 1068 2311 eausam
1100 2282 1211 2310 suae
1238 2265 1529 2309 dimissionis.
1569 2266 1702 2316 Nam,

80 2345 216 2389 etiam
239 2345 276 2388 si
298 2345 487 2396 dederit,
515 2352 665 2388 tamen
688 2352 812 2388 tenet
835 2336 1020 2395 factum,
1047 2343 1129 2386 nisi
1161 2344 1341 2399 quando
1370 2341 1531 2397 aliquis
1553 2342 1609 2384 de
1632 2340 1703 2382 in-

26 2473 33 2478 ,
79 2422 252 2465 dustria
284 2422 454 2477 aliquid
482 2428 654 2477 ageret,
686 2428 734 2463 vt
762 2421 1062 2476 expelleretur
1090 2434 1145 2462 ex
1168 2419 1410 2470 Societate,
1442 2433 1532 2460 non
1563 2431 1706 2459 rema—

81 2506 158 2541 net
180 2498 293 2543 liber
315 2514 341 2541 a
368 2497 503 2542 votis.
527 2498 695 2541 Verum
721 2497 758 2540 si
780 2504 936 2553 postea
957 2497 1177 2552 superior,
1210 2497 1344 2538 rebus
1373 2493 1582 2537 omnibus
1605 2507 1706 2547 per-

78 2575 264 2631 spectis,
290 2575 458 2618 malitia
480 2574 615 2618 etiam
634 2574 731 2618 eius
748 2581 1000 2630 praesente,
1020 2588 1124 2616 eum
1148 2581 1299 2616 tamen
1316 2571 1573 2627 expelleret,
1594 2569 1706 2611 liber

84 2659 351 2695 remaneret.

170 2728 306 2783 Quod
323 2734 496 2783 spectat
514 2727 569 2770 ad
587 2727 846 2771 facilitatem
864 2733 943 2769 aut
959 2726 1269 2769 difficultatem
1288 2721 1557 2772 dimittendi,
1578 2735 1705 2777 prae-

79 2804 234 2849 sertim
257 2803 471 2856 nouitios,
497 2817 588 2846 non
609 2810 758 2859 potest
780 2803 876 2845 dari
905 2803 1053 2858 aliqua
1076 2802 1235 2858 regula
1265 2799 1434 2849 melior,
1470 2812 1603 2852 quam
1633 2812 1702 2848 ea,

157 2974 166 2994 ¹
218 2972 318 3008 Vide
336 2973 439 3008 dicta
457 2973 496 3008 in
515 2984 605 3020 pag.
625 2980 708 3016 402,
727 2977 862 3006 annot.
893 2979 923 3004 1.
