2028 3426
422 248 696 284 MONUMENTA
721 257 977 284 PRoviNclAE
1002 249 1284 285 RHENANAE-
1291 258 1336 294 52
1574 249 1643 297 319

18 337 22 342 ¹
54 363 270 393 exercere
299 349 444 391 solent
472 349 518 390 in
546 349 738 405 publicis
766 349 1163 406 disputationibus,
1195 350 1478 393 examinibus
1507 358 1552 393 et
1581 366 1686 406 pro—

60 424 392 469 motionibus...

146 501 432 545 Adhibeatur
454 488 579 552 cura,
605 508 655 544 ut
678 503 839 546 fratres
860 502 906 544 in
938 501 1293 546 recreationibus
1322 517 1348 544 a
1378 503 1567 558 prandio
1591 511 1634 547 et
1659 519 1684 545 a

50 591 196 620 >coena
217 585 454 622 versentur
477 592 580 621 cum
603 578 838 632 modestia,
864 587 909 622 et
925 586 1202 635 proponatur
1232 578 1342 635 ipsis
1375 579 1511 623 index
1529 594 1683 623 earum

58 667 224 707 rerum,
250 655 306 698 de
329 655 495 709 quibus
516 655 794 709 loquendum
817 655 875 698 sit
897 655 943 697 in
966 655 1376 700 recreationibus...

144 731 339 774 Nouitiis
367 746 458 774 non
491 731 778 787 permittatur
806 731 1079 786 colloquium
1108 747 1212 774 cum
1241 732 1455 785 externis,
1487 733 1584 777 sine
1607 749 1682 777 ex-

49 822 209 862 pressa
233 808 447 852 facultate
468 808 716 863 superioris
739 809 813 852 uel
836 808 1042 864 magistri
1065 809 1339 852 nouitiorum
1368 812 1396 852 ¹.

142 885 192 926 In
214 899 369 927 mensa
390 885 543 927 nullus
565 885 689 940 legat
707 900 761 928 ex
780 885 1126 940 professoribus:
1147 886 1192 928 id
1210 887 1368 930 saltem
1392 887 1678 938 obseruetur,

53 975 110 1004 ne
132 962 359 1016 professor
380 960 556 1016 aliquis,
583 961 660 1016 qui
681 962 885 1017 proxima
910 963 1020 1005 hora
1042 962 1231 1018 prandio
1254 963 1326 1006 vel
1348 977 1489 1007 coene
1511 965 1680 1008 docue-

54 1037 125 1088 rit,
146 1038 203 1079 ad
224 1037 269 1079 id
292 1037 527 1093 prandium
551 1039 624 1081 vel
646 1052 833 1081 coenam
858 1039 997 1094 legat.

140 1114 317 1157 Nostris
340 1123 357 1139 ²²
373 1121 441 1157 est
463 1114 840 1166 interdicendum,
867 1122 911 1158 et
934 1115 1115 1170 quidem
1133 1115 1390 1172 diligenter,
1410 1131 1467 1160 ne
1490 1117 1678 1160 omnino

45 1190 293 1234 adhibeant
316 1205 476 1234 manus
498 1193 554 1234 ad
575 1191 729 1244 libros,
756 1199 801 1234 et
823 1192 869 1234 in
891 1192 956 1234 eis
979 1193 1220 1247 quicquam
1244 1193 1458 1237 scribant.
1481 1196 1675 1237 Tantum

52 1266 109 1309 sit
128 1267 396 1323 permissum
420 1267 489 1319 iis,
515 1267 591 1323 qui
613 1269 847 1324 eleganter
869 1268 1089 1320 scribunt,
1115 1270 1355 1313 emendare
1386 1277 1672 1323 contextum;

51 1343 131 1387 sed
154 1343 199 1385 id
221 1358 276 1386 ex
299 1344 524 1388 sententia
541 1344 818 1400 preceptoris
840 1345 928 1388 sui.

137 1422 307 1477 Magno
330 1420 482 1463 studio
503 1428 548 1463 et
571 1421 806 1477 diligentia
828 1422 904 1465 det
928 1435 1110 1477 operam
1137 1424 1186 1464 P.
1216 1423 1497 1473 Leonardus,
1527 1431 1575 1465 ut
1593 1425 1674 1466 ha-

48 1497 153 1539 beat
174 1497 462 1541 coadiutores
496 1498 782 1554 temporales,
814 1498 891 1553 qui
928 1498 1103 1541 labores
1133 1498 1356 1541 sustinere
1386 1500 1559 1555 possint
1581 1501 1674 1543 col-

39 1573 169 1629 legii,
195 1573 429 1629 presertim
453 1574 645 1627 culinae,
671 1581 720 1616 ut
742 1589 831 1617 non
855 1589 1076 1630 cogamur
1093 1575 1324 1618 continere
1342 1575 1386 1617 in
1410 1575 1561 1619 culina
1577 1591 1670 1630 eos,

43 1650 123 1705 qui
145 1657 329 1706 possent
357 1665 457 1695 esse
485 1650 578 1706 apti
605 1650 784 1695 studiis.
825 1652 997 1706 ltaque,
1040 1652 1116 1706 qui
1153 1666 1275 1694 nunc
1313 1651 1357 1693 in
1388 1652 1538 1695 culina
1567 1661 1673 1695 sunt

38 1726 135 1782 apti
154 1727 330 1779 studiis,
355 1727 499 1783 primo
522 1742 701 1782 quoque
724 1735 925 1783 tempore
948 1727 1069 1770 illinc
1097 1729 1393 1771 traducantur
1422 1729 1478 1771 ad
1502 1730 1667 1772 studia.

133 1804 359 1847 Aduertat
376 1803 579 1859 superior
596 1820 654 1848 ne
671 1811 923 1860 grauentur
940 1804 1224 1847 coadiutores
1238 1806 1506 1860 temporales
1523 1805 1671 1849 nimiis

45 1879 420 1935 occupationibus
455 1881 529 1924 uel
566 1880 811 1923 laboribus:
853 1880 898 1923 id
921 1882 1014 1934 fiet,
1047 1881 1083 1924 si
1105 1881 1254 1937 potius
1292 1883 1493 1925 abundet
1515 1897 1669 1927 eorum

45 1969 275 2009 numerus,
302 1972 436 2012 quam
459 1958 497 2000 si
518 1958 576 2001 sit
598 1958 820 2012 adequate
841 1958 1135 2009 conueniens,
1155 1958 1239 2001 etsi
1258 1959 1332 2001 alii
1351 1959 1511 2002 nouitii
1533 1960 1668 2003 desti-

43 2041 224 2087 nentur,
251 2034 328 2089 qui
350 2048 430 2076 eos
446 2034 621 2086 iuuent,
648 2034 806 2078 saltem
830 2049 961 2078 mane
983 2042 1028 2078 et
1045 2034 1237 2090 vesperi,
1258 2035 1315 2078 ad
1332 2035 1549 2078 lauandas
1567 2051 1668 2079 scu-

42 2110 186 2154 tellas.

131 2187 241 2230 Coci
262 2196 308 2230 et
335 2188 519 2231 omnino
546 2187 831 2232 coadiutores
859 2189 1058 2232 habeant
1086 2203 1191 2232 suas
1220 2189 1539 2242 recreationes,
1573 2198 1665 2232 tum

42 2271 91 2306 ut
114 2264 405 2320 egrediantur
423 2266 544 2307 foras
561 2266 618 2308 ad
635 2279 832 2328 campos,
853 2273 898 2307 et
915 2266 1073 2308 ludant
1096 2280 1198 2307 cum
1217 2265 1328 2318 aliis,
1351 2273 1445 2308 tum
1469 2274 1515 2308 ut
1533 2267 1667 2310 etiam

40 2349 243 2384 recreent
265 2355 313 2383 se
335 2357 361 2384 a
383 2341 573 2397 prandio
601 2348 646 2384 et
668 2357 693 2384 a
716 2356 870 2385 coena:
904 2349 948 2385 et
971 2342 1008 2384 si
1036 2343 1192 2385 eadem
1222 2344 1333 2384 hora
1361 2357 1450 2385 non
1474 2343 1663 2399 possint,

2 2436 3 2441 ¹
35 2416 128 2459 alia
145 2418 256 2460 hora
273 2419 469 2460 habeant
487 2433 614 2474 suam
633 2418 981 2470 recreationem,
999 2432 1103 2461 cum
1120 2418 1206 2460 illis
1224 2419 1403 2461 uacabit
1421 2419 1661 2463 interdum.

127 2494 388 2537 Inueniatur
415 2495 591 2547 modus,
618 2509 723 2550 quo,
748 2495 824 2550 qui
848 2495 1055 2539 seruiunt
1086 2496 1131 2538 in
1160 2496 1325 2548 culina,
1359 2497 1597 2540 comedant
1621 2496 1663 2538 in

40 2571 298 2615 refectorio.

127 2648 372 2702 Queratur,
394 2648 470 2703 qui
492 2649 634 2704 possit
655 2648 673 2674 b
695 2649 876 2705 praefici
901 2657 1071 2705 portae,
1098 2649 1174 2704 qui
1197 2650 1309 2693 sciat
1332 2650 1533 2706 linguam
1557 2665 1663 2705 ger-

37 2723 255 2766 manicam
274 2731 319 2767 et
341 2723 541 2776 latinam,
562 2733 607 2767 et
624 2725 701 2781 qui
723 2725 780 2768 sit
797 2725 995 2781 probatis
1015 2726 1231 2778 moribus,
1252 2726 1328 2782 qui
1347 2726 1486 2782 possit
1505 2741 1662 2769 omnes

33 2799 264 2842 edificare.
1295 2804 1299 2807 ’

107 2944 125 2961 a
149 2935 278 2970 Dubia
296 2935 427 2971 lectio.
479 2937 544 2964 —b
570 2937 642 2972 Ms.
657 2939 787 2982 posset
806 2937 868 2972 hic
885 2942 926 2971 et
944 2936 1056 2975 infra.

109 3040 117 3060 ¹
170 3041 208 3075 Is
226 3047 308 3076 erat
327 3042 374 3077 P.
399 3041 628 3077 Franciscus
648 3042 847 3087 costerus,
866 3054 953 3077 cum
972 3043 1067 3077 haec
1088 3042 1291 3077 instructio
1307 3042 1450 3087 scripta
1469 3040 1559 3076 fuit.
