<?xml version="1.0" encoding="UTF-8"?>
<!DOCTYPE html PUBLIC "-//W3C//DTD XHTML 1.0 Transitional//EN"
    "http://www.w3.org/TR/xhtml1/DTD/xhtml1-transitional.dtd">
<html xmlns="http://www.w3.org/1999/xhtml" xml:lang="en" lang="en">
 <head>
  <title>
</title>
<meta http-equiv="Content-Type" content="text/html;charset=utf-8" />
  <meta name='ocr-system' content='tesseract 3.04.00' />
  <meta name='ocr-capabilities' content='ocr_page ocr_carea ocr_par ocr_line ocrx_word'/>
</head>
<body>
  <div class='ocr_page' id='page_1' title='image "./epistolaephieron11nada_0398.png"; bbox 0 0 2028 3426; ppageno 0'>
   <div class='ocr_carea' id='block_1_1' title="bbox 349 234 1424 282">
    <p class='ocr_par' dir='ltr' id='par_1_1' title="bbox 349 234 1424 282">
     <span class='ocr_line' id='line_1_1' title="bbox 349 234 1424 282; baseline -0.001 -11"><span class='ocrx_word' id='word_1_1' title='bbox 349 235 418 282; x_wconf 89' lang='lat'>372</span> <span class='ocrx_word' id='word_1_2' title='bbox 822 236 977 271; x_wconf 56' lang='lat' dir='ltr'>Parius</span> <span class='ocrx_word' id='word_1_3' title='bbox 1005 236 1247 271; x_wconf 67' lang='lat' dir='ltr'>HOERONYMI</span> <span class='ocrx_word' id='word_1_4' title='bbox 1273 234 1424 270; x_wconf 78' lang='lat' dir='ltr'>NADAL</span> 
     </span>
    </p>
   </div>
   <div class='ocr_carea' id='block_1_2' title="bbox 282 327 1942 2918">
    <p class='ocr_par' dir='ltr' id='par_1_2' title="bbox 301 327 1941 470">
     <span class='ocr_line' id='line_1_2' title="bbox 302 327 1941 389; baseline 0 -9"><span class='ocrx_word' id='word_1_5' title='bbox 302 338 482 381; x_wconf 89' lang='lat' dir='ltr'>mittere</span> <span class='ocrx_word' id='word_1_6' title='bbox 512 338 828 382; x_wconf 82' lang='lat' dir='ltr'>executionem</span> <span class='ocrx_word' id='word_1_7' title='bbox 862 337 939 389; x_wconf 81' lang='lat' dir='ltr'>rei,</span> <span class='ocrx_word' id='word_1_8' title='bbox 972 344 1016 380; x_wconf 90' lang='lat' dir='ltr'>et</span> <span class='ocrx_word' id='word_1_9' title='bbox 1046 337 1213 380; x_wconf 87' lang='lat' dir='ltr'>referre</span> <span class='ocrx_word' id='word_1_10' title='bbox 1246 337 1303 379; x_wconf 89' lang='lat' dir='ltr'>ad</span> <span class='ocrx_word' id='word_1_11' title='bbox 1332 335 1694 380; x_wconf 84' lang='lat' dir='ltr'>commissarium</span> <span class='ocrx_word' id='word_1_12' title='bbox 1729 327 1863 380; x_wconf 86' lang='lat' dir='ltr'>simul</span> <span class='ocrx_word' id='word_1_13' title='bbox 1895 344 1941 382; x_wconf 89' lang='lat' dir='ltr'>et</span> 
     </span>
     <span class='ocr_line' id='line_1_3' title="bbox 301 414 639 470; baseline -0.003 -13"><span class='ocrx_word' id='word_1_14' title='bbox 301 414 639 470; x_wconf 89' lang='lat' dir='ltr'>prouincialem.</span> 
     </span>
    </p>

    <p class='ocr_par' dir='ltr' id='par_1_3' title="bbox 299 489 1942 918">
     <span class='ocr_line' id='line_1_4' title="bbox 391 489 1934 545; baseline -0.001 -10"><span class='ocrx_word' id='word_1_15' title='bbox 391 492 466 535; x_wconf 87' lang='lat' dir='ltr'>Ad</span> <span class='ocrx_word' id='word_1_16' title='bbox 491 498 631 534; x_wconf 88' lang='lat' dir='ltr'>totam</span> <span class='ocrx_word' id='word_1_17' title='bbox 657 491 873 533; x_wconf 79' lang='lat' dir='ltr'>rationem</span> <span class='ocrx_word' id='word_1_18' title='bbox 905 489 1179 533; x_wconf 76' lang='lat' dir='ltr'>visitationis</span> <span class='ocrx_word' id='word_1_19' title='bbox 1211 489 1436 532; x_wconf 90' lang='lat' dir='ltr'>iuuabunt</span> <span class='ocrx_word' id='word_1_20' title='bbox 1475 489 1836 533; x_wconf 72' lang='lat' dir='ltr'>commissarium</span> <span class='ocrx_word' id='word_1_21' title='bbox 1865 505 1934 545; x_wconf 88' lang='lat' dir='ltr'>ea,</span> 
     </span>
     <span class='ocr_line' id='line_1_5' title="bbox 302 565 1942 625; baseline 0 -14"><span class='ocrx_word' id='word_1_22' title='bbox 302 583 418 625; x_wconf 89' lang='lat' dir='ltr'>quae</span> <span class='ocrx_word' id='word_1_23' title='bbox 441 570 668 612; x_wconf 79' lang='lat' dir='ltr'>habentur</span> <span class='ocrx_word' id='word_1_24' title='bbox 693 567 732 612; x_wconf 85' lang='grc'>19</span> <span class='ocrx_word' id='word_1_25' title='bbox 763 569 818 610; x_wconf 73' lang='lat' dir='ltr'>ad</span> <span class='ocrx_word' id='word_1_26' title='bbox 849 568 986 610; x_wconf 78' lang='lat' dir='ltr'>finem</span> <span class='ocrx_word' id='word_1_27' title='bbox 1016 565 1151 609; x_wconf 89' lang='lat' dir='ltr'>officii</span> <span class='ocrx_word' id='word_1_28' title='bbox 1181 565 1486 622; x_wconf 90' lang='lat' dir='ltr'>prouincialis;</span> <span class='ocrx_word' id='word_1_29' title='bbox 1518 566 1683 611; x_wconf 88' lang='lat' dir='ltr'>deinde</span> <span class='ocrx_word' id='word_1_30' title='bbox 1711 582 1779 619; x_wconf 92' lang='lat' dir='ltr'>ea,</span> <span class='ocrx_word' id='word_1_31' title='bbox 1821 581 1942 622; x_wconf 83' lang='lat' dir='ltr'>quae</span> 
     </span>
     <span class='ocr_line' id='line_1_6' title="bbox 302 642 1942 701; baseline -0.001 -13"><span class='ocrx_word' id='word_1_32' title='bbox 302 645 346 688; x_wconf 92' lang='lat' dir='ltr'>in</span> <span class='ocrx_word' id='word_1_33' title='bbox 370 645 548 701; x_wconf 90' lang='lat' dir='ltr'>scriptis</span> <span class='ocrx_word' id='word_1_34' title='bbox 572 653 615 689; x_wconf 86' lang='lat' dir='ltr'>et</span> <span class='ocrx_word' id='word_1_35' title='bbox 640 643 1016 686; x_wconf 82' lang='lat' dir='ltr'>instructionibus</span> <span class='ocrx_word' id='word_1_36' title='bbox 1040 643 1189 686; x_wconf 85' lang='lat' dir='ltr'>Patris</span> <span class='ocrx_word' id='word_1_37' title='bbox 1208 642 1435 699; x_wconf 83' lang='lat' dir='ltr'>generalis</span> <span class='ocrx_word' id='word_1_38' title='bbox 1452 651 1497 686; x_wconf 93' lang='lat' dir='ltr'>et</span> <span class='ocrx_word' id='word_1_39' title='bbox 1521 645 1573 687; x_wconf 90' lang='lat' dir='ltr'>P.</span> <span class='ocrx_word' id='word_1_40' title='bbox 1601 643 1775 687; x_wconf 91' lang='lat' dir='ltr'>Natalis</span> <span class='ocrx_word' id='word_1_41' title='bbox 1793 643 1942 687; x_wconf 64' lang='lat' dir='ltr'>conti-2</span> 
     </span>
     <span class='ocr_line' id='line_1_7' title="bbox 301 720 1934 777; baseline 0 -13"><span class='ocrx_word' id='word_1_42' title='bbox 301 730 479 767; x_wconf 80' lang='lat' dir='ltr'>nentur.</span> <span class='ocrx_word' id='word_1_43' title='bbox 505 724 552 764; x_wconf 92' lang='lat' dir='ltr'>In</span> <span class='ocrx_word' id='word_1_44' title='bbox 571 720 724 777; x_wconf 71' lang='lat' dir='ltr'>primis</span> <span class='ocrx_word' id='word_1_45' title='bbox 744 735 850 763; x_wconf 73' lang='lat' dir='ltr'>vero</span> <span class='ocrx_word' id='word_1_46' title='bbox 868 720 1232 772; x_wconf 81' lang='lat' dir='ltr'>constitutiones,</span> <span class='ocrx_word' id='word_1_47' title='bbox 1253 721 1437 764; x_wconf 82' lang='lat' dir='ltr'>decreta</span> <span class='ocrx_word' id='word_1_48' title='bbox 1454 720 1840 777; x_wconf 85' lang='lat' dir='ltr'>congregationis,</span> <span class='ocrx_word' id='word_1_49' title='bbox 1868 735 1934 764; x_wconf 88' lang='lat' dir='ltr'>re-</span> 
     </span>
     <span class='ocr_line' id='line_1_8' title="bbox 299 796 1936 855; baseline -0.001 -13"><span class='ocrx_word' id='word_1_50' title='bbox 299 800 452 855; x_wconf 80' lang='lat' dir='ltr'>gulae,</span> <span class='ocrx_word' id='word_1_51' title='bbox 476 799 757 849; x_wconf 76' lang='lat' dir='ltr'>traditiones,</span> <span class='ocrx_word' id='word_1_52' title='bbox 780 797 1138 841; x_wconf 89' lang='lat' dir='ltr'>consuetudines</span> <span class='ocrx_word' id='word_1_53' title='bbox 1154 796 1412 850; x_wconf 89' lang='lat' dir='ltr'>Societatis,</span> <span class='ocrx_word' id='word_1_54' title='bbox 1427 797 1652 840; x_wconf 89' lang='lat' dir='ltr'>iuuabunt</span> <span class='ocrx_word' id='word_1_55' title='bbox 1670 797 1936 841; x_wconf 88' lang='lat' dir='ltr'>commissa-</span> 
     </span>
     <span class='ocr_line' id='line_1_9' title="bbox 299 872 1272 918; baseline -0.001 0"><span class='ocrx_word' id='word_1_56' title='bbox 299 875 414 918; x_wconf 84' lang='lat' dir='ltr'>rium</span> <span class='ocrx_word' id='word_1_57' title='bbox 440 876 481 917; x_wconf 93' lang='lat' dir='ltr'>in</span> <span class='ocrx_word' id='word_1_58' title='bbox 508 883 601 917; x_wconf 86' lang='lat' dir='ltr'>tota</span> <span class='ocrx_word' id='word_1_59' title='bbox 620 873 1012 917; x_wconf 78' lang='lat' dir='ltr'>administratione</span> <span class='ocrx_word' id='word_1_60' title='bbox 1029 872 1098 916; x_wconf 87' lang='lat' dir='ltr'>sui</span> <span class='ocrx_word' id='word_1_61' title='bbox 1122 873 1272 917; x_wconf 84' lang='lat' dir='ltr'>officii.</span> 
     </span>
    </p>

    <p class='ocr_par' dir='ltr' id='par_1_4' title="bbox 298 950 1937 1158">
     <span class='ocr_line' id='line_1_10' title="bbox 387 950 1930 1006; baseline -0.001 -10"><span class='ocrx_word' id='word_1_62' title='bbox 387 952 577 996; x_wconf 82' lang='lat' dir='ltr'>Curabit</span> <span class='ocrx_word' id='word_1_63' title='bbox 601 950 953 1003; x_wconf 86' lang='lat' dir='ltr'>commissarius,</span> <span class='ocrx_word' id='word_1_64' title='bbox 975 958 1023 992; x_wconf 85' lang='lat' dir='ltr'>vt</span> <span class='ocrx_word' id='word_1_65' title='bbox 1040 957 1250 993; x_wconf 90' lang='lat' dir='ltr'>emantur</span> <span class='ocrx_word' id='word_1_66' title='bbox 1265 950 1383 1004; x_wconf 82' lang='lat' dir='ltr'>libri,</span> <span class='ocrx_word' id='word_1_67' title='bbox 1404 950 1441 993; x_wconf 94' lang='lat' dir='ltr'>si</span> <span class='ocrx_word' id='word_1_68' title='bbox 1465 950 1539 1006; x_wconf 91' lang='lat' dir='ltr'>qui</span> <span class='ocrx_word' id='word_1_69' title='bbox 1559 950 1648 993; x_wconf 88' lang='lat' dir='ltr'>sint</span> <span class='ocrx_word' id='word_1_70' title='bbox 1671 952 1930 1004; x_wconf 85' lang='lat' dir='ltr'>necessarii,</span> 
     </span>
     <span class='ocr_line' id='line_1_11' title="bbox 298 1027 1937 1086; baseline 0.001 -15"><span class='ocrx_word' id='word_1_71' title='bbox 298 1030 369 1072; x_wconf 90' lang='lat' dir='ltr'>vel</span> <span class='ocrx_word' id='word_1_72' title='bbox 393 1029 558 1085; x_wconf 81' lang='lat' dir='ltr'>alioqui</span> <span class='ocrx_word' id='word_1_73' title='bbox 584 1029 749 1084; x_wconf 81' lang='lat' dir='ltr'>quibus</span> <span class='ocrx_word' id='word_1_74' title='bbox 773 1027 935 1072; x_wconf 81' lang='lat' dir='ltr'>viderit</span> <span class='ocrx_word' id='word_1_75' title='bbox 958 1042 1094 1084; x_wconf 88' lang='lat' dir='ltr'>egere</span> <span class='ocrx_word' id='word_1_76' title='bbox 1116 1027 1376 1084; x_wconf 82' lang='lat' dir='ltr'>collegium,</span> <span class='ocrx_word' id='word_1_77' title='bbox 1402 1027 1473 1070; x_wconf 90' lang='lat' dir='ltr'>vel</span> <span class='ocrx_word' id='word_1_78' title='bbox 1496 1028 1551 1070; x_wconf 87' lang='lat' dir='ltr'>ad</span> <span class='ocrx_word' id='word_1_79' title='bbox 1575 1027 1724 1070; x_wconf 89' lang='lat' dir='ltr'>studia</span> <span class='ocrx_word' id='word_1_80' title='bbox 1752 1029 1937 1086; x_wconf 83' lang='lat' dir='ltr'>collegii</span> 
     </span>
     <span class='ocr_line' id='line_1_12' title="bbox 298 1104 1426 1158; baseline -0.003 -9"><span class='ocrx_word' id='word_1_81' title='bbox 298 1107 392 1149; x_wconf 92' lang='lat' dir='ltr'>fore</span> <span class='ocrx_word' id='word_1_82' title='bbox 421 1106 567 1158; x_wconf 90' lang='lat' dir='ltr'>utiles,</span> <span class='ocrx_word' id='word_1_83' title='bbox 594 1105 769 1148; x_wconf 83' lang='lat' dir='ltr'>etiamsi</span> <span class='ocrx_word' id='word_1_84' title='bbox 793 1120 883 1147; x_wconf 92' lang='lat' dir='ltr'>non</span> <span class='ocrx_word' id='word_1_85' title='bbox 907 1104 1147 1149; x_wconf 84' lang='lat' dir='ltr'>videantur</span> <span class='ocrx_word' id='word_1_86' title='bbox 1169 1104 1426 1148; x_wconf 88' lang='lat' dir='ltr'>necessarii.</span> 
     </span>
    </p>

    <p class='ocr_par' dir='ltr' id='par_1_5' title="bbox 294 1181 1929 1392">
     <span class='ocr_line' id='line_1_13' title="bbox 384 1181 1929 1238; baseline 0.001 -15"><span class='ocrx_word' id='word_1_87' title='bbox 384 1183 687 1235; x_wconf 77' lang='lat' dir='ltr'>Examinabit,</span> <span class='ocrx_word' id='word_1_88' title='bbox 730 1182 896 1238; x_wconf 79' lang='lat' dir='ltr'>quibus</span> <span class='ocrx_word' id='word_1_89' title='bbox 932 1181 1057 1225; x_wconf 89' lang='lat' dir='ltr'>libris</span> <span class='ocrx_word' id='word_1_90' title='bbox 1093 1181 1402 1238; x_wconf 76' lang='lat' dir='ltr'>spiritualibus</span> <span class='ocrx_word' id='word_1_91' title='bbox 1440 1189 1622 1225; x_wconf 88' lang='lat' dir='ltr'>vtantur</span> <span class='ocrx_word' id='word_1_92' title='bbox 1664 1184 1847 1235; x_wconf 75' lang='lat' dir='ltr'>fratres,</span> <span class='ocrx_word' id='word_1_93' title='bbox 1884 1189 1929 1227; x_wconf 92' lang='lat' dir='ltr'>et</span> 
     </span>
     <span class='ocr_line' id='line_1_14' title="bbox 296 1258 1927 1312; baseline -0.001 -9"><span class='ocrx_word' id='word_1_94' title='bbox 296 1261 471 1303; x_wconf 76' lang='lat' dir='ltr'>curabit</span> <span class='ocrx_word' id='word_1_95' title='bbox 495 1268 542 1302; x_wconf 88' lang='lat' dir='ltr'>vt</span> <span class='ocrx_word' id='word_1_96' title='bbox 573 1260 758 1302; x_wconf 74' lang='lat' dir='ltr'>vtilibus</span> <span class='ocrx_word' id='word_1_97' title='bbox 788 1266 988 1312; x_wconf 83' lang='lat' dir='ltr'>vtantur;</span> <span class='ocrx_word' id='word_1_98' title='bbox 1015 1260 1072 1301; x_wconf 87' lang='lat' dir='ltr'>de</span> <span class='ocrx_word' id='word_1_99' title='bbox 1100 1259 1169 1301; x_wconf 91' lang='lat' dir='ltr'>his</span> <span class='ocrx_word' id='word_1_100' title='bbox 1198 1258 1323 1301; x_wconf 91' lang='lat' dir='ltr'>libris</span> <span class='ocrx_word' id='word_1_101' title='bbox 1352 1258 1584 1311; x_wconf 88' lang='lat' dir='ltr'>iudicabit,</span> <span class='ocrx_word' id='word_1_102' title='bbox 1617 1259 1818 1302; x_wconf 87' lang='lat' dir='ltr'>adhibito</span> <span class='ocrx_word' id='word_1_103' title='bbox 1846 1260 1927 1303; x_wconf 86' lang='lat' dir='ltr'>ali—</span> 
     </span>
     <span class='ocr_line' id='line_1_15' title="bbox 294 1335 1924 1392; baseline 0.001 -14"><span class='ocrx_word' id='word_1_104' title='bbox 294 1352 383 1392; x_wconf 76' lang='lat' dir='ltr'>quo</span> <span class='ocrx_word' id='word_1_105' title='bbox 407 1352 609 1388; x_wconf 85' lang='lat' dir='ltr'>censore,</span> <span class='ocrx_word' id='word_1_106' title='bbox 636 1336 671 1379; x_wconf 91' lang='lat' dir='ltr'>si</span> <span class='ocrx_word' id='word_1_107' title='bbox 697 1336 791 1392; x_wconf 88' lang='lat' dir='ltr'>ipse</span> <span class='ocrx_word' id='word_1_108' title='bbox 815 1350 893 1378; x_wconf 87' lang='lat' dir='ltr'>eos</span> <span class='ocrx_word' id='word_1_109' title='bbox 916 1350 1003 1378; x_wconf 90' lang='lat' dir='ltr'>non</span> <span class='ocrx_word' id='word_1_110' title='bbox 1030 1335 1171 1392; x_wconf 87' lang='lat' dir='ltr'>possit</span> <span class='ocrx_word' id='word_1_111' title='bbox 1193 1336 1363 1392; x_wconf 87' lang='lat' dir='ltr'>legere,</span> <span class='ocrx_word' id='word_1_112' title='bbox 1390 1336 1462 1378; x_wconf 91' lang='lat' dir='ltr'>vel</span> <span class='ocrx_word' id='word_1_113' title='bbox 1484 1335 1651 1391; x_wconf 79' lang='lat' dir='ltr'>alioqui</span> <span class='ocrx_word' id='word_1_114' title='bbox 1674 1350 1763 1383; x_wconf 73' lang='lat' dir='ltr'>non</span> <span class='ocrx_word' id='word_1_115' title='bbox 1789 1336 1924 1379; x_wconf 90' lang='lat' dir='ltr'>norit.</span> 
     </span>
    </p>

    <p class='ocr_par' dir='ltr' id='par_1_6' title="bbox 289 1412 1929 1856">
     <span class='ocr_line' id='line_1_16' title="bbox 383 1412 1927 1470; baseline -0.001 -13"><span class='ocrx_word' id='word_1_116' title='bbox 383 1414 610 1470; x_wconf 89' lang='lat' dir='ltr'>Intelliget</span> <span class='ocrx_word' id='word_1_117' title='bbox 639 1414 676 1456; x_wconf 89' lang='lat' dir='ltr'>si</span> <span class='ocrx_word' id='word_1_118' title='bbox 707 1413 783 1469; x_wconf 86' lang='lat' dir='ltr'>qui</span> <span class='ocrx_word' id='word_1_119' title='bbox 818 1413 907 1455; x_wconf 89' lang='lat' dir='ltr'>sint</span> <span class='ocrx_word' id='word_1_120' title='bbox 939 1412 1088 1456; x_wconf 89' lang='lat' dir='ltr'>idonei</span> <span class='ocrx_word' id='word_1_121' title='bbox 1117 1414 1173 1455; x_wconf 88' lang='lat' dir='ltr'>ad</span> <span class='ocrx_word' id='word_1_122' title='bbox 1206 1412 1533 1469; x_wconf 83' lang='lat' dir='ltr'>professionem</span> <span class='ocrx_word' id='word_1_123' title='bbox 1565 1412 1635 1457; x_wconf 84' lang='lat' dir='ltr'>vel</span> <span class='ocrx_word' id='word_1_124' title='bbox 1665 1413 1822 1464; x_wconf 90' lang='lat' dir='ltr'>trium,</span> <span class='ocrx_word' id='word_1_125' title='bbox 1855 1414 1927 1457; x_wconf 88' lang='lat' dir='ltr'>vel</span> 
     </span>
     <span class='ocr_line' id='line_1_17' title="bbox 294 1489 1927 1546; baseline 0.001 -13"><span class='ocrx_word' id='word_1_126' title='bbox 294 1499 485 1546; x_wconf 77' lang='lat' dir='ltr'>quatuor</span> <span class='ocrx_word' id='word_1_127' title='bbox 512 1498 737 1544; x_wconf 84' lang='lat' dir='ltr'>votorum,</span> <span class='ocrx_word' id='word_1_128' title='bbox 763 1491 834 1534; x_wconf 87' lang='lat' dir='ltr'>vel</span> <span class='ocrx_word' id='word_1_129' title='bbox 857 1498 906 1532; x_wconf 84' lang='lat' dir='ltr'>vt</span> <span class='ocrx_word' id='word_1_130' title='bbox 928 1491 1038 1533; x_wconf 88' lang='lat' dir='ltr'>fiant</span> <span class='ocrx_word' id='word_1_131' title='bbox 1069 1489 1244 1533; x_wconf 85' lang='lat' dir='ltr'>formati</span> <span class='ocrx_word' id='word_1_132' title='bbox 1269 1489 1554 1532; x_wconf 88' lang='lat' dir='ltr'>coadiutores</span> <span class='ocrx_word' id='word_1_133' title='bbox 1578 1490 1647 1532; x_wconf 86' lang='lat' dir='ltr'>vel</span> <span class='ocrx_word' id='word_1_134' title='bbox 1671 1490 1927 1545; x_wconf 80' lang='lat' dir='ltr'>spirituales</span> 
     </span>
     <span class='ocr_line' id='line_1_18' title="bbox 294 1567 1926 1624; baseline 0.001 -15"><span class='ocrx_word' id='word_1_135' title='bbox 294 1570 367 1612; x_wconf 74' lang='lat' dir='ltr'>vel</span> <span class='ocrx_word' id='word_1_136' title='bbox 392 1569 674 1624; x_wconf 78' lang='lat' dir='ltr'>temporales,</span> <span class='ocrx_word' id='word_1_137' title='bbox 702 1575 747 1611; x_wconf 93' lang='lat' dir='ltr'>et</span> <span class='ocrx_word' id='word_1_138' title='bbox 770 1567 805 1610; x_wconf 93' lang='lat' dir='ltr'>si</span> <span class='ocrx_word' id='word_1_139' title='bbox 832 1568 1012 1623; x_wconf 86' lang='lat' dir='ltr'>quidem</span> <span class='ocrx_word' id='word_1_140' title='bbox 1037 1567 1353 1623; x_wconf 77' lang='lat' dir='ltr'>particularem</span> <span class='ocrx_word' id='word_1_141' title='bbox 1377 1567 1515 1610; x_wconf 89' lang='lat' dir='ltr'>habet</span> <span class='ocrx_word' id='word_1_142' title='bbox 1539 1567 1798 1610; x_wconf 85' lang='lat' dir='ltr'>facultatem</span> <span class='ocrx_word' id='word_1_143' title='bbox 1823 1567 1878 1611; x_wconf 84' lang='lat'>20</span> <span class='ocrx_word' id='word_1_144' title='bbox 1900 1583 1926 1611; x_wconf 92' lang='lat' dir='ltr'>a</span> 
     </span>
     <span class='ocr_line' id='line_1_19' title="bbox 293 1643 1923 1701; baseline -0.001 -12"><span class='ocrx_word' id='word_1_145' title='bbox 293 1648 427 1689; x_wconf 86' lang='lat' dir='ltr'>Patre</span> <span class='ocrx_word' id='word_1_146' title='bbox 450 1645 669 1701; x_wconf 83' lang='lat' dir='ltr'>generali,</span> <span class='ocrx_word' id='word_1_147' title='bbox 696 1653 744 1687; x_wconf 85' lang='lat' dir='ltr'>vt</span> <span class='ocrx_word' id='word_1_148' title='bbox 769 1646 867 1688; x_wconf 91' lang='lat' dir='ltr'>illos</span> <span class='ocrx_word' id='word_1_149' title='bbox 897 1652 1177 1701; x_wconf 90' lang='lat' dir='ltr'>promoueat,</span> <span class='ocrx_word' id='word_1_150' title='bbox 1205 1645 1249 1687; x_wconf 90' lang='lat' dir='ltr'>id</span> <span class='ocrx_word' id='word_1_151' title='bbox 1272 1644 1437 1700; x_wconf 88' lang='lat' dir='ltr'>poterit</span> <span class='ocrx_word' id='word_1_152' title='bbox 1461 1645 1624 1696; x_wconf 84' lang='lat' dir='ltr'>facere,</span> <span class='ocrx_word' id='word_1_153' title='bbox 1659 1645 1791 1686; x_wconf 88' lang='lat' dir='ltr'>modo</span> <span class='ocrx_word' id='word_1_154' title='bbox 1815 1643 1923 1687; x_wconf 89' lang='lat' dir='ltr'>illud</span> 
     </span>
     <span class='ocr_line' id='line_1_20' title="bbox 289 1720 1929 1778; baseline -0.001 -13"><span class='ocrx_word' id='word_1_155' title='bbox 289 1723 622 1765; x_wconf 87' lang='lat' dir='ltr'>consultissime</span> <span class='ocrx_word' id='word_1_156' title='bbox 648 1723 798 1776; x_wconf 80' lang='lat' dir='ltr'>faciat3</span> <span class='ocrx_word' id='word_1_157' title='bbox 822 1723 943 1778; x_wconf 85' lang='lat' dir='ltr'>quod</span> <span class='ocrx_word' id='word_1_158' title='bbox 966 1722 1001 1765; x_wconf 92' lang='lat' dir='ltr'>si</span> <span class='ocrx_word' id='word_1_159' title='bbox 1022 1723 1129 1778; x_wconf 85' lang='lat' dir='ltr'>quid</span> <span class='ocrx_word' id='word_1_160' title='bbox 1152 1729 1433 1778; x_wconf 75' lang='lat' dir='ltr'>compertum</span> <span class='ocrx_word' id='word_1_161' title='bbox 1457 1721 1518 1763; x_wconf 93' lang='lat' dir='ltr'>illi</span> <span class='ocrx_word' id='word_1_162' title='bbox 1544 1736 1633 1764; x_wconf 92' lang='lat' dir='ltr'>non</span> <span class='ocrx_word' id='word_1_163' title='bbox 1658 1720 1731 1774; x_wconf 88' lang='lat' dir='ltr'>sit,</span> <span class='ocrx_word' id='word_1_164' title='bbox 1757 1735 1929 1764; x_wconf 89' lang='lat' dir='ltr'>consu--</span> 
     </span>
     <span class='ocr_line' id='line_1_21' title="bbox 289 1801 976 1856; baseline 0.001 -15"><span class='ocrx_word' id='word_1_165' title='bbox 289 1801 350 1842; x_wconf 86' lang='lat' dir='ltr'>lat</span> <span class='ocrx_word' id='word_1_166' title='bbox 373 1801 630 1856; x_wconf 82' lang='lat' dir='ltr'>generalem</span> <span class='ocrx_word' id='word_1_167' title='bbox 655 1801 976 1856; x_wconf 88' lang='lat' dir='ltr'>praepositum.</span> 
     </span>
    </p>

    <p class='ocr_par' dir='ltr' id='par_1_7' title="bbox 287 1875 1924 2086">
     <span class='ocr_line' id='line_1_22' title="bbox 377 1875 1924 1932; baseline 0 -13"><span class='ocrx_word' id='word_1_168' title='bbox 377 1877 561 1921; x_wconf 54' lang='lat' dir='ltr'>videbit</span> <span class='ocrx_word' id='word_1_169' title='bbox 583 1877 619 1919; x_wconf 91' lang='lat' dir='ltr'>si</span> <span class='ocrx_word' id='word_1_170' title='bbox 643 1877 719 1932; x_wconf 88' lang='lat' dir='ltr'>qui</span> <span class='ocrx_word' id='word_1_171' title='bbox 743 1877 1001 1920; x_wconf 88' lang='lat' dir='ltr'>declarandi</span> <span class='ocrx_word' id='word_1_172' title='bbox 1024 1876 1115 1919; x_wconf 90' lang='lat' dir='ltr'>sint</span> <span class='ocrx_word' id='word_1_173' title='bbox 1137 1875 1392 1919; x_wconf 87' lang='lat' dir='ltr'>scholastici</span> <span class='ocrx_word' id='word_1_174' title='bbox 1418 1876 1667 1932; x_wconf 86' lang='lat' dir='ltr'>approbati,</span> <span class='ocrx_word' id='word_1_175' title='bbox 1693 1884 1738 1920; x_wconf 93' lang='lat' dir='ltr'>et</span> <span class='ocrx_word' id='word_1_176' title='bbox 1761 1875 1805 1918; x_wconf 88' lang='lat' dir='ltr'>id</span> <span class='ocrx_word' id='word_1_177' title='bbox 1828 1875 1924 1932; x_wconf 82' lang='lat' dir='ltr'>ipse</span> 
     </span>
     <span class='ocr_line' id='line_1_23' title="bbox 288 1952 1918 2010; baseline 0 -15"><span class='ocrx_word' id='word_1_178' title='bbox 288 1954 466 2009; x_wconf 83' lang='lat' dir='ltr'>poterit3</span> <span class='ocrx_word' id='word_1_179' title='bbox 508 1961 757 2009; x_wconf 85' lang='lat' dir='ltr'>exequetur</span> <span class='ocrx_word' id='word_1_180' title='bbox 794 1968 902 1997; x_wconf 86' lang='lat' dir='ltr'>vero</span> <span class='ocrx_word' id='word_1_181' title='bbox 931 1968 1010 2010; x_wconf 91' lang='lat' dir='ltr'>per</span> <span class='ocrx_word' id='word_1_182' title='bbox 1038 1953 1379 2010; x_wconf 85' lang='lat' dir='ltr'>prouincialem,</span> <span class='ocrx_word' id='word_1_183' title='bbox 1411 1953 1483 1996; x_wconf 90' lang='lat' dir='ltr'>vel</span> <span class='ocrx_word' id='word_1_184' title='bbox 1512 1952 1647 1995; x_wconf 87' lang='lat' dir='ltr'>etiam</span> <span class='ocrx_word' id='word_1_185' title='bbox 1681 1960 1918 2005; x_wconf 85' lang='lat' dir='ltr'>rectorem,</span> 
     </span>
     <span class='ocr_line' id='line_1_24' title="bbox 287 2027 1917 2086; baseline 0 -15"><span class='ocrx_word' id='word_1_186' title='bbox 287 2031 357 2073; x_wconf 89' lang='lat' dir='ltr'>vel</span> <span class='ocrx_word' id='word_1_187' title='bbox 382 2030 491 2072; x_wconf 89' lang='lat' dir='ltr'>illud</span> <span class='ocrx_word' id='word_1_188' title='bbox 514 2031 621 2086; x_wconf 82' lang='lat' dir='ltr'>ipsis</span> <span class='ocrx_word' id='word_1_189' title='bbox 645 2031 892 2082; x_wconf 81' lang='lat' dir='ltr'>commitat,</span> <span class='ocrx_word' id='word_1_190' title='bbox 926 2031 1049 2086; x_wconf 91' lang='lat' dir='ltr'>quod</span> <span class='ocrx_word' id='word_1_191' title='bbox 1078 2030 1241 2073; x_wconf 87' lang='lat' dir='ltr'>rectori</span> <span class='ocrx_word' id='word_1_192' title='bbox 1266 2037 1414 2085; x_wconf 89' lang='lat' dir='ltr'>potest</span> <span class='ocrx_word' id='word_1_193' title='bbox 1442 2027 1489 2086; x_wconf 84' lang='lat'>[?]</span> <span class='ocrx_word' id='word_1_194' title='bbox 1532 2028 1852 2086; x_wconf 90' lang='lat' dir='ltr'>prouinciali[s]</span> <span class='ocrx_word' id='word_1_195' title='bbox 1885 2037 1917 2071; x_wconf 78' lang='lat'>³.</span> 
     </span>
    </p>

    <p class='ocr_par' dir='ltr' id='par_1_8' title="bbox 287 2106 1925 2391">
     <span class='ocr_line' id='line_1_25' title="bbox 376 2106 1918 2163; baseline 0 -15"><span class='ocrx_word' id='word_1_196' title='bbox 376 2108 496 2149; x_wconf 83' lang='lat' dir='ltr'>Idem</span> <span class='ocrx_word' id='word_1_197' title='bbox 522 2107 866 2159; x_wconf 86' lang='lat' dir='ltr'>animaduertet,</span> <span class='ocrx_word' id='word_1_198' title='bbox 893 2107 929 2150; x_wconf 91' lang='lat' dir='ltr'>si</span> <span class='ocrx_word' id='word_1_199' title='bbox 953 2107 1029 2162; x_wconf 88' lang='lat' dir='ltr'>qui</span> <span class='ocrx_word' id='word_1_200' title='bbox 1059 2107 1356 2163; x_wconf 88' lang='lat' dir='ltr'>promouendi</span> <span class='ocrx_word' id='word_1_201' title='bbox 1384 2106 1625 2150; x_wconf 87' lang='lat' dir='ltr'>videantur</span> <span class='ocrx_word' id='word_1_202' title='bbox 1654 2106 1698 2148; x_wconf 93' lang='lat' dir='ltr'>in</span> <span class='ocrx_word' id='word_1_203' title='bbox 1729 2106 1918 2158; x_wconf 88' lang='lat' dir='ltr'>artibus,</span> 
     </span>
     <span class='ocr_line' id='line_1_26' title="bbox 287 2181 1925 2238; baseline 0.001 -14"><span class='ocrx_word' id='word_1_204' title='bbox 287 2184 359 2226; x_wconf 84' lang='lat' dir='ltr'>vel</span> <span class='ocrx_word' id='word_1_205' title='bbox 391 2184 634 2238; x_wconf 80' lang='lat' dir='ltr'>theologia,</span> <span class='ocrx_word' id='word_1_206' title='bbox 667 2185 739 2227; x_wconf 81' lang='lat' dir='ltr'>vel</span> <span class='ocrx_word' id='word_1_207' title='bbox 769 2185 824 2226; x_wconf 80' lang='lat' dir='ltr'>ad</span> <span class='ocrx_word' id='word_1_208' title='bbox 854 2183 1035 2226; x_wconf 84' lang='lat' dir='ltr'>ordines</span> <span class='ocrx_word' id='word_1_209' title='bbox 1062 2183 1412 2235; x_wconf 87' lang='lat' dir='ltr'>ecclesiasticos;</span> <span class='ocrx_word' id='word_1_210' title='bbox 1443 2190 1488 2226; x_wconf 90' lang='lat' dir='ltr'>et</span> <span class='ocrx_word' id='word_1_211' title='bbox 1517 2181 1553 2225; x_wconf 91' lang='lat' dir='ltr'>si</span> <span class='ocrx_word' id='word_1_212' title='bbox 1588 2182 1664 2237; x_wconf 89' lang='lat' dir='ltr'>qui</span> <span class='ocrx_word' id='word_1_213' title='bbox 1697 2197 1722 2226; x_wconf 90' lang='lat' dir='ltr'>e</span> <span class='ocrx_word' id='word_1_214' title='bbox 1755 2182 1925 2226; x_wconf 86' lang='lat' dir='ltr'>nostris</span> 
     </span>
     <span class='ocr_line' id='line_1_27' title="bbox 288 2259 1920 2316; baseline 0.001 -15"><span class='ocrx_word' id='word_1_215' title='bbox 288 2268 621 2302; x_wconf 78' lang='lat' dir='ltr'>sacramentum</span> <span class='ocrx_word' id='word_1_216' title='bbox 645 2260 1001 2303; x_wconf 80' lang='lat' dir='ltr'>confirmationis</span> <span class='ocrx_word' id='word_1_217' title='bbox 1023 2274 1112 2303; x_wconf 89' lang='lat' dir='ltr'>non</span> <span class='ocrx_word' id='word_1_218' title='bbox 1137 2266 1430 2316; x_wconf 88' lang='lat' dir='ltr'>acceperunt,</span> <span class='ocrx_word' id='word_1_219' title='bbox 1456 2273 1534 2304; x_wconf 88' lang='lat' dir='ltr'>eos</span> <span class='ocrx_word' id='word_1_220' title='bbox 1564 2259 1707 2315; x_wconf 88' lang='lat' dir='ltr'>primo</span> <span class='ocrx_word' id='word_1_221' title='bbox 1739 2271 1920 2314; x_wconf 89' lang='lat' dir='ltr'>quoque</span> 
     </span>
     <span class='ocr_line' id='line_1_28' title="bbox 292 2337 1013 2391; baseline 0.001 -13"><span class='ocrx_word' id='word_1_222' title='bbox 292 2344 496 2391; x_wconf 90' lang='lat' dir='ltr'>tempore</span> <span class='ocrx_word' id='word_1_223' title='bbox 519 2337 852 2379; x_wconf 78' lang='lat' dir='ltr'>confirmandos</span> <span class='ocrx_word' id='word_1_224' title='bbox 870 2344 1013 2380; x_wconf 89' lang='lat' dir='ltr'>curet.</span> 
     </span>
    </p>

    <p class='ocr_par' dir='ltr' id='par_1_9' title="bbox 282 2411 1920 2918">
     <span class='ocr_line' id='line_1_29' title="bbox 377 2411 1920 2470; baseline 0 -16"><span class='ocrx_word' id='word_1_225' title='bbox 377 2413 500 2466; x_wconf 79' lang='lat' dir='ltr'>Aget</span> <span class='ocrx_word' id='word_1_226' title='bbox 523 2415 579 2457; x_wconf 87' lang='lat' dir='ltr'>de</span> <span class='ocrx_word' id='word_1_227' title='bbox 604 2414 867 2456; x_wconf 84' lang='lat' dir='ltr'>fundatione</span> <span class='ocrx_word' id='word_1_228' title='bbox 891 2415 1021 2470; x_wconf 86' lang='lat' dir='ltr'>plena</span> <span class='ocrx_word' id='word_1_229' title='bbox 1043 2413 1340 2469; x_wconf 87' lang='lat' dir='ltr'>collegiorum</span> <span class='ocrx_word' id='word_1_230' title='bbox 1360 2427 1536 2464; x_wconf 89' lang='lat' dir='ltr'>eorum,</span> <span class='ocrx_word' id='word_1_231' title='bbox 1558 2426 1675 2467; x_wconf 81' lang='lat' dir='ltr'>quae</span> <span class='ocrx_word' id='word_1_232' title='bbox 1691 2412 1779 2454; x_wconf 91' lang='lat' dir='ltr'>iam</span> <span class='ocrx_word' id='word_1_233' title='bbox 1799 2411 1920 2467; x_wconf 91' lang='lat' dir='ltr'>prin-</span> 
     </span>
     <span class='ocr_line' id='line_1_30' title="bbox 284 2488 1918 2545; baseline 0 -14"><span class='ocrx_word' id='word_1_234' title='bbox 284 2489 450 2545; x_wconf 89' lang='lat' dir='ltr'>cipium</span> <span class='ocrx_word' id='word_1_235' title='bbox 476 2499 766 2545; x_wconf 80' lang='lat' dir='ltr'>acceperunt,</span> <span class='ocrx_word' id='word_1_236' title='bbox 795 2498 890 2532; x_wconf 91' lang='lat' dir='ltr'>tum</span> <span class='ocrx_word' id='word_1_237' title='bbox 914 2491 1048 2534; x_wconf 80' lang='lat' dir='ltr'>etiam</span> <span class='ocrx_word' id='word_1_238' title='bbox 1072 2491 1128 2533; x_wconf 89' lang='lat' dir='ltr'>de</span> <span class='ocrx_word' id='word_1_239' title='bbox 1149 2489 1282 2533; x_wconf 90' lang='lat' dir='ltr'>nouis</span> <span class='ocrx_word' id='word_1_240' title='bbox 1310 2489 1515 2545; x_wconf 83' lang='lat' dir='ltr'>collegiis</span> <span class='ocrx_word' id='word_1_241' title='bbox 1546 2488 1804 2541; x_wconf 88' lang='lat' dir='ltr'>fundandis,</span> <span class='ocrx_word' id='word_1_242' title='bbox 1830 2502 1918 2543; x_wconf 87' lang='lat' dir='ltr'>qua</span> 
     </span>
     <span class='ocr_line' id='line_1_31' title="bbox 284 2565 1918 2623; baseline -0.001 -15"><span class='ocrx_word' id='word_1_243' title='bbox 284 2566 327 2608; x_wconf 92' lang='lat' dir='ltr'>in</span> <span class='ocrx_word' id='word_1_244' title='bbox 369 2581 415 2609; x_wconf 88' lang='lat' dir='ltr'>re</span> <span class='ocrx_word' id='word_1_245' title='bbox 453 2575 668 2622; x_wconf 82' lang='lat' dir='ltr'>sequetur</span> <span class='ocrx_word' id='word_1_246' title='bbox 709 2567 855 2609; x_wconf 80' lang='lat' dir='ltr'>Patris</span> <span class='ocrx_word' id='word_1_247' title='bbox 893 2566 1118 2623; x_wconf 88' lang='lat' dir='ltr'>generalis</span> <span class='ocrx_word' id='word_1_248' title='bbox 1150 2565 1514 2609; x_wconf 89' lang='lat' dir='ltr'>commissionem</span> <span class='ocrx_word' id='word_1_249' title='bbox 1552 2565 1844 2622; x_wconf 87' lang='lat' dir='ltr'>peculiarem,</span> <span class='ocrx_word' id='word_1_250' title='bbox 1881 2567 1918 2607; x_wconf 88' lang='lat' dir='ltr'>si</span> 
     </span>
     <span class='ocr_line' id='line_1_32' title="bbox 284 2641 1917 2699; baseline -0.001 -15"><span class='ocrx_word' id='word_1_251' title='bbox 284 2658 417 2697; x_wconf 85' lang='lat' dir='ltr'>quam</span> <span class='ocrx_word' id='word_1_252' title='bbox 442 2644 595 2696; x_wconf 86' lang='lat' dir='ltr'>habet3</span> <span class='ocrx_word' id='word_1_253' title='bbox 622 2643 658 2685; x_wconf 89' lang='lat' dir='ltr'>si</span> <span class='ocrx_word' id='word_1_254' title='bbox 683 2659 771 2685; x_wconf 92' lang='lat' dir='ltr'>non</span> <span class='ocrx_word' id='word_1_255' title='bbox 795 2645 947 2696; x_wconf 81' lang='lat' dir='ltr'>habet,</span> <span class='ocrx_word' id='word_1_256' title='bbox 974 2643 1149 2687; x_wconf 91' lang='lat' dir='ltr'>curabit</span> <span class='ocrx_word' id='word_1_257' title='bbox 1171 2642 1425 2699; x_wconf 86' lang='lat' dir='ltr'>intelligere</span> <span class='ocrx_word' id='word_1_258' title='bbox 1447 2642 1544 2686; x_wconf 91' lang='lat' dir='ltr'>eius</span> <span class='ocrx_word' id='word_1_259' title='bbox 1567 2643 1846 2686; x_wconf 89' lang='lat' dir='ltr'>voluntatem</span> <span class='ocrx_word' id='word_1_260' title='bbox 1871 2641 1917 2684; x_wconf 89' lang='lat' dir='ltr'>in</span> 
     </span>
     <span class='ocr_line' id='line_1_33' title="bbox 284 2717 1915 2782; baseline -0.002 -19"><span class='ocrx_word' id='word_1_261' title='bbox 284 2721 352 2763; x_wconf 84' lang='lat' dir='ltr'>his</span> <span class='ocrx_word' id='word_1_262' title='bbox 381 2720 598 2782; x_wconf 81' lang='lat' dir='ltr'>negociis:</span> <span class='ocrx_word' id='word_1_263' title='bbox 626 2727 670 2764; x_wconf 90' lang='lat' dir='ltr'>et</span> <span class='ocrx_word' id='word_1_264' title='bbox 700 2720 876 2764; x_wconf 89' lang='lat' dir='ltr'>interim</span> <span class='ocrx_word' id='word_1_265' title='bbox 902 2735 1038 2777; x_wconf 85' lang='lat' dir='ltr'>agere</span> <span class='ocrx_word' id='word_1_266' title='bbox 1060 2719 1241 2776; x_wconf 86' lang='lat' dir='ltr'>quidem</span> <span class='ocrx_word' id='word_1_267' title='bbox 1273 2720 1330 2764; x_wconf 91' lang='lat' dir='ltr'>de</span> <span class='ocrx_word' id='word_1_268' title='bbox 1363 2719 1705 2762; x_wconf 87' lang='lat' dir='ltr'>fundationibus</span> <span class='ocrx_word' id='word_1_269' title='bbox 1733 2717 1915 2774; x_wconf 85' lang='lat' dir='ltr'>poterit,</span> 
     </span>
     <span class='ocr_line' id='line_1_34' title="bbox 282 2796 1915 2854; baseline -0.001 -15"><span class='ocrx_word' id='word_1_270' title='bbox 282 2797 391 2839; x_wconf 86' lang='lat' dir='ltr'>nihil</span> <span class='ocrx_word' id='word_1_271' title='bbox 419 2804 571 2840; x_wconf 84' lang='lat' dir='ltr'>tamen</span> <span class='ocrx_word' id='word_1_272' title='bbox 603 2797 889 2849; x_wconf 89' lang='lat' dir='ltr'>concludere,</span> <span class='ocrx_word' id='word_1_273' title='bbox 924 2798 964 2842; x_wconf 86' lang='grc'>21</span> <span class='ocrx_word' id='word_1_274' title='bbox 996 2797 1105 2840; x_wconf 93' lang='lat' dir='ltr'>nihil</span> <span class='ocrx_word' id='word_1_275' title='bbox 1134 2796 1334 2854; x_wconf 88' lang='lat' dir='ltr'>polliceri</span> <span class='ocrx_word' id='word_1_276' title='bbox 1367 2796 1626 2840; x_wconf 86' lang='lat' dir='ltr'>inconsulto</span> <span class='ocrx_word' id='word_1_277' title='bbox 1662 2798 1796 2839; x_wconf 89' lang='lat' dir='ltr'>Patre</span> <span class='ocrx_word' id='word_1_278' title='bbox 1831 2801 1915 2851; x_wconf 63' lang='lat' dir='ltr'>ge*-</span> 
     </span>
     <span class='ocr_line' id='line_1_35' title="bbox 282 2874 439 2918; baseline 0.006 -3"><span class='ocrx_word' id='word_1_279' title='bbox 282 2874 439 2918; x_wconf 78' lang='lat' dir='ltr'>nerah.</span> 
     </span>
    </p>
   </div>
   <div class='ocr_carea' id='block_1_3' title="bbox 298 2979 557 2985">
    <p class='ocr_par' dir='ltr' id='par_1_10' title="bbox 298 2979 557 2985">
     <span class='ocr_line' id='line_1_36' title="bbox 298 2979 557 2985; baseline 0 0"><span class='ocrx_word' id='word_1_280' title='bbox 298 2979 557 2985; x_wconf 95' lang='lat' dir='ltr'> </span> 
     </span>
    </p>
   </div>
   <div class='ocr_carea' id='block_1_4' title="bbox 348 3041 1254 3078">
    <p class='ocr_par' dir='ltr' id='par_1_11' title="bbox 348 3041 1254 3078">
     <span class='ocr_line' id='line_1_37' title="bbox 348 3041 1254 3078; baseline 0.001 -3"><span class='ocrx_word' id='word_1_281' title='bbox 348 3052 363 3067; x_wconf 68' lang='lat' dir='ltr'>a</span> <span class='ocrx_word' id='word_1_282' title='bbox 416 3042 522 3076; x_wconf 76' lang='lat' dir='ltr'>Haec</span> <span class='ocrx_word' id='word_1_283' title='bbox 540 3042 561 3075; x_wconf 82' lang='lat'>8</span> <span class='ocrx_word' id='word_1_284' title='bbox 582 3041 699 3076; x_wconf 81' lang='lat' dir='ltr'>verba</span> <span class='ocrx_word' id='word_1_285' title='bbox 720 3041 808 3077; x_wconf 78' lang='lat' dir='ltr'>Nat,</span> <span class='ocrx_word' id='word_1_286' title='bbox 831 3041 978 3077; x_wconf 85' lang='lat' dir='ltr'>addidit</span> <span class='ocrx_word' id='word_1_287' title='bbox 998 3043 1254 3078; x_wconf 85' lang='lat' dir='ltr'>subobscure.</span> 
     </span>
    </p>
   </div>
  </div>
 </body>
</html>
