2028 3426
373 241 440 279 130
843 243 996 278 PATRIS
1024 243 1267 277 H1ERONYM1
1294 240 1328 275 N
1332 249 1444 276 ADAL

322 498 572 555 legittimis,
614 506 662 540 vt
694 498 969 554 pedetentim
1009 495 1374 540 obseruationem
1413 495 1620 552 accipere
1656 495 1836 540 iuberet
1864 496 1958 554 (qui

323 589 420 618 mos
442 583 511 620 est
533 590 585 618 ac
609 575 723 618 ratio
745 573 1094 617 introductionis
1117 587 1338 615 nouarum
1361 572 1548 628 legum).
1568 572 1715 617 Simul
1732 572 1795 616 ita
1812 571 1968 618 voluit

322 665 422 696 esse
442 652 586 696 editas
609 660 654 696 et
677 651 993 694 auctoritatem
1017 650 1201 703 habere,
1227 656 1275 691 vt
1293 649 1449 692 vltima
1470 648 1558 692 illis
1580 663 1744 693 manus
1773 664 1864 693 non
1887 650 1966 694 di-·

320 736 498 773 ceretur
520 729 740 780 adhibita,
767 728 872 783 quin
899 728 1010 783 ipse,
1037 727 1187 782 quoad
1205 726 1396 780 viueret,
1417 734 1462 771 et
1479 726 1684 772 Societas
1700 735 1718 752 ‘²
1740 736 1841 783 post
1859 726 1957 772 eius

318 805 507 859 obitum,
533 813 686 861 posset
704 805 873 861 aliquid
890 804 976 846 illis
999 804 1209 857 adiicere;
1236 804 1358 859 quod
1380 805 1588 847 consulte
1605 803 1786 848 videtur
1803 803 1850 847 in
1865 804 1954 861 pri-

318 882 402 925 mis
427 883 601 935 fecisse,
627 882 663 925 si
681 897 739 925 ex
764 896 912 926 rerum
937 888 1107 924 euentu
1129 888 1174 924 et
1201 880 1478 937 experientia
1507 880 1784 924 existimauit
1813 882 1956 927 multa

318 959 546 1015 designari
570 973 716 1015 posse,
742 973 856 1014 quae
881 965 1137 1014 opportune
1159 967 1204 1001 et
1226 965 1411 1014 possent
1428 965 1473 1001 et
1490 959 1711 1002 deberent
1728 958 1960 1016 constitu--

319 1035 463 1080 tiones
484 1036 656 1080 iuuare.
683 1038 737 1078 Et
757 1037 844 1078 hoc
865 1035 1048 1091 quidem
1071 1035 1157 1088 est,
1183 1036 1305 1091 quod
1327 1035 1525 1078 diximus
1547 1049 1638 1078 non
1661 1036 1830 1079 habere
1854 1050 1928 1080 ma
1956 1027 1958 1030 ⁵

315 1126 423 1154 num
445 1113 646 1155 Vltimam
670 1112 1035 1164 constitutiones,
1062 1112 1185 1155 aliud
1214 1112 1343 1165 nihil;
1370 1127 1474 1156 nam
1507 1126 1624 1167 quae
1653 1112 1803 1156 editae
1823 1120 1947 1165 sunt,

311 1190 433 1243 quod
456 1191 512 1232 ad
545 1197 831 1245 praesentem
856 1204 1006 1232 rerum
1041 1196 1210 1232 statum
1235 1189 1413 1242 attinet,
1439 1189 1494 1232 iis
1522 1188 1634 1231 nihil
1662 1188 1958 1234 auctoritatis

309 1266 634 1310 desideramus.
662 1268 908 1310 Caeterum
931 1280 1168 1323 speramus
1191 1266 1237 1310 in
1266 1266 1352 1310 X.⁰
1377 1268 1506 1324 Jesu,
1538 1266 1576 1309 si
1605 1265 1715 1322 quid
1739 1265 1798 1310 sit
1827 1267 1949 1322 quod

308 1358 390 1387 nos
422 1343 607 1399 fugerit,
633 1343 678 1386 id
716 1358 797 1399 pro
833 1342 1056 1399 sapientia
1092 1343 1375 1388 Sanctissimi
1410 1346 1466 1387 D.
1510 1344 1567 1387 N.
1604 1343 1956 1388 consultissime.

310 1421 581 1463 illustratum
605 1420 672 1463 iri.
699 1422 808 1473 Iam,
829 1421 954 1476 quod
976 1421 1194 1464 nonnulla
1212 1420 1453 1464 videantur
1471 1422 1528 1464 N.
1550 1419 1752 1464 difficilia
1768 1419 1803 1473 b,
1830 1410 1965 1473 ete„

310 1499 468 1542 eodem
492 1497 670 1551 attinet3
696 1497 811 1540 nihil
832 1497 952 1541 enirn
975 1512 1063 1541 non
1089 1505 1157 1541 est
1180 1497 1227 1540 in
1243 1497 1352 1554 ipsis
1368 1497 1554 1542 difficile
1571 1497 1633 1540 illi
1652 1497 1841 1550 homini,
1865 1497 1992 1553 qui

306 1574 450 1617 alieno
474 1574 558 1616 fuit
581 1576 731 1617 animo
753 1574 842 1617 iam
865 1574 972 1619 inde
988 1589 1014 1617 a
1036 1574 1276 1631 principio,
1303 1583 1349 1618 et
1372 1575 1428 1617 ab
1446 1574 1671 1628 instituto,
1693 1581 1739 1619 et
1757 1589 1783 1618 a
1800 1588 1945 1631 gene·
1992 1579 2005 1610 A

305 1651 401 1703 rali,
427 1664 510 1694 nec
534 1653 627 1694 fere
651 1666 848 1707 vnquam
870 1653 956 1694 sub
980 1652 1237 1696 obedientia
1259 1651 1305 1694 in
1334 1651 1562 1695 Societate
1585 1651 1713 1704 vixit,
1746 1658 1791 1694 et
1822 1664 1957 1694 nunc
1983 1680 1986 1685 ,

303 1728 497 1783 primum
521 1744 576 1772 ex
594 1728 754 1784 spiritu
777 1729 971 1784 quodam
994 1728 1215 1772 libertatis
1238 1729 1366 1771 laxae
1395 1729 1452 1771 ad
1481 1727 1691 1772 eximiam
1721 1728 1943 1786 obedien-

311 1804 398 1847 tiae
422 1804 640 1848 rationem
660 1804 771 1850 adit.
1612 1855 1614 1858 y
1944 1808 1951 1814 ”

394 1882 484 1924 Hic
506 1882 720 1935 desinunt
743 1882 850 1925 llaec
873 1883 1160 1936 adversaria,
1183 1883 1243 1925 ad
1255 1883 1404 1938 finem
1425 1883 1540 1940 folii
1564 1894 1661 1937 33⁷2

1089 1995 1162 2038 ¹4

745 2080 796 2121 P.
844 2078 1196 2122 HIERONYMI
1238 2079 1509 2123 NATALIS

305 2179 569 2209 RESPONSIO
593 2181 655 2210 AD
677 2180 976 2210 ARGUMENTA
1001 2180 1180 2218 QUIBUS
1211 2182 1255 2212 P.
1287 2181 1560 2211 BOBADILLA
1589 2156 1949 2212 CONTENDEBA'I'¹

687 2257 782 2286 SIBI
813 2257 1032 2287 REGIMEN
1064 2232 1351 2288 SOCI'ETATIS
1380 2258 1558 2288 DEBERI

806 2346 966 2384 ROMAE,
994 2346 1192 2374 AUGUSTO
1217 2337 1264 2384 (?)
1294 2347 1383 2384 1557
1416 2342 1440 2378 ¹.

716 2426 969 2461 Adversaria
986 2426 1157 2461 actionis
1174 2427 1293 2474 infra
1310 2428 1518 2465 exhibitae.

1074 2511 1163 2553 Ihs.

1935 2598 1939 2605 ,
1964 2568 1984 2605 ³¹1

390 2602 539 2646 Causa
559 2595 752 2659 agitatur
770 2618 873 2646 cum
891 2604 1062 2647 iustitia
1080 2612 1126 2648 et
1144 2605 1364 2648 charitate
1381 2621 1455 2658 an,
1468 2612 1647 2649 mortuo
1657 2607 1717 2650 D.
1738 2607 1792 2650 P.
1804 2606 1913 2662 Igna
1959 2610 1984 2680 {⁵

369 2724 385 2740 ³
437 2713 549 2749 Prius
570 2715 826 2759 Societatem,·
844 2722 978 2763 postea
1004 2717 1253 2753 emendatum
1282 2723 1324 2753 ut
1350 2729 1480 2765 supra.
1548 2719 1614 2746 ——b
1641 2717 1708 2754 Bis
1728 2719 1802 2754 hoc
1821 2717 1934 2754 verb.·
1966 2715 1981 2775 3'·

299 2771 488 2818 scriptum
507 2779 568 2808 est
587 2772 626 2809 in
645 2779 778 2821 autog.

367 2873 376 2893 ¹
430 2874 487 2908 Ex
507 2875 735 2922 archetypo,
755 2887 825 2911 seu
844 2876 973 2923 potius
991 2877 1226 2913 adversariis
1246 2878 1508 2925 incompletis,
1528 2878 1567 2914 in
1584 2878 1721 2914 codice
1739 2879 1798 2915 De
1816 2878 1924 2914 rebu
1943 2885 1946 2913 ῖ
1968 2903 1977 2925 ,4

295 2942 435 2979 congr.
452 2944 547 2980 gen.
569 2934 603 2968 I·
617 2935 659 2976 V,
681 2935 824 2982 triplici
850 2935 954 2982 folio,
977 2935 1144 2981 38r-4or.
1174 2938 1312 2973 Manus
1340 2944 1402 2973 est
1431 2937 1579 2974 librarii
1607 2937 1822 2984 cujusdam,
1841 2949 1934 2973 cnu-v
1964 2957 1966 2960 ·

295 2990 446 3026 Natalis
465 2992 804 3030 emendationibus
829 2995 1092 3042 autographis,
1114 2995 1213 3031 Vide
1231 2996 1335 3032 dicta
1360 2997 1399 3032 in
1424 2995 1675 3044 praecedenti
1703 3007 1911 3033 monumen

296 3054 351 3095 to,
370 3057 502 3088 annot.
523 3060 559 3091 2.
1955 3051 1957 3053 ¹
