2028 3426
358 258 426 305 534
828 259 981 294 Purus
1010 258 1254 294 HlssRONvm
1281 257 1430 292 NADAL

310 360 446 403 etiarn
471 374 562 403 non
585 359 899 403 consentiente
922 358 1171 414 superiore,
1198 357 1379 414 probari
1402 366 1608 421 possunt;
1636 357 1814 403 tametsi
1837 373 1942 415 pro·
1994 368 2024 453 ἒ

313 437 563 482 uidendum
587 451 643 480 ne
675 444 844 480 temere
875 436 947 478 illa
976 436 1114 478 edant
1136 443 1168 477 ἃ.
1197 436 1323 478 Haec
1347 449 1487 491 quum
1510 435 1570 478 ita
1594 435 1700 489 sint,
1726 450 1818 478 non
1839 442 1949 478 sunt
2003 455 2028 499 vj:

316 523 465 557 tamen
489 513 736 569 instigandi
761 512 919 555 nouitii
944 520 992 554 vt
1014 520 1120 555 vota
1143 513 1279 556 edant
1303 519 1409 556 ante
1431 512 1683 557 biennium.
1996 463 2022 607 Ξ

403 591 557 634 Nostri
581 590 755 641 nouitii,
784 598 872 632 tam
904 589 1156 632 doctrinam
1185 588 1491 641 christianam,
1523 604 1657 644 quam
1688 603 1847 633 omnes
1877 604 1948 633 re-

315 669 464 725 gulas,
492 667 734 710 memoriae
757 667 986 709 mandent.

407 744 498 800 Qui
522 744 771 787 adueniunt
795 759 849 787 ex
874 742 1017 799 prima
1039 743 1323 799 probatione,
1349 744 1495 787 solent
1513 757 1646 786 vnam
1665 742 1948 799 disciplinam
1997 745 2011 770 f

317 821 544 878 publicam
569 821 613 863 in
637 820 876 865 refectorio
899 820 1065 873 facere,
1091 821 1162 863 vel
1186 820 1335 863 statim
1361 820 1435 862 vbi
1459 820 1649 864 veniunt
1671 820 1727 862 ad
1756 820 1949 864 refecto-
1975 837 1979 839 -
1999 876 2002 884 Ι

318 899 451 950 rium,
478 899 547 941 vel
572 905 743 953 postea,
764 897 840 939 vbi
858 897 1095 941 commode
1113 896 1199 939 illis
1218 896 1566 953 significabitur.

407 976 529 1019 Inter
552 974 750 1017 nouitios
771 973 978 1018 habitent
1001 973 1139 1029 aliqui
1163 974 1305 1016 nostri
1333 975 1510 1025 fratres,
1542 973 1618 1029 qui
1647 975 1853 1030 exemplo
1886 974 1953 1016 iu-

322 1067 430 1096 uare
453 1052 551 1094 illos
574 1059 782 1107 possunt,
808 1066 851 1093 v,
879 1065 927 1107 g.
952 1065 1034 1106 pro
1059 1065 1224 1094 nouem
1248 1050 1435 1093 nouitiis
1455 1065 1574 1094 Vnus
1597 1066 1651 1094 ex
1675 1050 1856 1102 nostris,
1878 1050 1957 1106 qui
2000 1061 2009 1093 1

323 1130 380 1171 sit
404 1129 622 1179 decimus,
648 1135 693 1171 et
715 1135 927 1171 maneant
949 1142 1052 1170 cum
1077 1127 1264 1170 nouitiis
1297 1127 1342 1169 in
1372 1127 1651 1172 recreatione
1673 1127 1719 1170 in
1747 1128 1847 1170 loco
1875 1142 1959 1184 pro

325 1205 601 1249 nouitiorum
625 1205 906 1249 recreatione
936 1206 1172 1260 deputato,
1199 1212 1276 1247 aut
1299 1205 1527 1257 sedentes,
1554 1213 1632 1247 aut
1655 1205 1957 1257 ambulanteS‚

323 1290 459 1339 prout
484 1283 569 1325 illis
591 1282 832 1338 placuerit.

411 1359 587 1403 Nouitii
620 1360 818 1403 habeant
851 1360 1108 1411 schedulas,
1146 1358 1192 1401 in
1225 1359 1392 1414 quibus
1423 1358 1742 1402 contineantur
1774 1358 1957 1404 nomina

322 1452 495 1489 eorum,
523 1436 793 1493 quibuscum
817 1436 940 1491 loqui
965 1437 1139 1492 possint
1163 1436 1327 1492 quietis
1356 1437 1485 1488 hora,
1511 1444 1556 1479 et
1577 1441 1664 1482 458
1687 1435 1724 1479 si
1747 1436 1837 1479 duo
1861 1436 1959 1479 fue·

322 1515 429 1568 rint,
471 1528 585 1569 quos
618 1515 815 1556 habeant
853 1513 898 1555 in
931 1528 1015 1556 sua
1047 1514 1279 1565 schedula,
1316 1512 1428 1556 sciat
1460 1527 1509 1556 se
1542 1513 1677 1557 etiam
1712 1527 1843 1568 posse
1876 1512 1966 1555 illis

322 1591 639 1648 praesentibus
660 1604 766 1633 cum
789 1590 888 1633 aliis
910 1591 1121 1634 omnibus
1144 1590 1285 1646 loqui,
1311 1590 1417 1633 licet
1440 1605 1531 1633 non
1555 1590 1645 1633 sint
1668 1590 1713 1632 in
1731 1604 1813 1633 sua
1830 1591 1963 1633 sche-

322 1669 444 1720 dula,
471 1669 551 1711 sed
575 1668 665 1710 alta
688 1681 816 1719 voce,
842 1675 890 1709 vt
914 1667 988 1710 alii
1011 1667 1290 1724 intelligant.

420 1747 488 1787 Ex
510 1746 758 1788 eorundem
788 1744 1065 1787 nouitiorum
1097 1759 1284 1787 numero
1322 1744 1582 1800 deligantur
1614 1744 1751 1799 aliqui
1789 1742 1994 1799 syndici,

332 1822 516 1874 occulti,
543 1821 619 1876 qui
641 1822 698 1864 ad
719 1821 765 1863 id
788 1821 880 1876 apti
898 1822 1192 1865 videbuntur.
1644 1857 1646 1860 .
1667 1847 1680 1864 0

421 1900 629 1954 Quorum
652 1913 800 1941 mores
824 1913 913 1941 non
937 1899 1186 1954 probantur
1203 1898 1249 1941 in
1267 1897 1478 1954 collegio,
1499 1905 1773 1942 reuocentur
1791 1898 1848 1940 ad
1864 1910 1968 1953 pro-

331 1976 563 2020 bationem
588 1975 782 2030 aliquam
807 1975 1057 2020 faciendam
1083 1975 1128 2018 in
1158 1977 1344 2018 domurn
1374 1974 1669 2031 probationis,
1700 1973 1967 2031 praesertim

333 2053 371 2096 si
393 2052 604 2095 videntur
628 2053 756 2096 aliter
779 2052 926 2095 iuuari
949 2052 1079 2096 facile
1103 2067 1193 2095 non
1218 2067 1365 2108 posse.
1443 2109 1448 2114 ¹

420 2129 610 2181 Nouitii,
632 2129 676 2171 in
701 2129 987 2172 coadiutores
1009 2129 1209 2181 admissi,
1231 2136 1406 2172 tanturn
1432 2128 1646 2184 temporis
1669 2127 1864 2171 orationi
1889 2115 1990 2170 tri...

330 2208 472 2249 buere
495 2207 663 2250 debent
686 2214 909 2261 quantum
932 2207 1006 2248 alii
1029 2205 1207 2256 nouitii;
1240 2207 1362 2261 quod
1385 2213 1621 2262 propterea
1643 2205 1823 2257 dicitur,
1849 2204 1971 2260 quod

334 2284 428 2325 fere
450 2295 505 2325 eo
527 2281 697 2324 auxilio
721 2282 895 2326 soleant
924 2296 1076 2338 egere.
1112 2283 1249 2338 Quod
1279 2282 1315 2325 si
1349 2281 1481 2325 facile
1518 2281 1671 2325 deuoti
1711 2295 1803 2324 non
1840 2281 1994 2333 fiant,.‘

335 2358 549 2414 temporis
571 2358 789 2400 orationis
812 2359 896 2402 erit
921 2358 1007 2401 illis
1029 2360 1177 2402 danda
1200 2358 1350 2414 aliqua
1371 2358 1673 2415 indulgentia.

424 2435 643 2491 Magister
673 2435 950 2478 nouitiorum
983 2436 1131 2478 mittat
1160 2450 1268 2479 suos
1305 2436 1349 2478 in
1389 2436 1587 2492 ipsorum
1623 2434 1972 2479 necessitatibus

337 2513 393 2555 ad
416 2512 693 2568 superiorem
716 2513 897 2568 collegii
921 2514 993 2556 vel
1017 2514 1178 2555 domus
1201 2527 1303 2555 cum
1327 2513 1368 2557 ei
1386 2512 1630 2558 videbitur.
1651 2511 1800 2556 Debet
1822 2519 1972 2555 autem

339 2590 442 2645 plus
463 2588 551 2632 illis
574 2589 802 2633 confidere
825 2603 958 2644 quarn
982 2589 1066 2631 sibi
1090 2597 1272 2644 propter
1289 2589 1466 2632 illorum
1485 2589 1805 2632 authoritatem
1827 2595 1871 2633 et
1886 2591 1988 2651 459)

339 2665 554 2708 officium:
580 2665 822 2709 admonere
846 2673 999 2709 tamen
1023 2679 1102 2708 eos
1125 2666 1261 2709 debet
1289 2664 1306 2690 ¹³
1328 2666 1570 2722 diligenter
1601 2666 1657 2710 de
1686 2667 1821 2709 rebus
1843 2664 1975 2708 noui-

342 2750 524 2784 t10rum.

430 2820 518 2861 Pro
543 2818 822 2863 recreatione
843 2819 900 2861 ad
922 2818 1101 2862 vineam
1127 2819 1196 2861 vel
1219 2820 1401 2861 hortum
1425 2818 1490 2861 ire
1512 2818 1648 2863 etiam
1678 2826 1871 2875 possunt
1893 2832 1976 2862 no·

343 2895 459 2949 uitii3
492 2910 818 2951 nonnunquam
858 2895 991 2939 etiam
1023 2897 1202 2950 quando
1233 2895 1322 2938 illic
1352 2903 1458 2937 sunt
1488 2895 1766 2951 collegiales.
1799 2895 1987 2939 Ludere‘

414 3072 430 3089 a
481 3063 604 3106 Haec,
625 3074 645 3098 a
660 3050 792 3098 verbis
811 3062 920 3098 edita
931 3061 1039 3107 jam,
1060 3060 1190 3096 addita
1209 3066 1300 3096 sunt
1319 3060 1528 3107 posterius.
1582 3062 1647 3087 -b
1674 3061 1811 3096 debent
1831 3044 1901 3096 ms.
