2028 3426
700 259 1087 296 SUPPLEMENTUM—
1095 267 1138 304 25
1616 257 1684 303 847

98 359 170 416 pie
188 360 413 403 credimus
431 360 476 402 in
495 375 564 412 eo,
587 360 662 415 qui
682 360 825 416 eligit,
845 375 946 404 esse
967 365 1185 413 ἐνεργουμένη
1210 361 1236 411 “,
1257 359 1303 402 id
1318 367 1387 403 est
1404 360 1632 403 efficacem
1651 374 1731 415 per

95 443 378 479 sacramenta
395 444 440 479 et
454 437 547 492 pias
565 437 894 480 meditationes,
927 437 933 494 Ι
961 437 1134 492 Itaque,
1146 452 1202 480 ex
1219 436 1293 480 illa
1305 437 1348 478 vi
1360 436 1524 478 amoris
1542 436 1730 479 coelesti

94 527 122 554 a
142 515 276 556 Patre
294 513 514 555 luminum
533 514 843 565 descendenti,
865 514 910 556 in
929 529 1018 569 qua
1036 515 1297 557 clamamus:
1319 514 1453 564 abba,
1477 514 1627 564 Pater,
1651 527 1730 568 per

95 589 315 645 Spiritum
333 591 568 642 Sanctum,
590 589 666 645 qui
690 590 735 632 in
758 590 833 633 illa
855 591 987 633 datus
1010 590 1220 633 omnibus
1237 589 1283 632 in
1306 591 1392 632 X.⁰
1410 590 1510 632 Iesu
1529 590 1560 640 ²,
1589 589 1727 631 doce-

95 680 196 708 mus
214 680 314 710 esse
335 666 636 722 colligendam
660 666 943 718 electionem,
965 667 1001 709 si
1020 667 1120 722 quis
1143 681 1247 710 eum
1275 667 1487 709 affectum
1511 672 1661 720 potest
1683 673 1728 707 et

92 741 192 786 eius
209 742 375 784 indicia
393 743 586 797 assequi.
609 742 657 786 Si
677 757 768 785 non
787 743 1060 798 assequitur,
1082 744 1216 785 modo
1235 742 1348 784 nihil
1366 749 1522 785 contra
1541 741 1722 793 sentiat,

91 818 136 861 ei
158 819 243 861 alia
267 818 484 862 tradimus
507 819 591 862 tria
613 821 902 872 documenta,
925 834 1040 875 quae
1062 826 1332 874 sequuntur,
1353 818 1518 875 quibus
1541 818 1624 861 rite
1647 818 1725 860 eli-

91 902 172 951 gat
202 911 281 951 per
309 895 529 937 rationem
554 897 792 951 quamdam
816 897 1045 948 moralem,
1071 897 1144 940 vel
1166 895 1361 951 denique
1384 910 1462 951 per
1485 902 1654 937 metum
1679 902 1727 936 vt

88 972 360 1016 electionem
378 973 577 1028 colligat,
599 973 719 1027 quod
738 974 873 1029 paulo
892 973 1080 1016 inferius
1103 987 1397 1029 exponemus.
1420 972 1468 1016 Si
1487 971 1588 1027 quis
1606 971 1724 1014 enirn

90 1056 241 1092 actum
264 1048 308 1090 in
330 1050 479 1092 Deum
503 1051 753 1104 perfectum
776 1064 856 1105 pro
878 1056 1000 1092 statu
1024 1049 1123 1092 viae
1145 1064 1235 1092 non
1259 1049 1532 1104 assequitur,
1555 1055 1602 1090 vt
1624 1050 1725 1090 Deo

91 1125 272 1167 vniatur
294 1125 338 1167 in
363 1125 527 1168 amoris
550 1127 743 1180 quodam
767 1126 1021 1182 priuilegio,
1049 1129 1172 1169 hunc
1196 1125 1562 1177 manuducimus,
1590 1126 1724 1167 modo

90 1202 202 1244 nihil
225 1210 359 1253 amet,
386 1202 496 1244 nihil
520 1202 706 1258 cogitet,
732 1204 803 1246 vel
821 1204 1046 1258 loquatur,
1075 1204 1143 1247 vel
1167 1210 1395 1259 operetur,
1423 1204 1543 1257 quod
1566 1200 1722 1244 diuino

89 1279 230 1321 amori
252 1279 308 1322 sit
331 1279 622 1331 contrarium,
643 1280 715 1322 vel
737 1280 813 1323 det
836 1294 1017 1336 operam
1034 1280 1199 1336 alioqui
1218 1281 1274 1322 ad
1293 1279 1455 1323 amoris
1473 1278 1616 1321 diuini
1635 1278 1720 1322 203

88 1355 410 1410 perfectionem
434 1357 775 1411 promerendam
799 1371 903 1398 cum
927 1356 1044 1399 illius
1068 1356 1228 1412 gratia.

177 1432 313 1487 Quod
338 1447 443 1474 vero
467 1432 660 1474 dicimus
682 1441 890 1488 oportere
905 1447 984 1488 per
1007 1434 1235 1485 affectum,
1255 1448 1311 1476 ex
1328 1433 1413 1476 Dei
1439 1447 1592 1475 amore
1616 1446 1722 1475 coe-

85 1508 424 1562 litusinfusum,
445 1509 619 1551 facilius
642 1508 878 1565 intelliget,
901 1509 993 1564 qui,
1015 1511 1135 1564 quod
1158 1509 1202 1552 in
1227 1516 1467 1565 prototypo
1487 1508 1721 1564 hispanico

83 1585 262 1641 scripsit
287 1588 339 1629 Ρ.
365 1585 583 1640 Ignatius,
612 1585 735 1641 prius
758 1586 933 1641 legerit,
960 1587 1081 1641 quod
1106 1586 1366 1629 huiusmodi
1389 1593 1473 1630 est:
1505 1587 1595 1629 «La
1627 1585 1720 1640 pri-

85 1677 209 1705 mera
225 1663 349 1718 regla
373 1677 437 1713 es,
457 1676 544 1716 que
568 1663 699 1717 aquel
715 1677 855 1713 amor,
874 1677 962 1717 que
976 1677 1048 1706 me
1071 1677 1235 1706 mueue
1257 1678 1286 1718 y
1301 1677 1372 1705 me
1388 1665 1501 1706 haze
1519 1661 1661 1717 elegir
1678 1662 1719 1704 la

80 1739 142 1781 *tal
167 1753 287 1790 cosa,
313 1739 555 1783 descienda
577 1740 632 1782 de
655 1739 817 1792 arriba,
844 1740 915 1782 del
938 1754 1061 1781 amor
1085 1741 1139 1782 de
1162 1740 1287 1792 Dios3
1315 1740 1370 1781 de
1394 1741 1536 1781 forma
1559 1753 1652 1794 que
1676 1740 1737 1782 el-

81 1830 170 1870 que
192 1815 310 1871 elige
334 1816 478 1858 sienta
500 1815 694 1871 primero
717 1831 773 1859 en
797 1819 832 1858 si
857 1830 945 1871 que
967 1817 1098 1870 aquel
1121 1831 1246 1859 amor
1268 1820 1363 1858 mas
1386 1820 1412 1858 ό
1436 1830 1594 1859 menos
1625 1830 1714 1870 que

84 1878 204 1935 tiene
222 1896 247 1934 a
265 1893 306 1934 la
329 1907 432 1934 cosa
448 1907 536 1947 que
552 1892 685 1948 elige,
703 1907 752 1935 es
774 1893 870 1934 solo
894 1907 975 1948 por
998 1907 1050 1934 su
1070 1893 1258 1935 Criador
1281 1908 1308 1948 y
1334 1894 1527 1936 Sefior.»
1554 1892 1603 1934 Id
1627 1898 1711 1934 est:

86 1969 263 2011 «Prima
291 1969 450 2024 regula
480 1975 547 2010 est
581 1976 628 2010 vt
661 1969 733 2012 ille
762 1983 901 2022 amor,
937 1969 1012 2024 qui
1037 1984 1108 2011 me
1139 1976 1292 2012 mouet
1321 1976 1366 2012 et
1400 1969 1506 2012 facit
1539 1976 1587 2010 vt
1622 1983 1715 2012 rem

80 2044 198 2104 illam
222 2045 403 2100 eligam,
429 2045 673 2087 descendat
696 2060 720 2087 e
742 2060 920 2088 sursum
945 2060 1000 2088 ex
1025 2046 1107 2088 Dei
1132 2061 1302 2097 arnore,
1329 2046 1391 2088 ita
1414 2053 1462 2087 vt
1486 2046 1562 2100 qui
1586 2045 1715 2101 eligit

81 2121 247 2165 sentiat
270 2121 461 2176 primum
485 2121 528 2163 in
554 2136 601 2164 se
625 2123 746 2176 quod
768 2121 842 2164 ille
865 2137 990 2164 amor
1007 2124 1125 2178 plus,
1148 2123 1313 2175 minus,
1336 2137 1425 2177 quo
1445 2137 1536 2165 rem
1557 2136 1711 2177 prose-

76 2198 246 2253 quitur,
279 2212 413 2253 quam
443 2197 586 2254 eligit,
617 2198 675 2240 sit
698 2208 878 2254 propter
907 2214 1039 2241 suum
1069 2200 1330 2243 Creatorem
1366 2213 1418 2241 ac
1460 2199 1709 2241 Dominum

78 2275 434 2318 tantummodo.»
471 2275 692 2329 Loquitur
721 2275 861 2331 igitur
889 2276 946 2320 de
977 2275 1141 2318 amoris
1165 2283 1269 2318 actu
1299 2275 1542 2331 adquisito.
1575 2277 1711 2318 Hunc

77 2357 201 2406 optat
224 2365 275 2394 ac
299 2351 485 2406 requirit
508 2351 553 2393 in
576 2352 789 2407 eligente,
816 2353 871 2394 ad
895 2367 1029 2408 quem
1053 2354 1195 2395 fertur
1220 2352 1454 2408 obligatio,
1488 2360 1537 2394 vt
1566 2352 1711 2406 inquit

69 2430 168 2485 Jac.
189 2428 234 2470 in
255 2427 340 2482 3.⁰,
372 2428 378 2485 Ι
406 2429 462 2471 ab
486 2443 637 2472 amore
655 2429 739 2472 Dei
757 2429 952 2471 deriuari
970 2434 1094 2469 ἄνωθεν
1112 2429 1172 2485 (id
1190 2436 1277 2481 est,
1298 2429 1510 2485 superne)
1531 2430 1562 2481 ⁵,
1585 2429 1656 2472 vel
1673 2429 1710 2471 si

76 2504 220 2557 malis,
241 2519 297 2547 ex
314 2506 421 2558 alto,
441 2512 490 2546 vt
506 2504 705 2560 loquitur
723 2507 865 2561 Xpus.
888 2513 920 2558 ³,
939 2506 984 2548 id
1001 2514 1069 2550 est
1087 2507 1144 2548 ab
1163 2507 1329 2549 affectu
1349 2505 1582 2548 charitatis
1600 2519 1707 2548 coe-

76 2581 200 2623 lestis
223 2595 275 2624 ac
297 2581 478 2624 diuinae
500 2581 697 2624 virtutis.

144 2729 161 2745 a
210 2718 323 2753 Prius
348 2724 435 2764 post
462 2719 556 2753 haec
577 2717 798 2764 scripserat:
818 2722 854 2753 et
882 2717 1061 2757 Iacobus,
1078 2719 1215 2765 primo
1233 2720 1361 2764 capite
1380 2731 1473 2754 suae
1492 2720 1706 2754 canonicae

75 2777 277 2822 epistolae,
297 2789 396 2824 quae
415 2776 576 2814 delevit.

148 2880 156 2899 ¹
209 2878 302 2921 πὶςις
325 2877 364 2912 δι’
382 2879 521 2925 ἀγάπης
542 2878 774 2924 ἐνεργουμένη.
795 2877 917 2923 GAL.,
938 2879 983 2923 V,
1006 2878 1041 2913 6.
1235 2882 1248 2900 ‘-'
1299 2879 1424 2925 ROM.,
1446 2879 1553 2925 VIII,
1577 2886 1632 2922 15.

145 2938 159 2957 ⁵
209 2943 301 2971 πᾶσα
317 2935 404 2978 δόσις
429 2937 538 2983 ἀγαθὴ
555 2937 610 2970 καὶ
629 2943 694 2970 πᾶν
711 2935 849 2983 δώρημα
867 2935 994 2971 τέλειον
1011 2937 1135 2972 ἄνωθέν
1152 2950 1252 2974 εστιν.
1274 2939 1384 2984 JAC.‚
1406 2939 1437 2981 I,
1461 2946 1516 2982 173
1543 2943 1583 2972 et
1601 2937 1703 2973 idem

72 2995 111 3031 in
129 3007 212 3042 cap.
234 2996 300 3041 III,
323 3008 425 3032 vers.
453 3005 490 3040 17
510 2997 628 3031 habet
645 2995 767 3030 ἄνωθεν
786 2996 885 3045 σοφία
910 3008 1101 3043 «superne
1126 2997 1354 3044 sapientia»,
1375 2997 1422 3032 ad
1441 3009 1556 3044 quem
1576 2998 1703 3032 locum

72 3055 208 3090 referri
226 3061 356 3102 potest
374 3055 524 3091 Natalis
544 3055 741 3100 allegatio,
761 3055 828 3091 ubi
847 3061 962 3102 caput
977 3055 999 3090 3
1017 3056 1131 3092 citat.
