2028 3426
712 205 1089 240 INSTRUCTIONES—
1098 206 1139 240 61
1619 218 1686 254 599

109 307 417 349 exhortandus
435 306 491 348 ad
509 305 693 347 meliora
710 305 841 357 serio,
857 313 952 348 turn
972 321 997 348 a
1015 307 1310 358 confessario,
1328 317 1421 349 tum
1441 324 1467 351 a
1483 310 1727 364 superiore,

110 392 156 426 et
176 383 312 425 huius
333 383 520 425 consilio
542 383 677 425 etiam
705 384 761 424 ab
789 382 887 425 aliis
916 383 1105 434 idoneis,
1138 386 1399 439 augendum
1424 394 1600 441 tempus
1630 402 1729 429 ora-

113 459 262 511 tionis,
288 459 607 503 concedendus
630 459 904 514 frequentior
928 474 1034 502 Vsus
1051 474 1206 502 sacrae
1228 461 1571 513 communionis,
1598 463 1729 505 indu—

109 536 281 579 cendus
312 536 368 579 ad
399 535 612 578 exercitia
644 535 908 591 spiritualia.
939 536 1161 579 Breuiter:
1193 536 1280 578 illis
1308 537 1466 580 mediis
1495 540 1727 591 Vtendum,

111 626 302 667 quorum
325 619 393 655 est
416 627 540 666 vsus,
560 613 597 655 si
620 613 873 668 aliquorum
898 613 1186 656 conuersatio
1208 628 1299 655 non
1316 615 1463 669 placet
1486 615 1722 670 superiori·

110 689 209 741 bus3
234 697 279 731 et
301 703 355 732 eo
376 689 654 745 diligentius,
679 689 718 731 si
738 689 979 744 duplicitas
1003 689 1141 732 animi
1161 691 1346 732 accedat
1369 691 1425 732 ad
1442 691 1731 745 deprauatio-

112 779 231 818 nem;
258 773 302 809 et
323 767 435 809 haec
457 766 638 822 quidem
660 767 772 809 fiant
794 767 938 809 donec
961 766 1282 817 constituatur,
1305 781 1359 808 an
1380 767 1453 809 ille
1471 768 1732 812 retinendus

55 837 59 840 ’
112 842 157 884 in
181 842 409 887 Societate
425 843 498 885 sit.

198 919 474 963 Nominatim
505 935 612 963 vero
646 920 845 975 proderit
881 920 918 962 si
954 920 1194 975 praedictis
1231 922 1324 962 fere
1362 920 1588 971 omnibus,
1629 922 1733 962 dato

112 1006 312 1053 tempore
334 997 482 1054 aliquo
505 1002 587 1044 622
610 997 984 1053 occupationibus
1005 1012 1150 1040 vacuo
1173 1012 1224 1040 ac
1247 997 1403 1049 libero,
1430 997 1605 1040 dicatur
1629 1012 1733 1039 cum

110 1074 332 1117 industria
354 1081 398 1116 et
420 1076 555 1117 modo
579 1074 775 1125 decenti,
797 1075 964 1116 bonum
989 1075 1083 1117 fore
1100 1082 1148 1115 vt
1165 1074 1250 1116 alia
1267 1074 1480 1117 exercitia
1498 1075 1734 1129 experian-

111 1159 199 1194 tur.
221 1151 359 1194 Verbi
378 1151 539 1207 gratia:
560 1151 637 1206 qui
659 1150 768 1193 dicit
791 1166 839 1193 se
862 1165 951 1192 non
974 1165 1109 1205 posse
1131 1150 1405 1202 concionari,
1427 1151 1734 1195 confessiones

108 1227 280 1278 audire,
307 1229 474 1284 legere,
500 1236 578 1271 aut
601 1228 798 1279 studere,
824 1235 1049 1270 statuatur
1072 1227 1117 1269 in
1139 1227 1287 1270 officio
1310 1227 1459 1282 aliquo
1481 1229 1732 1272 domestico

110 1306 354 1356 moderate,
379 1311 427 1346 vt
451 1306 566 1348 ferre
600 1312 760 1360 potest.
796 1306 984 1347 Confert
1016 1304 1153 1346 etiarn
1187 1311 1233 1345 vt
1266 1313 1451 1348 curetur
1483 1305 1568 1347 illis
1598 1306 1733 1348 dicia

111 1381 300 1433 medico,
326 1381 402 1436 qui
426 1396 584 1425 reuera
606 1396 659 1423 ex
690 1381 1013 1436 imaginatione
1042 1381 1247 1424 laborant
1274 1381 1468 1437 propria,
1505 1383 1625 1424 nulla
1658 1397 1733 1425 eos

107 1457 297 1501 detineri
317 1457 600 1513 aegritudine
622 1457 856 1513 corporali.
884 1459 1008 1508 Item,
1036 1458 1183 1500 facere
1206 1464 1253 1498 vt
1275 1457 1529 1513 intelligant
1548 1473 1733 1502 necesse

108 1548 207 1576 esse
234 1541 283 1575 vt
311 1548 359 1576 se
386 1534 618 1585 adiuuent,
653 1543 699 1576 et
726 1534 953 1576 dimittant
982 1541 1225 1589 conceptas
1253 1535 1649 1589 apprehensiones,
1685 1543 1733 1576 vt

107 1611 424 1654 melancholias
447 1618 492 1655 et
514 1611 790 1654 voluntarias
817 1619 849 1664 a3
882 1611 1079 1667 proderit
1107 1620 1258 1653 autem
1288 1612 1343 1654 ad
1372 1613 1458 1653 hoc
1492 1619 1538 1653 vt
1571 1619 1734 1655 exeant
1792 1609 1796 1612 ’

108 1687 348 1742 aliquando
371 1688 415 1729 in
439 1688 614 1732 vineam
632 1695 709 1731 aut
726 1688 892 1741 villam,
913 1696 991 1730 aut
1012 1687 1248 1740 mittantur
1266 1688 1311 1730 in
1330 1688 1452 1730 aliud
1470 1688 1728 1743 collegium,

111 1772 157 1805 vt
185 1777 234 1806 12
261 1765 331 1808 uel
361 1776 408 1818 15
439 1764 598 1807 diebus
627 1766 827 1808 relaxato
860 1765 1010 1808 animo
1044 1773 1222 1816 vacent,
1258 1773 1303 1806 et
1336 1765 1421 1807 alia
1455 1764 1729 1817 huiusmodi,
1765 1760 1769 1764 ’

107 1854 222 1895 quae
245 1842 370 1883 Deus
391 1841 607 1884 indicabit
629 1841 952 1896 superioribus.
979 1842 1088 1894 lam,
1108 1841 1145 1884 si
1164 1842 1330 1884 mixtae
1348 1849 1480 1884 erunt
1498 1842 1732 1883 infirmita-

110 1925 193 1969 tes,
212 1917 352 1960 mixta
373 1925 507 1961 erunt
530 1918 727 1962 remedia
749 1917 1024 1962 adhibenda.

197 1993 244 2037 Si
267 1994 367 2048 quis
388 1994 771 2037 animaduertatur
794 1995 839 2036 in
862 1999 945 2040 623
967 1995 1202 2038 vocatione
1220 1994 1482 2036 inconstans
1499 1995 1569 2038 vel
1588 1995 1730 2036 incer-

104 2078 177 2112 tus
199 2077 278 2112 aut
300 2070 449 2112 minus
471 2078 622 2114 rectus
645 2072 716 2114 vel
740 2086 894 2126 purus,
922 2073 1042 2126 quod
1064 2072 1120 2113 ad
1142 2072 1278 2114 finem
1303 2071 1479 2124 attinet,
1515 2074 1730 2126 quemad—

105 2146 288 2188 modum
316 2147 454 2201 (quod
480 2148 607 2190 Deus
636 2148 825 2203 auertat)
856 2147 892 2189 si
926 2147 1136 2190 studendi
1169 2147 1392 2190 desiderio
1428 2149 1648 2199 trahatur,
1687 2156 1733 2188 vt

103 2222 266 2266 deinde
288 2223 343 2265 ad
365 2224 568 2266 seculum
591 2224 760 2275 redeat,
786 2231 864 2266 aut
889 2223 1147 2266 huiusmodi
1171 2224 1227 2265 sit
1250 2224 1417 2278 aliquid
1441 2223 1729 2279 impuritatis,

105 2300 399 2342 admoneatur
419 2299 517 2342 eius
539 2299 840 2343 confessarius
863 2307 910 2341 vt
933 2315 1037 2346 eum
1061 2300 1301 2355 diligenter
1323 2315 1375 2342 ea
1404 2301 1460 2343 de
1484 2315 1530 2343 re
1561 2300 1722 2342 exami-

105 2384 196 2427 net,
223 2376 299 2431 qui
321 2376 358 2418 si
381 2376 577 2419 notabile
600 2376 708 2431 quid
730 2376 776 2418 in
797 2391 851 2420 eo
874 2373 1115 2428 inuenerit,
1137 2377 1261 2418 illum
1285 2391 1375 2418 non
1399 2377 1618 2427 absoluat,
1641 2391 1730 2418 non

105 2454 162 2508 oh
193 2452 237 2494 id
265 2453 409 2495 solum
443 2454 564 2507 quod
591 2452 649 2494 sit
671 2452 746 2495 ille
768 2467 902 2496 casus
922 2461 1195 2504 reseruatus,
1223 2453 1301 2494 sed
1325 2452 1458 2494 etiarn
1482 2453 1602 2506 quod
1625 2466 1729 2494 cen-

102 2536 254 2571 seatur
276 2535 420 2571 status
443 2529 615 2584 peccati
638 2529 852 2580 mortalis,
879 2545 904 2571 a
926 2544 1015 2584 quo
1038 2529 1074 2572 si
1104 2544 1191 2570 non
1227 2530 1423 2579 recedat,
1460 2542 1550 2570 non
1582 2536 1730 2583 potest

103 2605 292 2658 absolui3
319 2613 363 2649 et
387 2614 535 2649 tamen
559 2606 596 2648 si
618 2607 874 2656 reducatur,
903 2606 1149 2648 mittendus
1171 2614 1239 2647 est
1262 2605 1316 2646 ad
1346 2605 1619 2658 superiorem
1651 2619 1730 2658 pro

105 2696 214 2724 casu
239 2690 487 2726 reseruato.

193 2758 240 2802 Si
264 2766 383 2802 esset
404 2759 524 2800 domi
547 2759 782 2813 quisquam
807 2759 1025 2802 aduersus
1048 2758 1238 2801 maiores
1262 2772 1366 2799 suos
1389 2757 1503 2799 male
1521 2757 1724 2807 affectus,

104 2848 158 2876 ac
180 2834 329 2877 animo
351 2834 605 2889 inquietior,
632 2834 669 2877 si
697 2834 741 2877 id
771 2850 796 2877 a
823 2834 1042 2890 superiori
1068 2849 1158 2876 non
1190 2833 1328 2888 possit
1357 2832 1647 2887 deprehendi,
1685 2832 1729 2874 id

177 3012 193 3027 a
243 3000 321 3047 Sic,
340 3007 379 3036 at
397 3001 589 3047 superflua
609 3000 762 3035 videtur
780 3001 966 3046 particula
986 3003 1034 3035 εἴ.
