<?xml version="1.0" encoding="UTF-8"?>
<!DOCTYPE html PUBLIC "-//W3C//DTD XHTML 1.0 Transitional//EN"
    "http://www.w3.org/TR/xhtml1/DTD/xhtml1-transitional.dtd">
<html xmlns="http://www.w3.org/1999/xhtml" xml:lang="en" lang="en">
 <head>
  <title>
</title>
<meta http-equiv="Content-Type" content="text/html;charset=utf-8" />
  <meta name='ocr-system' content='tesseract 3.04.00' />
  <meta name='ocr-capabilities' content='ocr_page ocr_carea ocr_par ocr_line ocrx_word'/>
</head>
<body>
  <div class='ocr_page' id='page_1' title='image "./epistolaephieron11nada_0086.png"; bbox 0 0 2028 3426; ppageno 0'>
   <div class='ocr_carea' id='block_1_1' title="bbox 327 225 1302 261">
    <p class='ocr_par' dir='ltr' id='par_1_1' title="bbox 327 225 1302 261">
     <span class='ocr_line' id='line_1_1' title="bbox 327 225 1302 261; baseline -0.003 0"><span class='ocrx_word' id='word_1_1' title='bbox 327 228 376 261; x_wconf 82' lang='lat' dir='ltr'>oo</span> <span class='ocrx_word' id='word_1_2' title='bbox 905 225 939 260; x_wconf 88' lang='lat' dir='ltr'>N</span> <span class='ocrx_word' id='word_1_3' title='bbox 943 233 1084 261; x_wconf 82' lang='lat' dir='ltr'>0T1T1A</span> <span class='ocrx_word' id='word_1_4' title='bbox 1112 232 1302 260; x_wconf 71' lang='lat' dir='ltr'>comeum</span> 
     </span>
    </p>
   </div>
   <div class='ocr_carea' id='block_1_2' title="bbox 275 328 1062 1444">
    <p class='ocr_par' dir='ltr' id='par_1_2' title="bbox 275 328 1062 722">
     <span class='ocr_line' id='line_1_2' title="bbox 277 328 1062 375; baseline -0.003 -10"><span class='ocrx_word' id='word_1_5' title='bbox 277 328 577 374; x_wconf 87' lang='lat' dir='ltr'>consultationi,</span> <span class='ocrx_word' id='word_1_6' title='bbox 610 333 654 365; x_wconf 88' lang='lat' dir='ltr'>ut</span> <span class='ocrx_word' id='word_1_7' title='bbox 688 328 842 365; x_wconf 92' lang='lat' dir='ltr'>donum</span> <span class='ocrx_word' id='word_1_8' title='bbox 876 328 1062 375; x_wconf 84' lang='lat' dir='ltr'>impetret</span> 
     </span>
     <span class='ocr_line' id='line_1_3' title="bbox 279 400 1061 447; baseline -0.004 -9"><span class='ocrx_word' id='word_1_9' title='bbox 279 401 548 447; x_wconf 84' lang='lat' dir='ltr'>discretionis,</span> <span class='ocrx_word' id='word_1_10' title='bbox 569 401 620 437; x_wconf 87' lang='lat' dir='ltr'>ad</span> <span class='ocrx_word' id='word_1_11' title='bbox 655 401 896 437; x_wconf 83' lang='lat' dir='ltr'>sententiam</span> <span class='ocrx_word' id='word_1_12' title='bbox 923 400 1061 436; x_wconf 91' lang='lat' dir='ltr'>dicen-</span> 
     </span>
     <span class='ocr_line' id='line_1_4' title="bbox 281 471 1062 518; baseline -0.004 -9"><span class='ocrx_word' id='word_1_13' title='bbox 281 472 388 518; x_wconf 88' lang='lat' dir='ltr'>dam,</span> <span class='ocrx_word' id='word_1_14' title='bbox 409 478 449 509; x_wconf 91' lang='lat' dir='ltr'>et</span> <span class='ocrx_word' id='word_1_15' title='bbox 477 472 670 509; x_wconf 85' lang='lat' dir='ltr'>libertatis</span> <span class='ocrx_word' id='word_1_16' title='bbox 698 471 749 508; x_wconf 89' lang='lat' dir='ltr'>ab</span> <span class='ocrx_word' id='word_1_17' title='bbox 775 471 883 508; x_wconf 91' lang='lat' dir='ltr'>omni</span> <span class='ocrx_word' id='word_1_18' title='bbox 911 471 1062 507; x_wconf 87' lang='lat' dir='ltr'>affectu</span> 
     </span>
     <span class='ocr_line' id='line_1_5' title="bbox 279 542 1061 590; baseline -0.004 -10"><span class='ocrx_word' id='word_1_19' title='bbox 279 543 522 589; x_wconf 89' lang='lat' dir='ltr'>inordinato,</span> <span class='ocrx_word' id='word_1_20' title='bbox 539 543 606 590; x_wconf 91' lang='lat' dir='ltr'>qui</span> <span class='ocrx_word' id='word_1_21' title='bbox 622 542 905 580; x_wconf 83' lang='lat' dir='ltr'>rectitudinem</span> <span class='ocrx_word' id='word_1_22' title='bbox 927 542 1061 578; x_wconf 91' lang='lat' dir='ltr'>indicii</span> 
     </span>
     <span class='ocr_line' id='line_1_6' title="bbox 275 613 1061 662; baseline -0.005 -10"><span class='ocrx_word' id='word_1_23' title='bbox 275 616 316 651; x_wconf 91' lang='lat' dir='ltr'>in</span> <span class='ocrx_word' id='word_1_24' title='bbox 332 615 562 652; x_wconf 88' lang='lat' dir='ltr'>alterutram</span> <span class='ocrx_word' id='word_1_25' title='bbox 578 619 731 662; x_wconf 89' lang='lat' dir='ltr'>partem</span> <span class='ocrx_word' id='word_1_26' title='bbox 748 613 952 650; x_wconf 87' lang='lat' dir='ltr'>inflectere</span> <span class='ocrx_word' id='word_1_27' title='bbox 968 624 1061 660; x_wconf 89' lang='lat' dir='ltr'>pos-</span> 
     </span>
     <span class='ocr_line' id='line_1_7' title="bbox 278 691 352 722; baseline 0 0"><span class='ocrx_word' id='word_1_28' title='bbox 278 691 352 722; x_wconf 90' lang='lat' dir='ltr'>set.</span> 
     </span>
    </p>

    <p class='ocr_par' dir='ltr' id='par_1_3' title="bbox 277 753 1061 1303">
     <span class='ocr_line' id='line_1_8' title="bbox 334 753 1058 805; baseline -0.006 -12"><span class='ocrx_word' id='word_1_29' title='bbox 334 769 366 805; x_wconf 86' lang='lat'>3.</span> <span class='ocrx_word' id='word_1_30' title='bbox 425 755 528 793; x_wconf 89' lang='lat' dir='ltr'>Cum</span> <span class='ocrx_word' id='word_1_31' title='bbox 545 754 695 802; x_wconf 88' lang='lat' dir='ltr'>aliquid</span> <span class='ocrx_word' id='word_1_32' title='bbox 717 755 754 791; x_wconf 90' lang='lat' dir='ltr'>in</span> <span class='ocrx_word' id='word_1_33' title='bbox 771 753 949 790; x_wconf 85' lang='lat' dir='ltr'>medium</span> <span class='ocrx_word' id='word_1_34' title='bbox 964 765 1058 801; x_wconf 90' lang='lat' dir='ltr'>pro-</span> 
     </span>
     <span class='ocr_line' id='line_1_9' title="bbox 279 824 1058 876; baseline -0.005 -13"><span class='ocrx_word' id='word_1_35' title='bbox 279 828 452 876; x_wconf 76' lang='lat' dir='ltr'>ponitur,</span> <span class='ocrx_word' id='word_1_36' title='bbox 473 826 524 863; x_wconf 90' lang='lat' dir='ltr'>de</span> <span class='ocrx_word' id='word_1_37' title='bbox 552 838 635 874; x_wconf 92' lang='lat' dir='ltr'>quo</span> <span class='ocrx_word' id='word_1_38' title='bbox 662 826 709 862; x_wconf 87' lang='lat' dir='ltr'>sit</span> <span class='ocrx_word' id='word_1_39' title='bbox 737 824 1058 870; x_wconf 88' lang='lat' dir='ltr'>deliberandum,</span> 
     </span>
     <span class='ocr_line' id='line_1_10' title="bbox 277 896 1058 944; baseline -0.008 -7"><span class='ocrx_word' id='word_1_40' title='bbox 277 904 402 944; x_wconf 88' lang='lat' dir='ltr'>curet,</span> <span class='ocrx_word' id='word_1_41' title='bbox 422 904 465 936; x_wconf 86' lang='lat' dir='ltr'>ut</span> <span class='ocrx_word' id='word_1_42' title='bbox 485 909 568 934; x_wconf 86' lang='lat' dir='ltr'>rem</span> <span class='ocrx_word' id='word_1_43' title='bbox 595 897 699 933; x_wconf 92' lang='lat' dir='ltr'>bene</span> <span class='ocrx_word' id='word_1_44' title='bbox 720 896 924 944; x_wconf 83' lang='lat' dir='ltr'>intelligat,</span> <span class='ocrx_word' id='word_1_45' title='bbox 945 900 1058 932; x_wconf 88' lang='lat' dir='ltr'>ante-</span> 
     </span>
     <span class='ocr_line' id='line_1_11' title="bbox 279 967 1058 1017; baseline -0.004 -12"><span class='ocrx_word' id='word_1_46' title='bbox 279 982 399 1017; x_wconf 80' lang='lat' dir='ltr'>quam</span> <span class='ocrx_word' id='word_1_47' title='bbox 421 969 472 1006; x_wconf 88' lang='lat' dir='ltr'>de</span> <span class='ocrx_word' id='word_1_48' title='bbox 499 980 547 1005; x_wconf 86' lang='lat' dir='ltr'>ea</span> <span class='ocrx_word' id='word_1_49' title='bbox 576 968 816 1004; x_wconf 87' lang='lat' dir='ltr'>sententiam</span> <span class='ocrx_word' id='word_1_50' title='bbox 840 967 960 1012; x_wconf 88' lang='lat' dir='ltr'>dicat,</span> <span class='ocrx_word' id='word_1_51' title='bbox 983 977 1058 1003; x_wconf 90' lang='lat' dir='ltr'>nec</span> 
     </span>
     <span class='ocr_line' id='line_1_12' title="bbox 279 1038 1060 1088; baseline -0.004 -11"><span class='ocrx_word' id='word_1_52' title='bbox 279 1042 327 1077; x_wconf 86' lang='lat' dir='ltr'>sit</span> <span class='ocrx_word' id='word_1_53' title='bbox 347 1051 543 1088; x_wconf 87' lang='lat' dir='ltr'>praeceps</span> <span class='ocrx_word' id='word_1_54' title='bbox 564 1040 601 1075; x_wconf 91' lang='lat' dir='ltr'>in</span> <span class='ocrx_word' id='word_1_55' title='bbox 629 1038 804 1075; x_wconf 86' lang='lat' dir='ltr'>dicendo</span> <span class='ocrx_word' id='word_1_56' title='bbox 833 1038 943 1085; x_wconf 88' lang='lat' dir='ltr'>quod</span> <span class='ocrx_word' id='word_1_57' title='bbox 966 1049 1060 1074; x_wconf 89' lang='lat' dir='ltr'>sen-</span> 
     </span>
     <span class='ocr_line' id='line_1_13' title="bbox 279 1109 1060 1157; baseline -0.005 -8"><span class='ocrx_word' id='word_1_58' title='bbox 279 1113 338 1157; x_wconf 87' lang='lat' dir='ltr'>tit,</span> <span class='ocrx_word' id='word_1_59' title='bbox 359 1112 431 1148; x_wconf 89' lang='lat' dir='ltr'>nisi</span> <span class='ocrx_word' id='word_1_60' title='bbox 467 1116 621 1147; x_wconf 92' lang='lat' dir='ltr'>motum</span> <span class='ocrx_word' id='word_1_61' title='bbox 654 1110 819 1146; x_wconf 88' lang='lat' dir='ltr'>rationis</span> <span class='ocrx_word' id='word_1_62' title='bbox 853 1109 891 1145; x_wconf 90' lang='lat' dir='ltr'>in</span> <span class='ocrx_word' id='word_1_63' title='bbox 913 1109 1060 1146; x_wconf 91' lang='lat' dir='ltr'>alteru-</span> 
     </span>
     <span class='ocr_line' id='line_1_14' title="bbox 279 1181 1061 1231; baseline -0.005 -10"><span class='ocrx_word' id='word_1_64' title='bbox 279 1192 379 1221; x_wconf 85' lang='lat' dir='ltr'>tram</span> <span class='ocrx_word' id='word_1_65' title='bbox 401 1188 556 1231; x_wconf 85' lang='lat' dir='ltr'>partem</span> <span class='ocrx_word' id='word_1_66' title='bbox 576 1183 614 1219; x_wconf 91' lang='lat' dir='ltr'>in</span> <span class='ocrx_word' id='word_1_67' title='bbox 637 1193 680 1217; x_wconf 91' lang='lat' dir='ltr'>se</span> <span class='ocrx_word' id='word_1_68' title='bbox 701 1181 860 1227; x_wconf 86' lang='lat' dir='ltr'>sentiat,</span> <span class='ocrx_word' id='word_1_69' title='bbox 882 1193 1005 1228; x_wconf 85' lang='lat' dir='ltr'>quam</span> <span class='ocrx_word' id='word_1_70' title='bbox 1021 1186 1061 1218; x_wconf 93' lang='lat' dir='ltr'>et</span> 
     </span>
     <span class='ocr_line' id='line_1_15' title="bbox 279 1252 993 1303; baseline -0.004 -11"><span class='ocrx_word' id='word_1_71' title='bbox 279 1255 484 1303; x_wconf 87' lang='lat' dir='ltr'>explicare</span> <span class='ocrx_word' id='word_1_72' title='bbox 505 1252 684 1297; x_wconf 80' lang='lat' dir='ltr'>debebit,</span> <span class='ocrx_word' id='word_1_73' title='bbox 705 1252 773 1288; x_wconf 93' lang='lat' dir='ltr'>ubi</span> <span class='ocrx_word' id='word_1_74' title='bbox 796 1264 899 1299; x_wconf 89' lang='lat' dir='ltr'>opus</span> <span class='ocrx_word' id='word_1_75' title='bbox 919 1255 993 1290; x_wconf 80' lang='lat' dir='ltr'>est&#39;.</span> 
     </span>
    </p>

    <p class='ocr_par' dir='ltr' id='par_1_4' title="bbox 286 1324 1060 1444">
     <span class='ocr_line' id='line_1_16' title="bbox 334 1324 1059 1373; baseline -0.004 -9"><span class='ocrx_word' id='word_1_76' title='bbox 334 1338 370 1373; x_wconf 83' lang='lat'>4.</span> <span class='ocrx_word' id='word_1_77' title='bbox 429 1325 531 1362; x_wconf 66' lang='lat' dir='ltr'>(jum</span> <span class='ocrx_word' id='word_1_78' title='bbox 558 1330 742 1372; x_wconf 89' lang='lat' dir='ltr'>tempore</span> <span class='ocrx_word' id='word_1_79' title='bbox 776 1324 958 1373; x_wconf 84' lang='lat' dir='ltr'>indigere</span> <span class='ocrx_word' id='word_1_80' title='bbox 985 1324 1059 1361; x_wconf 90' lang='lat' dir='ltr'>sibi</span> 
     </span>
     <span class='ocr_line' id='line_1_17' title="bbox 286 1394 1060 1444; baseline -0.005 -9"><span class='ocrx_word' id='word_1_81' title='bbox 286 1397 489 1435; x_wconf 79' lang='lat' dir='ltr'>uidebitur</span> <span class='ocrx_word' id='word_1_82' title='bbox 508 1396 558 1433; x_wconf 88' lang='lat' dir='ltr'>ad</span> <span class='ocrx_word' id='word_1_83' title='bbox 580 1394 903 1441; x_wconf 88' lang='lat' dir='ltr'>deliberandum,</span> <span class='ocrx_word' id='word_1_84' title='bbox 937 1395 1060 1444; x_wconf 87' lang='lat' dir='ltr'>signi-</span> 
     </span>
    </p>
   </div>
   <div class='ocr_carea' id='block_1_3' title="bbox 1135 325 1915 436">
    <p class='ocr_par' dir='ltr' id='par_1_5' title="bbox 1135 325 1915 436">
     <span class='ocr_line' id='line_1_18' title="bbox 1135 325 1915 372; baseline 0 -8"><span class='ocrx_word' id='word_1_85' title='bbox 1135 332 1175 364; x_wconf 89' lang='lat' dir='ltr'>et</span> <span class='ocrx_word' id='word_1_86' title='bbox 1195 326 1354 364; x_wconf 90' lang='lat' dir='ltr'>saniora</span> <span class='ocrx_word' id='word_1_87' title='bbox 1383 326 1463 364; x_wconf 89' lang='lat' dir='ltr'>sint</span> <span class='ocrx_word' id='word_1_88' title='bbox 1499 337 1641 363; x_wconf 89' lang='lat' dir='ltr'>eorum</span> <span class='ocrx_word' id='word_1_89' title='bbox 1667 325 1846 372; x_wconf 89' lang='lat' dir='ltr'>consilia,</span> <span class='ocrx_word' id='word_1_90' title='bbox 1875 327 1915 364; x_wconf 91' lang='lat' dir='ltr'>in</span> 
     </span>
     <span class='ocr_line' id='line_1_19' title="bbox 1135 395 1834 436; baseline 0.001 -2"><span class='ocrx_word' id='word_1_91' title='bbox 1135 408 1209 434; x_wconf 90' lang='lat' dir='ltr'>suo</span> <span class='ocrx_word' id='word_1_92' title='bbox 1231 408 1354 434; x_wconf 90' lang='lat' dir='ltr'>sensu</span> <span class='ocrx_word' id='word_1_93' title='bbox 1373 409 1456 434; x_wconf 86' lang='lat' dir='ltr'>non</span> <span class='ocrx_word' id='word_1_94' title='bbox 1472 397 1590 434; x_wconf 91' lang='lat' dir='ltr'>nimis</span> <span class='ocrx_word' id='word_1_95' title='bbox 1610 395 1834 436; x_wconf 88' lang='lat' dir='ltr'>abundent.</span> 
     </span>
    </p>
   </div>
   <div class='ocr_carea' id='block_1_4' title="bbox 1958 272 1995 661">
    <p class='ocr_par' dir='ltr' id='par_1_6' title="bbox 1958 272 1995 661">
     <span class='ocr_line' id='line_1_20' title="bbox 1958 272 1995 661; textangle 90"><span class='ocrx_word' id='word_1_96' title='bbox 1967 652 1981 661; x_wconf 68' lang='grc' dir='ltr'>«ι’</span> <span class='ocrx_word' id='word_1_97' title='bbox 1969 626 1984 644; x_wconf 47' lang='grc' dir='ltr'><strong><em>ῳ</em></strong></span> <span class='ocrx_word' id='word_1_98' title='bbox 1967 569 1995 618; x_wconf 56' lang='grc' dir='ltr'>ὤ-ξι</span> <span class='ocrx_word' id='word_1_99' title='bbox 1961 475 1986 550; x_wconf 39' lang='lat' dir='ltr'>&amp;ki-¹.</span> <span class='ocrx_word' id='word_1_100' title='bbox 1958 329 1993 467; x_wconf 34' lang='lat' dir='ltr'>fij-4:251</span> <span class='ocrx_word' id='word_1_101' title='bbox 1963 298 1991 317; x_wconf 23' lang='lat'>&#39;⁴</span> <span class='ocrx_word' id='word_1_102' title='bbox 1988 272 1991 283; x_wconf 60' lang='lat'>..</span> 
     </span>
    </p>
   </div>
   <div class='ocr_carea' id='block_1_5' title="bbox 1967 666 1986 734">
    <p class='ocr_par' dir='ltr' id='par_1_7' title="bbox 1967 666 1986 734">
     <span class='ocr_line' id='line_1_21' title="bbox 1967 666 1986 734; textangle 90"><span class='ocrx_word' id='word_1_103' title='bbox 1967 666 1986 734; x_wconf 54' lang='grc' dir='ltr'>,κ-</span> 
     </span>
    </p>
   </div>
   <div class='ocr_carea' id='block_1_6' title="bbox 1190 752 1986 801">
    <p class='ocr_par' dir='ltr' id='par_1_8' title="bbox 1190 752 1986 801">
     <span class='ocr_line' id='line_1_22' title="bbox 1190 752 1986 801; baseline 0.001 -11"><span class='ocrx_word' id='word_1_104' title='bbox 1190 760 1222 799; x_wconf 91' lang='grc'>5.</span> <span class='ocrx_word' id='word_1_105' title='bbox 1279 753 1400 799; x_wconf 89' lang='lat' dir='ltr'>Rem,</span> <span class='ocrx_word' id='word_1_106' title='bbox 1439 752 1491 790; x_wconf 93' lang='lat' dir='ltr'>de</span> <span class='ocrx_word' id='word_1_107' title='bbox 1528 764 1608 801; x_wconf 89' lang='lat' dir='ltr'>qua</span> <span class='ocrx_word' id='word_1_108' title='bbox 1653 753 1917 800; x_wconf 88' lang='lat' dir='ltr'>consultatur,</span> <span class='ocrx_word' id='word_1_109' title='bbox 1970 761 1986 801; x_wconf 51' lang='grc' dir='ltr'>ῥ’</span> 
     </span>
    </p>
   </div>
   <div class='ocr_carea' id='block_1_7' title="bbox 1132 824 1915 874">
    <p class='ocr_par' dir='ltr' id='par_1_9' title="bbox 1132 811 1997 874">
     <span class='ocr_line' id='line_1_23' title="bbox 1132 824 1915 874; baseline 0.001 -12"><span class='ocrx_word' id='word_1_110' title='bbox 1132 824 1238 862; x_wconf 87' lang='lat' dir='ltr'>bene</span> <span class='ocrx_word' id='word_1_111' title='bbox 1258 825 1492 874; x_wconf 86' lang='lat' dir='ltr'>intelligant,</span> <span class='ocrx_word' id='word_1_112' title='bbox 1512 837 1588 862; x_wconf 90' lang='lat' dir='ltr'>nec</span> <span class='ocrx_word' id='word_1_113' title='bbox 1610 825 1689 862; x_wconf 92' lang='lat' dir='ltr'>sint</span> <span class='ocrx_word' id='word_1_114' title='bbox 1714 825 1754 862; x_wconf 90' lang='lat' dir='ltr'>in</span> <span class='ocrx_word' id='word_1_115' title='bbox 1775 825 1915 862; x_wconf 90' lang='lat' dir='ltr'>dicen-</span> 
     </span>
    </p>
   </div>
   <div class='ocr_carea' id='block_1_8' title="bbox 1132 896 1917 1158">
    <p class='ocr_par' dir='ltr' id='par_1_10' title="bbox 1132 896 1917 1158">
     <span class='ocr_line' id='line_1_24' title="bbox 1133 896 1916 946; baseline 0.001 -13"><span class='ocrx_word' id='word_1_116' title='bbox 1133 896 1187 933; x_wconf 94' lang='lat' dir='ltr'>do</span> <span class='ocrx_word' id='word_1_117' title='bbox 1207 897 1461 946; x_wconf 88' lang='lat' dir='ltr'>praecipites;</span> <span class='ocrx_word' id='word_1_118' title='bbox 1482 897 1569 943; x_wconf 90' lang='lat' dir='ltr'>sed,</span> <span class='ocrx_word' id='word_1_119' title='bbox 1590 897 1755 946; x_wconf 87' lang='lat' dir='ltr'>negotio</span> <span class='ocrx_word' id='word_1_120' title='bbox 1776 908 1916 934; x_wconf 90' lang='lat' dir='ltr'>secum</span> 
     </span>
     <span class='ocr_line' id='line_1_25' title="bbox 1132 968 1914 1016; baseline -0.001 -10"><span class='ocrx_word' id='word_1_121' title='bbox 1132 968 1389 1006; x_wconf 87' lang='lat' dir='ltr'>considerato</span> <span class='ocrx_word' id='word_1_122' title='bbox 1410 974 1450 1006; x_wconf 92' lang='lat' dir='ltr'>et</span> <span class='ocrx_word' id='word_1_123' title='bbox 1476 969 1659 1006; x_wconf 89' lang='lat' dir='ltr'>oratione</span> <span class='ocrx_word' id='word_1_124' title='bbox 1678 968 1914 1016; x_wconf 81' lang='lat' dir='ltr'>praemissa,</span> 
     </span>
     <span class='ocr_line' id='line_1_26' title="bbox 1133 1038 1915 1088; baseline -0.001 -12"><span class='ocrx_word' id='word_1_125' title='bbox 1133 1039 1351 1088; x_wconf 86' lang='lat' dir='ltr'>praecipue</span> <span class='ocrx_word' id='word_1_126' title='bbox 1373 1051 1465 1076; x_wconf 90' lang='lat' dir='ltr'>cum</span> <span class='ocrx_word' id='word_1_127' title='bbox 1486 1039 1538 1076; x_wconf 90' lang='lat' dir='ltr'>de</span> <span class='ocrx_word' id='word_1_128' title='bbox 1558 1039 1680 1076; x_wconf 89' lang='lat' dir='ltr'>rebus</span> <span class='ocrx_word' id='word_1_129' title='bbox 1697 1039 1828 1088; x_wconf 86' lang='lat' dir='ltr'>agitur</span> <span class='ocrx_word' id='word_1_130' title='bbox 1842 1038 1915 1075; x_wconf 88' lang='lat' dir='ltr'>dif-</span> 
     </span>
     <span class='ocr_line' id='line_1_27' title="bbox 1134 1110 1917 1158; baseline 0 -10"><span class='ocrx_word' id='word_1_131' title='bbox 1134 1110 1320 1157; x_wconf 90' lang='lat' dir='ltr'>ficilibus,</span> <span class='ocrx_word' id='word_1_132' title='bbox 1337 1111 1577 1148; x_wconf 85' lang='lat' dir='ltr'>sententiam</span> <span class='ocrx_word' id='word_1_133' title='bbox 1594 1122 1708 1147; x_wconf 87' lang='lat' dir='ltr'>suam</span> <span class='ocrx_word' id='word_1_134' title='bbox 1724 1110 1917 1158; x_wconf 87' lang='lat' dir='ltr'>aperiant.</span> 
     </span>
    </p>
   </div>
   <div class='ocr_carea' id='block_1_9' title="bbox 1134 1181 1982 1238">
    <p class='ocr_par' dir='ltr' id='par_1_11' title="bbox 1134 1181 1982 1238">
     <span class='ocr_line' id='line_1_28' title="bbox 1134 1181 1982 1238; baseline 0 -20"><span class='ocrx_word' id='word_1_135' title='bbox 1134 1181 1258 1230; x_wconf 74' lang='lat' dir='ltr'>Quod</span> <span class='ocrx_word' id='word_1_136' title='bbox 1292 1183 1324 1219; x_wconf 87' lang='lat' dir='ltr'>si</span> <span class='ocrx_word' id='word_1_137' title='bbox 1357 1181 1455 1229; x_wconf 90' lang='lat' dir='ltr'>quid</span> <span class='ocrx_word' id='word_1_138' title='bbox 1482 1193 1536 1218; x_wconf 80' lang='lat' dir='ltr'>ex</span> <span class='ocrx_word' id='word_1_139' title='bbox 1565 1187 1750 1230; x_wconf 87' lang='lat' dir='ltr'>tempore</span> <span class='ocrx_word' id='word_1_140' title='bbox 1782 1181 1917 1219; x_wconf 90' lang='lat' dir='ltr'>discu-</span> <span class='ocrx_word' id='word_1_141' title='bbox 1975 1202 1982 1238; x_wconf 80' lang='lat'>.&#39;</span> 
     </span>
    </p>
   </div>
   <div class='ocr_carea' id='block_1_10' title="bbox 1132 1252 1918 1443">
    <p class='ocr_par' dir='ltr' id='par_1_12' title="bbox 1132 1252 1918 1443">
     <span class='ocr_line' id='line_1_29' title="bbox 1133 1252 1918 1303; baseline 0.001 -14"><span class='ocrx_word' id='word_1_142' title='bbox 1133 1252 1318 1289; x_wconf 90' lang='lat' dir='ltr'>tiendum</span> <span class='ocrx_word' id='word_1_143' title='bbox 1351 1258 1660 1303; x_wconf 86' lang='lat' dir='ltr'>proponeretur,</span> <span class='ocrx_word' id='word_1_144' title='bbox 1699 1259 1738 1290; x_wconf 86' lang='lat' dir='ltr'>et</span> <span class='ocrx_word' id='word_1_145' title='bbox 1772 1253 1811 1290; x_wconf 89' lang='lat' dir='ltr'>id</span> <span class='ocrx_word' id='word_1_146' title='bbox 1842 1252 1918 1290; x_wconf 92' lang='lat' dir='ltr'>sibi</span> 
     </span>
     <span class='ocr_line' id='line_1_30' title="bbox 1133 1323 1918 1361; baseline 0.001 -1"><span class='ocrx_word' id='word_1_147' title='bbox 1133 1324 1326 1361; x_wconf 90' lang='lat' dir='ltr'>maturius</span> <span class='ocrx_word' id='word_1_148' title='bbox 1379 1324 1723 1361; x_wconf 86' lang='lat' dir='ltr'>considerandum</span> <span class='ocrx_word' id='word_1_149' title='bbox 1768 1323 1918 1361; x_wconf 89' lang='lat' dir='ltr'>iudica-</span> 
     </span>
     <span class='ocr_line' id='line_1_31' title="bbox 1132 1394 1771 1443; baseline 0 -11"><span class='ocrx_word' id='word_1_150' title='bbox 1132 1400 1234 1440; x_wconf 89' lang='lat' dir='ltr'>rent,</span> <span class='ocrx_word' id='word_1_151' title='bbox 1254 1394 1457 1442; x_wconf 88' lang='lat' dir='ltr'>Superiori</span> <span class='ocrx_word' id='word_1_152' title='bbox 1472 1394 1771 1443; x_wconf 84' lang='lat' dir='ltr'>significabunt.</span> 
     </span>
    </p>
   </div>
   <div class='ocr_carea' id='block_1_11' title="bbox 278 1467 1921 3078">
    <p class='ocr_par' dir='ltr' id='par_1_13' title="bbox 278 1467 688 1515">
     <span class='ocr_line' id='line_1_32' title="bbox 278 1467 688 1515; baseline -0.005 -10"><span class='ocrx_word' id='word_1_153' title='bbox 278 1469 371 1506; x_wconf 87' lang='lat' dir='ltr'>ficet</span> <span class='ocrx_word' id='word_1_154' title='bbox 388 1467 596 1515; x_wconf 88' lang='lat' dir='ltr'>superiori,</span> <span class='ocrx_word' id='word_1_155' title='bbox 612 1472 688 1503; x_wconf 88' lang='lat' dir='ltr'>etc.</span> 
     </span>
    </p>

    <p class='ocr_par' dir='ltr' id='par_1_14' title="bbox 279 1525 1920 2227">
     <span class='ocr_line' id='line_1_33' title="bbox 359 1525 1918 1586; baseline -0.003 -10"><span class='ocrx_word' id='word_1_156' title='bbox 359 1540 422 1576; x_wconf 79' lang='lat' dir='ltr'>Ex</span> <span class='ocrx_word' id='word_1_157' title='bbox 444 1540 518 1575; x_wconf 84' lang='lat' dir='ltr'>hac</span> <span class='ocrx_word' id='word_1_158' title='bbox 540 1538 754 1575; x_wconf 85' lang='lat' dir='ltr'>collatione</span> <span class='ocrx_word' id='word_1_159' title='bbox 775 1542 836 1574; x_wconf 90' lang='lat' dir='ltr'>sat</span> <span class='ocrx_word' id='word_1_160' title='bbox 856 1537 961 1574; x_wconf 89' lang='lat' dir='ltr'>clare</span> <span class='ocrx_word' id='word_1_161' title='bbox 988 1537 1151 1582; x_wconf 87' lang='lat' dir='ltr'>eruitur,</span> <span class='ocrx_word' id='word_1_162' title='bbox 1177 1525 1338 1586; x_wconf 73' lang='lat' dir='ltr'>regulas</span> <span class='ocrx_word' id='word_1_163' title='bbox 1369 1536 1659 1582; x_wconf 90' lang='lat' dir='ltr'>consultorum,</span> <span class='ocrx_word' id='word_1_164' title='bbox 1680 1547 1782 1584; x_wconf 89' lang='lat' dir='ltr'>quas</span> <span class='ocrx_word' id='word_1_165' title='bbox 1810 1546 1918 1573; x_wconf 92' lang='lat' dir='ltr'>nunc</span> 
     </span>
     <span class='ocr_line' id='line_1_34' title="bbox 283 1607 1918 1657; baseline -0.002 -10"><span class='ocrx_word' id='word_1_166' title='bbox 283 1611 492 1654; x_wconf 85' lang='lat' dir='ltr'>habemus,</span> <span class='ocrx_word' id='word_1_167' title='bbox 510 1610 606 1657; x_wconf 85' lang='lat' dir='ltr'>jam,</span> <span class='ocrx_word' id='word_1_168' title='bbox 623 1609 734 1656; x_wconf 86' lang='lat' dir='ltr'>quod</span> <span class='ocrx_word' id='word_1_169' title='bbox 756 1608 807 1645; x_wconf 85' lang='lat' dir='ltr'>ad</span> <span class='ocrx_word' id='word_1_170' title='bbox 824 1608 1103 1654; x_wconf 89' lang='lat' dir='ltr'>substantiam,</span> <span class='ocrx_word' id='word_1_171' title='bbox 1121 1608 1369 1656; x_wconf 89' lang='lat' dir='ltr'>compositas</span> <span class='ocrx_word' id='word_1_172' title='bbox 1386 1608 1509 1644; x_wconf 91' lang='lat' dir='ltr'>fuisse</span> <span class='ocrx_word' id='word_1_173' title='bbox 1526 1613 1618 1644; x_wconf 89' lang='lat' dir='ltr'>ante</span> <span class='ocrx_word' id='word_1_174' title='bbox 1634 1619 1785 1644; x_wconf 92' lang='lat' dir='ltr'>annum</span> <span class='ocrx_word' id='word_1_175' title='bbox 1807 1607 1918 1653; x_wconf 83' lang='lat'>1561,</span> 
     </span>
     <span class='ocr_line' id='line_1_35' title="bbox 279 1678 1918 1729; baseline -0.001 -12"><span class='ocrx_word' id='word_1_176' title='bbox 279 1694 360 1729; x_wconf 87' lang='lat' dir='ltr'>quo</span> <span class='ocrx_word' id='word_1_177' title='bbox 382 1681 466 1717; x_wconf 85' lang='lat' dir='ltr'>illas</span> <span class='ocrx_word' id='word_1_178' title='bbox 487 1680 640 1717; x_wconf 84' lang='lat' dir='ltr'>Natalis</span> <span class='ocrx_word' id='word_1_179' title='bbox 661 1680 698 1716; x_wconf 89' lang='lat' dir='ltr'>in</span> <span class='ocrx_word' id='word_1_180' title='bbox 726 1679 976 1716; x_wconf 85' lang='lat' dir='ltr'>Lusitaniam</span> <span class='ocrx_word' id='word_1_181' title='bbox 1004 1679 1177 1716; x_wconf 81' lang='lat' dir='ltr'>induxit.</span> <span class='ocrx_word' id='word_1_182' title='bbox 1206 1679 1271 1715; x_wconf 84' lang='lat' dir='ltr'>An</span> <span class='ocrx_word' id='word_1_183' title='bbox 1301 1684 1436 1716; x_wconf 88' lang='lat' dir='ltr'>autem</span> <span class='ocrx_word' id='word_1_184' title='bbox 1463 1679 1626 1715; x_wconf 78' lang='lat' dir='ltr'>vivente</span> <span class='ocrx_word' id='word_1_185' title='bbox 1652 1678 1809 1727; x_wconf 79' lang='lat' dir='ltr'>Ignatio</span> <span class='ocrx_word' id='word_1_186' title='bbox 1835 1679 1918 1726; x_wconf 88' lang='lat' dir='ltr'>jam</span> 
     </span>
     <span class='ocr_line' id='line_1_36' title="bbox 280 1750 1920 1799; baseline -0.002 -9"><span class='ocrx_word' id='word_1_187' title='bbox 280 1764 351 1790; x_wconf 87' lang='lat' dir='ltr'>eae</span> <span class='ocrx_word' id='word_1_188' title='bbox 373 1752 630 1797; x_wconf 89' lang='lat' dir='ltr'>haberentur,</span> <span class='ocrx_word' id='word_1_189' title='bbox 651 1751 772 1788; x_wconf 90' lang='lat' dir='ltr'>nobis</span> <span class='ocrx_word' id='word_1_190' title='bbox 793 1762 875 1787; x_wconf 91' lang='lat' dir='ltr'>non</span> <span class='ocrx_word' id='word_1_191' title='bbox 898 1756 1068 1788; x_wconf 89' lang='lat' dir='ltr'>constat.</span> <span class='ocrx_word' id='word_1_192' title='bbox 1090 1750 1150 1787; x_wconf 85' lang='lat' dir='ltr'>Ac</span> <span class='ocrx_word' id='word_1_193' title='bbox 1172 1751 1302 1798; x_wconf 89' lang='lat' dir='ltr'>primo</span> <span class='ocrx_word' id='word_1_194' title='bbox 1323 1750 1488 1798; x_wconf 86' lang='lat' dir='ltr'>quidem</span> <span class='ocrx_word' id='word_1_195' title='bbox 1515 1759 1561 1787; x_wconf 94' lang='lat'>10</span> <span class='ocrx_word' id='word_1_196' title='bbox 1579 1755 1736 1787; x_wconf 85' lang='lat' dir='ltr'>tantum</span> <span class='ocrx_word' id='word_1_197' title='bbox 1755 1750 1920 1799; x_wconf 81' lang='lat' dir='ltr'>regulae</span> 
     </span>
     <span class='ocr_line' id='line_1_37' title="bbox 281 1821 1919 1871; baseline -0.001 -12"><span class='ocrx_word' id='word_1_198' title='bbox 281 1837 352 1871; x_wconf 82' lang='lat' dir='ltr'>pro</span> <span class='ocrx_word' id='word_1_199' title='bbox 380 1823 678 1861; x_wconf 87' lang='lat' dir='ltr'>consultoribus</span> <span class='ocrx_word' id='word_1_200' title='bbox 708 1823 880 1870; x_wconf 87' lang='lat' dir='ltr'>scriptae</span> <span class='ocrx_word' id='word_1_201' title='bbox 908 1822 1077 1867; x_wconf 83' lang='lat' dir='ltr'>suerant3</span> <span class='ocrx_word' id='word_1_202' title='bbox 1106 1828 1249 1870; x_wconf 86' lang='lat' dir='ltr'>postea</span> <span class='ocrx_word' id='word_1_203' title='bbox 1275 1834 1372 1859; x_wconf 89' lang='lat' dir='ltr'>vero</span> <span class='ocrx_word' id='word_1_204' title='bbox 1399 1830 1475 1859; x_wconf 82' lang='lat' dir='ltr'>sex</span> <span class='ocrx_word' id='word_1_205' title='bbox 1502 1822 1602 1858; x_wconf 86' lang='lat' dir='ltr'>aliae</span> <span class='ocrx_word' id='word_1_206' title='bbox 1629 1821 1812 1870; x_wconf 89' lang='lat' dir='ltr'>adjectae</span> <span class='ocrx_word' id='word_1_207' title='bbox 1834 1821 1919 1858; x_wconf 89' lang='lat' dir='ltr'>fue-</span> 
     </span>
     <span class='ocr_line' id='line_1_38' title="bbox 280 1893 1918 1942; baseline 0 -12"><span class='ocrx_word' id='word_1_208' title='bbox 280 1901 369 1931; x_wconf 88' lang='lat' dir='ltr'>runt</span> <span class='ocrx_word' id='word_1_209' title='bbox 391 1895 465 1931; x_wconf 85' lang='lat' dir='ltr'>sub</span> <span class='ocrx_word' id='word_1_210' title='bbox 483 1895 560 1931; x_wconf 92' lang='lat' dir='ltr'>hoc</span> <span class='ocrx_word' id='word_1_211' title='bbox 581 1894 709 1939; x_wconf 89' lang='lat' dir='ltr'>titulo,</span> <span class='ocrx_word' id='word_1_212' title='bbox 740 1893 850 1939; x_wconf 63' lang='lat' dir='ltr'>ibid„</span> <span class='ocrx_word' id='word_1_213' title='bbox 872 1893 937 1930; x_wconf 85' lang='lat' dir='ltr'>fol.</span> <span class='ocrx_word' id='word_1_214' title='bbox 968 1903 1023 1939; x_wconf 84' lang='lat' dir='ltr'>2r,</span> <span class='ocrx_word' id='word_1_215' title='bbox 1043 1894 1189 1942; x_wconf 89' lang='lat' dir='ltr'>posito:</span> <span class='ocrx_word' id='word_1_216' title='bbox 1220 1893 1310 1930; x_wconf 82' lang='lat' dir='ltr'>«Ad</span> <span class='ocrx_word' id='word_1_217' title='bbox 1338 1894 1516 1930; x_wconf 82' lang='lat' dir='ltr'>officium</span> <span class='ocrx_word' id='word_1_218' title='bbox 1543 1893 1819 1930; x_wconf 87' lang='lat' dir='ltr'>consultorum</span> <span class='ocrx_word' id='word_1_219' title='bbox 1845 1893 1918 1930; x_wconf 87' lang='lat' dir='ltr'>ad-</span> 
     </span>
     <span class='ocr_line' id='line_1_39' title="bbox 281 1965 1919 2014; baseline 0 -12"><span class='ocrx_word' id='word_1_220' title='bbox 281 1966 426 2002; x_wconf 79' lang='lat' dir='ltr'>dantur</span> <span class='ocrx_word' id='word_1_221' title='bbox 447 1967 558 2002; x_wconf 84' lang='lat' dir='ltr'>haec:</span> <span class='ocrx_word' id='word_1_222' title='bbox 583 1976 638 2003; x_wconf 91' lang='lat'>11.</span> <span class='ocrx_word' id='word_1_223' title='bbox 656 1965 709 2002; x_wconf 89' lang='lat' dir='ltr'>Vt</span> <span class='ocrx_word' id='word_1_224' title='bbox 731 1965 986 2002; x_wconf 89' lang='lat' dir='ltr'>consultores</span> <span class='ocrx_word' id='word_1_225' title='bbox 1006 1977 1153 2014; x_wconf 82' lang='lat' dir='ltr'>magna</span> <span class='ocrx_word' id='word_1_226' title='bbox 1174 1965 1433 2002; x_wconf 86' lang='lat' dir='ltr'>obseruantia</span> <span class='ocrx_word' id='word_1_227' title='bbox 1450 1971 1604 2002; x_wconf 90' lang='lat' dir='ltr'>secrete</span> <span class='ocrx_word' id='word_1_228' title='bbox 1620 1970 1797 2011; x_wconf 85' lang='lat' dir='ltr'>teneant,</span> <span class='ocrx_word' id='word_1_229' title='bbox 1814 1976 1919 2012; x_wconf 85' lang='lat' dir='ltr'>quae</span> 
     </span>
     <span class='ocr_line' id='line_1_40' title="bbox 281 2036 1916 2085; baseline 0.001 -13"><span class='ocrx_word' id='word_1_230' title='bbox 281 2049 372 2073; x_wconf 87' lang='lat' dir='ltr'>cum</span> <span class='ocrx_word' id='word_1_231' title='bbox 398 2037 494 2084; x_wconf 81' lang='lat' dir='ltr'>ipsis</span> <span class='ocrx_word' id='word_1_232' title='bbox 524 2042 678 2073; x_wconf 81' lang='lat' dir='ltr'>secrete</span> <span class='ocrx_word' id='word_1_233' title='bbox 703 2042 988 2073; x_wconf 81' lang='lat' dir='ltr'>tractantur...»</span> <span class='ocrx_word' id='word_1_234' title='bbox 1018 2042 1094 2073; x_wconf 90' lang='lat' dir='ltr'>etc.</span> <span class='ocrx_word' id='word_1_235' title='bbox 1109 2036 1260 2085; x_wconf 64' lang='lat' dir='ltr'>‚Ignota</span> <span class='ocrx_word' id='word_1_236' title='bbox 1281 2048 1437 2082; x_wconf 89' lang='lat' dir='ltr'>manus,</span> <span class='ocrx_word' id='word_1_237' title='bbox 1459 2048 1564 2084; x_wconf 85' lang='lat' dir='ltr'>quae</span> <span class='ocrx_word' id='word_1_238' title='bbox 1585 2048 1774 2085; x_wconf 83' lang='lat' dir='ltr'>magnam</span> <span class='ocrx_word' id='word_1_239' title='bbox 1796 2037 1916 2084; x_wconf 87' lang='lat' dir='ltr'>hujus</span> 
     </span>
     <span class='ocr_line' id='line_1_41' title="bbox 281 2107 1917 2155; baseline 0 -11"><span class='ocrx_word' id='word_1_240' title='bbox 281 2108 432 2144; x_wconf 88' lang='lat' dir='ltr'>codicis</span> <span class='ocrx_word' id='word_1_241' title='bbox 453 2113 606 2155; x_wconf 86' lang='lat' dir='ltr'>partem</span> <span class='ocrx_word' id='word_1_242' title='bbox 628 2108 823 2145; x_wconf 78' lang='lat' dir='ltr'>exaravit.</span> <span class='ocrx_word' id='word_1_243' title='bbox 846 2108 928 2145; x_wconf 93' lang='lat' dir='ltr'>Inc.</span> <span class='ocrx_word' id='word_1_244' title='bbox 954 2108 1022 2144; x_wconf 86' lang='lat' dir='ltr'>«In</span> <span class='ocrx_word' id='word_1_245' title='bbox 1044 2108 1180 2155; x_wconf 89' lang='lat' dir='ltr'>primis</span> <span class='ocrx_word' id='word_1_246' title='bbox 1201 2109 1419 2146; x_wconf 88' lang='lat' dir='ltr'>sincera...»</span> <span class='ocrx_word' id='word_1_247' title='bbox 1451 2108 1546 2145; x_wconf 92' lang='lat' dir='ltr'>Des.</span> <span class='ocrx_word' id='word_1_248' title='bbox 1577 2124 1637 2145; x_wconf 87' lang='lat'>«...</span> <span class='ocrx_word' id='word_1_249' title='bbox 1667 2107 1818 2144; x_wconf 86' lang='lat' dir='ltr'>habent</span> <span class='ocrx_word' id='word_1_250' title='bbox 1845 2107 1917 2144; x_wconf 91' lang='lat' dir='ltr'>ad-</span> 
     </span>
     <span class='ocr_line' id='line_1_42' title="bbox 282 2164 1569 2227; baseline 0 -12"><span class='ocrx_word' id='word_1_251' title='bbox 282 2180 521 2215; x_wconf 86' lang='lat' dir='ltr'>monitorem</span> <span class='ocrx_word' id='word_1_252' title='bbox 542 2179 774 2227; x_wconf 79' lang='lat' dir='ltr'>generalis.»</span> <span class='ocrx_word' id='word_1_253' title='bbox 1568 2164 1569 2167; x_wconf 11' lang='grc' dir='ltr'><strong>Ἰ</strong></span> 
     </span>
    </p>

    <p class='ocr_par' dir='ltr' id='par_1_15' title="bbox 281 2250 1919 2651">
     <span class='ocr_line' id='line_1_43' title="bbox 362 2250 1918 2300; baseline 0.001 -14"><span class='ocrx_word' id='word_1_254' title='bbox 362 2250 447 2286; x_wconf 85' lang='lat' dir='ltr'>Fol.</span> <span class='ocrx_word' id='word_1_255' title='bbox 473 2262 592 2298; x_wconf 73' lang='lat' dir='ltr'>3r-4r,</span> <span class='ocrx_word' id='word_1_256' title='bbox 613 2251 870 2287; x_wconf 87' lang='lat' dir='ltr'>continentur</span> <span class='ocrx_word' id='word_1_257' title='bbox 890 2251 1081 2287; x_wconf 87' lang='lat' dir='ltr'>nonnulla</span> <span class='ocrx_word' id='word_1_258' title='bbox 1109 2252 1260 2288; x_wconf 89' lang='lat' dir='ltr'>monita</span> <span class='ocrx_word' id='word_1_259' title='bbox 1286 2263 1360 2300; x_wconf 88' lang='lat' dir='ltr'>pro</span> <span class='ocrx_word' id='word_1_260' title='bbox 1387 2250 1662 2299; x_wconf 86' lang='lat' dir='ltr'>superioribus</span> <span class='ocrx_word' id='word_1_261' title='bbox 1691 2250 1918 2296; x_wconf 84' lang='lat' dir='ltr'>Societatis‚</span> 
     </span>
     <span class='ocr_line' id='line_1_44' title="bbox 282 2318 1919 2370; baseline 0 -12"><span class='ocrx_word' id='word_1_262' title='bbox 282 2321 358 2358; x_wconf 85' lang='lat' dir='ltr'>sul)</span> <span class='ocrx_word' id='word_1_263' title='bbox 387 2323 463 2357; x_wconf 88' lang='lat' dir='ltr'>hoc</span> <span class='ocrx_word' id='word_1_264' title='bbox 491 2322 618 2357; x_wconf 86' lang='lat' dir='ltr'>titulo:</span> <span class='ocrx_word' id='word_1_265' title='bbox 649 2321 804 2358; x_wconf 77' lang='lat' dir='ltr'>«Como</span> <span class='ocrx_word' id='word_1_266' title='bbox 833 2334 876 2358; x_wconf 86' lang='lat' dir='ltr'>se</span> <span class='ocrx_word' id='word_1_267' title='bbox 903 2334 924 2358; x_wconf 92' lang='lat' dir='ltr'>a</span> <span class='ocrx_word' id='word_1_268' title='bbox 952 2318 1174 2359; x_wconf 77' lang='lat' dir='ltr'>dauer‘con</span> <span class='ocrx_word' id='word_1_269' title='bbox 1197 2323 1257 2359; x_wconf 93' lang='lat' dir='ltr'>los</span> <span class='ocrx_word' id='word_1_270' title='bbox 1278 2323 1532 2360; x_wconf 85' lang='lat' dir='ltr'>consultores</span> <span class='ocrx_word' id='word_1_271' title='bbox 1553 2323 1588 2359; x_wconf 92' lang='lat' dir='ltr'>el</span> <span class='ocrx_word' id='word_1_272' title='bbox 1609 2322 1829 2370; x_wconf 86' lang='lat' dir='ltr'>superior.»</span> <span class='ocrx_word' id='word_1_273' title='bbox 1854 2322 1919 2358; x_wconf 87' lang='lat' dir='ltr'>Ex</span> 
     </span>
     <span class='ocr_line' id='line_1_45' title="bbox 282 2393 1917 2443; baseline 0.001 -15"><span class='ocrx_word' id='word_1_274' title='bbox 282 2393 391 2428; x_wconf 76' lang='lat' dir='ltr'>hisce</span> <span class='ocrx_word' id='word_1_275' title='bbox 412 2393 572 2428; x_wconf 86' lang='lat' dir='ltr'>monitis</span> <span class='ocrx_word' id='word_1_276' title='bbox 592 2393 700 2429; x_wconf 86' lang='lat' dir='ltr'>varia</span> <span class='ocrx_word' id='word_1_277' title='bbox 721 2393 960 2440; x_wconf 86' lang='lat' dir='ltr'>deprompta</span> <span class='ocrx_word' id='word_1_278' title='bbox 982 2393 1142 2430; x_wconf 82' lang='lat' dir='ltr'>suerunt</span> <span class='ocrx_word' id='word_1_279' title='bbox 1161 2394 1200 2430; x_wconf 90' lang='lat' dir='ltr'>in</span> <span class='ocrx_word' id='word_1_280' title='bbox 1227 2394 1493 2431; x_wconf 87' lang='lat' dir='ltr'>conficiendis</span> <span class='ocrx_word' id='word_1_281' title='bbox 1518 2394 1667 2443; x_wconf 86' lang='lat' dir='ltr'>regulis</span> <span class='ocrx_word' id='word_1_282' title='bbox 1697 2393 1917 2441; x_wconf 80' lang='lat' dir='ltr'>praepositi</span> 
     </span>
     <span class='ocr_line' id='line_1_46' title="bbox 281 2463 1916 2512; baseline 0.002 -14"><span class='ocrx_word' id='word_1_283' title='bbox 281 2463 548 2509; x_wconf 79' lang='lat' dir='ltr'>provincialis,</span> <span class='ocrx_word' id='word_1_284' title='bbox 570 2463 786 2510; x_wconf 79' lang='lat' dir='ltr'>praepositi</span> <span class='ocrx_word' id='word_1_285' title='bbox 808 2463 954 2500; x_wconf 89' lang='lat' dir='ltr'>domus</span> <span class='ocrx_word' id='word_1_286' title='bbox 971 2464 1179 2511; x_wconf 84' lang='lat' dir='ltr'>professae</span> <span class='ocrx_word' id='word_1_287' title='bbox 1200 2470 1239 2501; x_wconf 91' lang='lat' dir='ltr'>et</span> <span class='ocrx_word' id='word_1_288' title='bbox 1258 2466 1438 2511; x_wconf 89' lang='lat' dir='ltr'>rectoris,</span> <span class='ocrx_word' id='word_1_289' title='bbox 1459 2466 1498 2501; x_wconf 91' lang='lat' dir='ltr'>in</span> <span class='ocrx_word' id='word_1_290' title='bbox 1514 2465 1588 2510; x_wconf 90' lang='lat' dir='ltr'>his,</span> <span class='ocrx_word' id='word_1_291' title='bbox 1604 2476 1709 2512; x_wconf 85' lang='lat' dir='ltr'>quae</span> <span class='ocrx_word' id='word_1_292' title='bbox 1726 2464 1777 2501; x_wconf 88' lang='lat' dir='ltr'>ad</span> <span class='ocrx_word' id='word_1_293' title='bbox 1793 2465 1916 2501; x_wconf 88' lang='lat' dir='ltr'>ratio-</span> 
     </span>
     <span class='ocr_line' id='line_1_47' title="bbox 282 2534 1917 2586; baseline 0.002 -17"><span class='ocrx_word' id='word_1_294' title='bbox 282 2545 373 2569; x_wconf 90' lang='lat' dir='ltr'>nem</span> <span class='ocrx_word' id='word_1_295' title='bbox 404 2534 551 2581; x_wconf 81' lang='lat' dir='ltr'>agendi</span> <span class='ocrx_word' id='word_1_296' title='bbox 579 2545 670 2570; x_wconf 90' lang='lat' dir='ltr'>cum</span> <span class='ocrx_word' id='word_1_297' title='bbox 698 2534 996 2571; x_wconf 83' lang='lat' dir='ltr'>consultoribus</span> <span class='ocrx_word' id='word_1_298' title='bbox 1023 2541 1218 2583; x_wconf 89' lang='lat' dir='ltr'>spectant.</span> <span class='ocrx_word' id='word_1_299' title='bbox 1247 2536 1328 2573; x_wconf 90' lang='lat' dir='ltr'>Inc.</span> <span class='ocrx_word' id='word_1_300' title='bbox 1359 2535 1588 2586; x_wconf 75' lang='lat' dir='ltr'>«Tengales</span> <span class='ocrx_word' id='word_1_301' title='bbox 1616 2547 1666 2572; x_wconf 91' lang='lat' dir='ltr'>en</span> <span class='ocrx_word' id='word_1_302' title='bbox 1693 2535 1791 2572; x_wconf 88' lang='lat' dir='ltr'>toda</span> <span class='ocrx_word' id='word_1_303' title='bbox 1817 2535 1917 2572; x_wconf 91' lang='lat' dir='ltr'>obe-</span> 
     </span>
     <span class='ocr_line' id='line_1_48' title="bbox 284 2605 1288 2651; baseline 0.004 -11"><span class='ocrx_word' id='word_1_304' title='bbox 284 2605 501 2651; x_wconf 71' lang='lat' dir='ltr'>diencia...»</span> <span class='ocrx_word' id='word_1_305' title='bbox 529 2605 623 2641; x_wconf 82' lang='lat' dir='ltr'>Des.</span> <span class='ocrx_word' id='word_1_306' title='bbox 649 2621 709 2642; x_wconf 73' lang='grc'><strong><em>«...</em></strong></span> <span class='ocrx_word' id='word_1_307' title='bbox 731 2611 842 2641; x_wconf 89' lang='lat' dir='ltr'>entre</span> <span class='ocrx_word' id='word_1_308' title='bbox 863 2612 894 2641; x_wconf 83' lang='lat' dir='ltr'>si</span> <span class='ocrx_word' id='word_1_309' title='bbox 917 2606 976 2642; x_wconf 91' lang='lat' dir='ltr'>los</span> <span class='ocrx_word' id='word_1_310' title='bbox 998 2607 1288 2644; x_wconf 86' lang='lat' dir='ltr'>consultores.»</span> 
     </span>
    </p>

    <p class='ocr_par' dir='ltr' id='par_1_16' title="bbox 281 2675 1921 3078">
     <span class='ocr_line' id='line_1_49' title="bbox 362 2675 1918 2725; baseline 0.003 -14"><span class='ocrx_word' id='word_1_311' title='bbox 362 2675 446 2712; x_wconf 86' lang='lat' dir='ltr'>Fol.</span> <span class='ocrx_word' id='word_1_312' title='bbox 474 2675 596 2721; x_wconf 62' lang='grc' dir='ltr'>,μ’-(ΞΓ,</span> <span class='ocrx_word' id='word_1_313' title='bbox 623 2675 698 2712; x_wconf 88' lang='lat' dir='ltr'>sub</span> <span class='ocrx_word' id='word_1_314' title='bbox 727 2677 803 2712; x_wconf 85' lang='lat' dir='ltr'>hoc</span> <span class='ocrx_word' id='word_1_315' title='bbox 830 2676 956 2712; x_wconf 87' lang='lat' dir='ltr'>titulo:</span> <span class='ocrx_word' id='word_1_316' title='bbox 988 2676 1152 2714; x_wconf 88' lang='lat' dir='ltr'>«Orden</span> <span class='ocrx_word' id='word_1_317' title='bbox 1180 2689 1260 2725; x_wconf 84' lang='lat' dir='ltr'>que</span> <span class='ocrx_word' id='word_1_318' title='bbox 1288 2679 1324 2716; x_wconf 89' lang='lat' dir='ltr'>el</span> <span class='ocrx_word' id='word_1_319' title='bbox 1351 2679 1392 2715; x_wconf 92' lang='lat' dir='ltr'>P.</span> <span class='ocrx_word' id='word_1_320' title='bbox 1420 2678 1537 2716; x_wconf 82' lang='lat' dir='ltr'>Mtro.</span> <span class='ocrx_word' id='word_1_321' title='bbox 1568 2678 1699 2715; x_wconf 86' lang='lat' dir='ltr'>Nadal</span> <span class='ocrx_word' id='word_1_322' title='bbox 1734 2678 1845 2715; x_wconf 82' lang='lat' dir='ltr'>dexo</span> <span class='ocrx_word' id='word_1_323' title='bbox 1883 2679 1918 2715; x_wconf 89' lang='lat' dir='ltr'>al</span> 
     </span>
     <span class='ocr_line' id='line_1_50' title="bbox 283 2734 1920 2793; baseline 0.002 -9"><span class='ocrx_word' id='word_1_324' title='bbox 283 2748 321 2784; x_wconf 92' lang='lat' dir='ltr'>P.</span> <span class='ocrx_word' id='word_1_325' title='bbox 343 2746 525 2793; x_wconf 75' lang='lat' dir='ltr'>Gonqalo</span> <span class='ocrx_word' id='word_1_326' title='bbox 547 2734 729 2791; x_wconf 60' lang='lat' dir='ltr'>mnam,</span> <span class='ocrx_word' id='word_1_327' title='bbox 751 2753 925 2784; x_wconf 88' lang='lat' dir='ltr'>maestro</span> <span class='ocrx_word' id='word_1_328' title='bbox 946 2748 997 2784; x_wconf 89' lang='lat' dir='ltr'>de</span> <span class='ocrx_word' id='word_1_329' title='bbox 1025 2750 1208 2786; x_wconf 88' lang='lat' dir='ltr'>nouicios</span> <span class='ocrx_word' id='word_1_330' title='bbox 1235 2761 1282 2786; x_wconf 89' lang='lat' dir='ltr'>en</span> <span class='ocrx_word' id='word_1_331' title='bbox 1313 2749 1542 2787; x_wconf 85' lang='lat' dir='ltr'>Coimbra.»</span> <span class='ocrx_word' id='word_1_332' title='bbox 1571 2750 1717 2787; x_wconf 88' lang='lat' dir='ltr'>Similis</span> <span class='ocrx_word' id='word_1_333' title='bbox 1745 2761 1835 2787; x_wconf 88' lang='lat' dir='ltr'>esse</span> <span class='ocrx_word' id='word_1_334' title='bbox 1861 2750 1920 2787; x_wconf 90' lang='lat' dir='ltr'>vi-</span> 
     </span>
     <span class='ocr_line' id='line_1_51' title="bbox 281 2817 1921 2869; baseline 0.002 -15"><span class='ocrx_word' id='word_1_335' title='bbox 281 2817 410 2863; x_wconf 90' lang='lat' dir='ltr'>detur,</span> <span class='ocrx_word' id='word_1_336' title='bbox 437 2818 547 2865; x_wconf 80' lang='lat' dir='ltr'>quod</span> <span class='ocrx_word' id='word_1_337' title='bbox 575 2818 626 2854; x_wconf 89' lang='lat' dir='ltr'>ad</span> <span class='ocrx_word' id='word_1_338' title='bbox 654 2817 918 2854; x_wconf 86' lang='lat' dir='ltr'>substantiam</span> <span class='ocrx_word' id='word_1_339' title='bbox 945 2820 1097 2864; x_wconf 87' lang='lat' dir='ltr'>attinet,</span> <span class='ocrx_word' id='word_1_340' title='bbox 1127 2821 1178 2856; x_wconf 90' lang='lat' dir='ltr'>illi</span> <span class='ocrx_word' id='word_1_341' title='bbox 1208 2821 1337 2857; x_wconf 88' lang='lat' dir='ltr'>ordini</span> <span class='ocrx_word' id='word_1_342' title='bbox 1370 2833 1443 2869; x_wconf 91' lang='lat' dir='ltr'>pro</span> <span class='ocrx_word' id='word_1_343' title='bbox 1478 2821 1639 2858; x_wconf 86' lang='lat' dir='ltr'>novitiis</span> <span class='ocrx_word' id='word_1_344' title='bbox 1665 2833 1687 2858; x_wconf 91' lang='lat' dir='ltr'>a</span> <span class='ocrx_word' id='word_1_345' title='bbox 1714 2821 1752 2859; x_wconf 87' lang='lat' dir='ltr'>S.</span> <span class='ocrx_word' id='word_1_346' title='bbox 1788 2821 1921 2858; x_wconf 82' lang='lat' dir='ltr'>Fran-</span> 
     </span>
     <span class='ocr_line' id='line_1_52' title="bbox 283 2888 1918 2940; baseline 0.002 -15"><span class='ocrx_word' id='word_1_347' title='bbox 283 2889 390 2925; x_wconf 82' lang='lat' dir='ltr'>cisco</span> <span class='ocrx_word' id='word_1_348' title='bbox 412 2889 556 2937; x_wconf 85' lang='lat' dir='ltr'>Borgia</span> <span class='ocrx_word' id='word_1_349' title='bbox 581 2888 791 2933; x_wconf 86' lang='lat' dir='ltr'>adornato,</span> <span class='ocrx_word' id='word_1_350' title='bbox 812 2889 863 2925; x_wconf 89' lang='lat' dir='ltr'>de</span> <span class='ocrx_word' id='word_1_351' title='bbox 885 2901 966 2936; x_wconf 84' lang='lat' dir='ltr'>quo</span> <span class='ocrx_word' id='word_1_352' title='bbox 988 2890 1165 2932; x_wconf 75' lang='lat' dir='ltr'>diximus</span> <span class='ocrx_word' id='word_1_353' title='bbox 1194 2892 1232 2928; x_wconf 91' lang='lat' dir='ltr'>in</span> <span class='ocrx_word' id='word_1_354' title='bbox 1255 2892 1529 2940; x_wconf 86' lang='lat' dir='ltr'>descriptione</span> <span class='ocrx_word' id='word_1_355' title='bbox 1555 2891 1714 2929; x_wconf 70' lang='lat' dir='ltr'>Codicis</span> <span class='ocrx_word' id='word_1_356' title='bbox 1741 2892 1862 2930; x_wconf 78' lang='lat' dir='ltr'>Vatic.</span> <span class='ocrx_word' id='word_1_357' title='bbox 1882 2890 1918 2937; x_wconf 81' lang='grc' dir='ltr'>ό,</span> 
     </span>
     <span class='ocr_line' id='line_1_53' title="bbox 283 2946 1916 3012; baseline 0.003 -16"><span class='ocrx_word' id='word_1_358' title='bbox 283 2960 321 2996; x_wconf 86' lang='lat' dir='ltr'>ff.</span> <span class='ocrx_word' id='word_1_359' title='bbox 344 2969 532 3008; x_wconf 82' lang='lat'>207-210.</span> <span class='ocrx_word' id='word_1_360' title='bbox 555 2959 613 2996; x_wconf 90' lang='lat' dir='ltr'>Ibi</span> <span class='ocrx_word' id='word_1_361' title='bbox 635 2966 769 2996; x_wconf 88' lang='lat' dir='ltr'>autem</span> <span class='ocrx_word' id='word_1_362' title='bbox 790 2960 911 2996; x_wconf 89' lang='lat' dir='ltr'>latino</span> <span class='ocrx_word' id='word_1_363' title='bbox 933 2972 1131 3007; x_wconf 86' lang='lat' dir='ltr'>sermone;</span> <span class='ocrx_word' id='word_1_364' title='bbox 1154 2963 1216 2999; x_wconf 90' lang='lat' dir='ltr'>hic</span> <span class='ocrx_word' id='word_1_365' title='bbox 1234 2968 1369 3000; x_wconf 87' lang='lat' dir='ltr'>autem</span> <span class='ocrx_word' id='word_1_366' title='bbox 1386 2963 1594 3011; x_wconf 87' lang='lat' dir='ltr'>hispanice</span> <span class='ocrx_word' id='word_1_367' title='bbox 1611 2946 1783 3011; x_wconf 89' lang='lat' dir='ltr'>scriptus</span> <span class='ocrx_word' id='word_1_368' title='bbox 1798 2975 1916 3012; x_wconf 91' lang='lat' dir='ltr'>repe-</span> 
     </span>
     <span class='ocr_line' id='line_1_54' title="bbox 283 3030 1919 3078; baseline 0.002 -10"><span class='ocrx_word' id='word_1_369' title='bbox 283 3031 388 3068; x_wconf 89' lang='lat' dir='ltr'>ritur.</span> <span class='ocrx_word' id='word_1_370' title='bbox 419 3032 499 3067; x_wconf 91' lang='lat' dir='ltr'>Inc.</span> <span class='ocrx_word' id='word_1_371' title='bbox 529 3030 616 3067; x_wconf 79' lang='lat' dir='ltr'>«En</span> <span class='ocrx_word' id='word_1_372' title='bbox 644 3030 986 3078; x_wconf 80' lang='lat' dir='ltr'>despertandosse</span> <span class='ocrx_word' id='word_1_373' title='bbox 1012 3032 1334 3071; x_wconf 76' lang='lat' dir='ltr'>leuantensse...»</span> <span class='ocrx_word' id='word_1_374' title='bbox 1366 3034 1461 3072; x_wconf 85' lang='lat' dir='ltr'>Des.</span> <span class='ocrx_word' id='word_1_375' title='bbox 1492 3051 1552 3072; x_wconf 80' lang='grc'><strong>«...</strong></span> <span class='ocrx_word' id='word_1_376' title='bbox 1579 3034 1645 3071; x_wconf 88' lang='lat' dir='ltr'>del</span> <span class='ocrx_word' id='word_1_377' title='bbox 1672 3035 1852 3072; x_wconf 89' lang='lat' dir='ltr'>ministro</span> <span class='ocrx_word' id='word_1_378' title='bbox 1880 3035 1919 3072; x_wconf 91' lang='lat' dir='ltr'>ni</span> 
     </span>
    </p>
   </div>
   <div class='ocr_carea' id='block_1_12' title="bbox 1998 0 2028 3426">
    <p class='ocr_par' dir='ltr' id='par_1_17' title="bbox 1998 0 2028 3426">
     <span class='ocr_line' id='line_1_55' title="bbox 1998 0 2028 3426; baseline 0 0"><span class='ocrx_word' id='word_1_379' title='bbox 1998 0 2028 3426; x_wconf 95' lang='lat' dir='ltr'> </span> 
     </span>
    </p>
   </div>
  </div>
 </body>
</html>
