2028 3426
664 206 1003 241 INSTRUCT10NES
1018 225 1038 229 —
1051 205 1094 238 61
1578 203 1646 248 553

32 300 35 303 ⁴
63 308 350 366 praecedenti
378 309 455 350 fiat
484 307 665 350 collatio
693 307 750 349 de
778 307 852 348 illa
890 305 1091 356 materia,
1118 312 1163 346 et
1199 303 1450 359 interroget
1488 304 1694 359 superior

64 386 211 430 varios
231 388 389 428 Patres
412 399 464 428 ac
487 385 648 427 fratres
671 383 779 438 quid
796 382 842 424 in
865 397 917 425 ea
940 397 988 425 re
1010 380 1222 432 sentiant,
1244 380 1352 434 quid
1375 379 1534 422 sciant:
1558 382 1693 424 addet

65 477 172 506 vero
193 462 288 517 ipse
316 462 352 504 si
382 461 489 516 quid
521 459 767 502 occurrerit
800 475 854 502 ex
889 466 1106 514 tempore.
1139 455 1366 511 Deinceps
1395 457 1691 511 sequentibus

65 539 203 583 sextis
233 538 368 590 feriis,
395 538 499 581 licet
528 537 727 588 incertis,
760 534 996 579 intermitti
1024 540 1237 590 poterunt
1268 532 1620 583 exhortationes,
1648 541 1693 576 et

64 616 163 658 loco
183 615 359 657 illarum
382 613 537 658 haberi
560 612 822 655 collationes
843 613 899 655 de
922 611 990 663 iis,
1017 624 1132 665 quae
1155 608 1323 652 fuerint
1346 615 1551 650 tractata.
1580 611 1693 651 Pos-

64 699 165 735 sent
200 692 334 734 etiam
363 691 425 733 ita
452 690 550 733 fieri
579 689 914 733 exhortationes
949 688 1175 731 interdum
1203 692 1251 727 vt
1280 686 1444 729 durent
1482 700 1560 740 per
1598 700 1694 728 rne-

65 769 183 811 diam
206 770 361 810 horam
391 774 584 818 tantum,
610 773 654 808 et
678 767 817 809 altera
839 765 986 808 media
1013 763 1110 807 fieri
1132 770 1287 819 posset
1316 761 1495 805 collatio
1517 776 1689 814 eorum,

67 859 182 900 quae
205 844 323 886 dicta
347 850 495 887 erunt.

153 921 342 965 Materia
364 919 731 963 exhortationum
749 933 804 961 ex
827 918 1054 973 praesenti
1077 916 1256 972 collegii
1280 915 1550 958 necessitate
1566 922 1691 970 pete·

35 992 38 996 ’
64 1005 151 1049 tur,
184 1005 231 1039 vt
253 997 358 1039 inde
381 999 555 1039 fructus
578 995 867 1051 percipiatur,
894 995 999 1038 licet
1027 996 1114 1036 hoc
1145 979 1382 1048 continget
1410 1006 1510 1035 esse
1539 998 1692 1034 extra-

66 1074 359 1117 ordinarium.

153 1150 393 1194 Ordinarie
421 1164 529 1192 vero
566 1150 621 1191 de
660 1149 868 1190 instituto
906 1147 1145 1192 Societatis
1183 1148 1283 1189 Iesu
1322 1145 1606 1196 tractabitur,
1638 1145 1693 1187 de

64 1227 484 1278 constitutionibus,
516 1227 573 1270 de
600 1225 871 1277 obedientia,
896 1226 953 1268 de
991 1223 1178 1279 regulis,
1203 1224 1260 1265 de
1290 1221 1596 1278 abnegatione
1625 1221 1695 1263 sui

63 1312 108 1347 et
131 1303 491 1354 mortificatione,
517 1302 737 1352 oratione,
764 1301 1033 1352 humilitate,
1060 1299 1346 1355 simplicitate
1368 1305 1413 1341 et
1435 1297 1533 1340 aliis
1555 1297 1695 1339 virtu-

63 1381 199 1432 tibus,
221 1381 337 1424 etde
355 1380 424 1430 iis,
446 1394 562 1434 quae
579 1379 725 1434 magis
749 1377 841 1421 504
858 1377 1018 1420 iuuent
1040 1377 1096 1418 ad
1119 1383 1323 1418 nostrum
1348 1375 1622 1425 institutum3
1649 1382 1694 1415 et

65 1459 141 1501 fiat
162 1464 266 1501 ante
289 1471 494 1509 coenam,
520 1462 564 1499 et
587 1456 718 1499 duret
742 1470 819 1510 per
846 1469 980 1496 Vnam
1004 1455 1162 1495 horam
1192 1453 1263 1496 vel
1296 1452 1489 1495 circiter.
1525 1450 1693 1494 Omnia

62 1549 170 1578 vero
192 1534 254 1576 ita
271 1533 496 1584 dicantur,
518 1539 564 1574 vt
584 1547 638 1575 ex
657 1531 929 1587 proprietate
947 1537 1127 1573 nostrae
1145 1528 1395 1571 vocationis
1419 1535 1463 1572 et
1482 1534 1695 1583 acceptae

63 1610 250 1667 gratiae.
279 1611 496 1665 Spectent
528 1616 679 1651 autem
709 1609 765 1651 ad
793 1607 1127 1663 promouendos
1165 1613 1209 1648 et
1247 1605 1589 1647 inflammandos
1612 1617 1684 1645 no-

62 1695 257 1730 strorum
281 1687 454 1729 animos
477 1687 532 1745 ad
555 1685 879 1741 perfectionem
902 1684 1138 1735 virtutum,
1172 1697 1369 1725 amorem
1399 1681 1518 1732 finis,
1545 1682 1694 1725 effica-

64 1764 181 1806 ciam
204 1763 454 1806 ministerii.
481 1763 614 1805 Fiant
637 1776 745 1805 vero
774 1760 1110 1803 exhortationes
1133 1760 1375 1802 admodum
1398 1757 1692 1808 familiariter,

63 1842 234 1896 absque
253 1840 375 1883 omni
398 1839 686 1883 affectatione
709 1837 946 1889 sermonis,
968 1838 1141 1891 absque
1159 1835 1349 1879 curiosis
1371 1833 1693 1891 speculationi-

62 1918 163 1970 bus,
188 1917 234 1959 in
258 1917 535 1972 synceritate
558 1915 706 1958 cordis
729 1923 775 1957 et
799 1913 1103 1970 simplicitate,
1124 1915 1306 1956 deuote.

152 1996 200 2036 In
223 1993 541 2037 collationibus
563 1992 670 2035 item
695 1991 1006 2047 spiritualibus
1028 1990 1182 2032 dicant
1205 1991 1366 2032 fratres
1396 1988 1442 2030 in
1465 1988 1586 2030 omni
1607 1989 1693 2029 hu-

64 2070 253 2114 militate
276 2078 320 2114 et
343 2069 644 2125 simplicitate,
666 2083 760 2111 non
785 2082 902 2123 quae
925 2066 1222 2122 speculatiue,
1244 2066 1324 2109 sed
1342 2079 1457 2120 quae
1478 2063 1692 2120 practice;

63 2162 155 2190 non
177 2161 292 2203 quae
315 2146 605 2197 scholastice,
631 2145 711 2188 sed
739 2159 855 2200 quae
873 2145 1038 2188 deuote
1062 2142 1368 2198 conceperint3
1395 2156 1486 2183 non
1509 2140 1694 2183 aliorum

61 2224 182 2267 dicta
198 2224 446 2276 recitando,
473 2224 553 2265 sed
576 2237 658 2264 sua
675 2236 808 2265 sensa
826 2221 1079 2273 referendo;
1101 2226 1332 2275 exponant
1350 2233 1466 2273 quae
1483 2216 1694 2272 spiritua-

64 2300 165 2343 liter
187 2307 232 2343 et
257 2299 453 2356 practice
475 2298 752 2354 intelligunt:
786 2297 978 2340 aliorum
1002 2296 1137 2340 etiam
1155 2295 1275 2338 dicta
1293 2301 1504 2350 poterunt
1527 2293 1691 2342 dicere,

64 2376 102 2420 si
123 2391 307 2420 sensum
331 2376 609 2432 spiritualem
632 2376 688 2417 de
716 2375 802 2417 illis
830 2371 1121 2430 conceperint
1145 2372 1229 2416 505
1258 2372 1469 2427 aliquem,
1497 2376 1690 2425 praeter*

18 2476 21 2479 -
65 2467 198 2508 quam
223 2453 300 2507 qui
324 2452 473 2494 dictus
496 2451 569 2494 sit.

153 2530 316 2572 Modus
339 2528 589 2570 collationis
612 2541 728 2569 Vnus
751 2541 849 2570 esse
872 2526 1051 2582 poterit:
1073 2533 1121 2567 vt
1140 2532 1290 2580 roget,
1312 2523 1388 2578 qui
1412 2519 1692 2564 exhortatio-

64 2619 168 2647 nem
191 2605 413 2658 habuerit,
440 2612 487 2646 vt
510 2604 630 2646 dicat
652 2603 964 2658 vnusquisque
985 2602 1096 2657 quid
1125 2601 1209 2644 sibi
1241 2600 1402 2660 melius
1424 2598 1569 2639 visum
1594 2597 1694 2637 fue-

66 2681 122 2723 rit
143 2696 199 2724 ex
221 2681 307 2733 his,
335 2696 450 2736 quae
475 2681 522 2723 in
545 2679 934 2723 exhortationibus
956 2678 1164 2722 audierit.
1192 2677 1323 2719 Alius
1347 2675 1521 2716 modus:
1547 2678 1595 2713 vt
1623 2671 1693 2712 in-

67 2763 355 2813 terrogentur
380 2760 537 2800 Patres
575 2771 626 2799 ac
653 2758 814 2799 fratres
852 2755 908 2798 de
931 2755 1066 2797 variis
1088 2755 1240 2804 rebus,
1281 2765 1395 2806 quae
1419 2749 1694 2792 videbuntur

67 2834 163 2876 fore
191 2834 344 2886 vtiles;
377 2834 454 2888 qui
482 2841 718 2889 postquam
750 2831 1077 2886 responderint,
1110 2830 1244 2872 addet
1275 2842 1391 2882 quae
1419 2825 1694 2867 videbuntur

66 2908 120 2961 is,
147 2909 223 2964 qui
246 2909 474 2952 collationi
496 2908 756 2965 praefuerit.

156 2986 328 3029 Poterit
365 2985 498 3030 etiam
536 2985 777 3040 aliquando
813 2983 968 3026 haberi
992 2980 1170 3024 collatio
1207 2977 1497 3027 vniuersalis,
1530 2975 1575 3017 in
1604 2989 1693 3030 qua
