2028 3426
663 221 1007 257 SUPPLEMENTUM
1019 241 1044 244 —
1059 227 1102 264 25
1584 215 1648 251 831

65 324 287 367 creaturis
306 323 518 366 omnibus
535 323 613 365 fiat
630 323 840 365 voluntas
858 321 960 374 Dei,
973 328 1023 363 vt
1040 320 1321 364 santificetur
1338 319 1436 363 eius
1453 333 1634 371 nomen,
1656 326 1700 362 et

70 415 263 457 regnum
302 400 348 442 in
386 414 468 442 nos
500 398 736 441 adueniat.
770 398 894 441 Nulli
927 404 1160 453 praeterea
1189 403 1422 439 creaturae
1451 395 1700 438 afficiamur

67 484 223 520 nostra
240 477 493 529 voluntate,
513 476 592 518 sed
610 474 781 527 diuina3
803 482 847 517 et
865 483 882 500 a
900 489 989 529 qua
1007 489 1089 517 nos
1108 480 1315 516 creatura
1332 472 1458 516 iubet
1476 472 1541 514 uti
1553 474 1696 523 Deus,

70 554 143 597 illa
165 561 360 596 Vtamur:
387 553 431 595 in
455 551 565 594 alias
594 566 720 603 vero,
747 566 861 606 quas
888 561 1069 594 nostrae
1091 549 1287 593 libertati
1316 549 1496 604 reliquit
1524 549 1699 605 eligen-

68 631 168 682 das,
190 636 347 672 nostra
367 629 600 671 voluntate
624 642 714 670 non
733 628 929 671 feramur
947 626 1259 677 determinate,
1276 626 1354 668 sed
1372 625 1697 676 indifferenter,

69 714 118 750 vt
152 706 376 749 Vtrumuis
408 704 632 748 Dominus
665 718 951 758 quacumque
983 703 1055 745 via
1087 702 1290 746 veritatis
1318 701 1696 753 commonstrarit,

67 784 180 826 illud
198 797 457 838 sequamur,
477 781 588 823 illud
605 780 623 805 b
647 782 716 824 173
736 781 867 823 facile
884 780 990 823 boni
1009 780 1314 822 consulamus.
1337 780 1469 821 Adde
1487 779 1606 832 quod
1629 793 1699 821 re-

67 861 179 917 gula
206 862 320 903 haec
343 859 400 901 sit
422 872 572 900 rerum
597 858 816 909 omnium,
842 873 953 913 quas
975 864 992 882 0
1014 856 1059 898 in
1083 856 1284 898 oratione
1312 855 1509 911 petimus
1531 856 1602 897 vel
1624 856 1700 899 de·

67 937 334 988 sideramus,
354 950 469 990 quae
487 934 786 977 necessariam
806 949 897 976 non
916 935 1087 977 habent
1105 948 1208 975 cum
1227 933 1317 975 fine
1335 932 1490 973 vltimo
1508 931 1700 974 coniun—

68 1013 281 1064 ctionem,
308 1011 459 1067 qualia
489 1018 594 1053 sunt
625 1011 844 1066 exempla,
881 1025 996 1064 quae
1035 1024 1117 1051 nos
1155 1007 1437 1060 adducimus,
1478 1007 1697 1058 sanitatis,

66 1089 383 1146 aegritudinis,
408 1087 610 1139 honoris,
638 1094 942 1142 contemptus,
969 1086 1088 1129 vitae
1111 1085 1264 1128 breuis
1287 1100 1339 1128 ac
1369 1085 1584 1140 prolixae3
1617 1087 1699 1127 ho—

25 1211 28 1215 ,
71 1180 168 1208 rum
192 1166 311 1209 enim
336 1167 449 1209 haec
473 1173 541 1207 est
564 1165 738 1220 regula,
758 1170 805 1205 vt
827 1164 905 1205 fiat
928 1162 1108 1205 Domini
1133 1163 1342 1204 voluntas
1360 1162 1404 1203 in
1424 1161 1522 1204 illis.
1547 1163 1702 1216 Itaque

67 1243 246 1287 etiarnsi
284 1243 523 1286 sanitatem
566 1241 714 1296 potius
753 1248 957 1296 petamus
995 1256 1019 1282 a
1051 1242 1147 1283 Deo
1186 1254 1319 1294 quam
1352 1238 1698 1294 aegritudinem,

72 1328 223 1364 tamen
247 1334 483 1362 necessum
507 1326 576 1361 est
599 1326 646 1360 vt
669 1318 886 1360 addamus
910 1317 1045 1373 (quod
1069 1318 1227 1372 Xpus:
1251 1315 1294 1357 in
1325 1317 1456 1357 horto
1485 1314 1517 1364 d)
1547 1322 1595 1357 vt
1623 1316 1702 1358 fiat

71 1398 283 1444 voluntas
305 1395 504 1446 Domini,
530 1402 666 1450 atque
697 1394 951 1438 necessario
981 1394 1035 1435 ad
1067 1392 1414 1436 indifferentiam
1446 1393 1697 1444 redeamus3

68 1488 126 1516 ex
154 1489 243 1529 quo
271 1473 582 1529 intelligimus,
616 1471 691 1514 vbi
719 1472 775 1513 de
805 1471 939 1513 rebus
972 1469 1334 1513 indifferentibus
1358 1470 1577 1511 orandum
1612 1475 1696 1519 est,

72 1550 326 1594 necessario
349 1564 449 1592 esse
472 1549 602 1591 nobis
633 1548 946 1591 adducendam
969 1546 1120 1598 etiam,
1147 1553 1388 1600 antequam
1414 1560 1608 1596 oremus,
1631 1546 1699 1587 in—

70 1627 390 1678 differentiam,
418 1626 516 1669 siue
540 1626 661 1680 quod
682 1624 729 1666 in
753 1624 898 1675 nobis,
925 1623 1020 1666 siue
1044 1623 1164 1677 quod
1186 1622 1230 1664 in
1257 1624 1393 1665 rebus
1416 1630 1499 1673 est,
1531 1623 1536 1678 Ι
1567 1630 1702 1677 atque

71 1711 120 1746 vt
143 1704 382 1759 vtrobique
405 1718 460 1746 ex
483 1703 717 1745 voluntate
740 1701 825 1745 Dei
849 1701 1125 1756 pendeamus
1147 1706 1283 1753 atque
1305 1714 1359 1741 ex
1382 1699 1701 1741 coniunctione
1737 1751 1742 1755 ῃ

71 1794 222 1823 rerum
251 1781 427 1823 illarum
459 1794 561 1821 cum
592 1779 698 1829 fine,
732 1792 821 1832 quo
860 1776 1059 1819 actiones
1095 1790 1250 1818 omnes
1287 1783 1466 1817 nostrae
1496 1785 1702 1830 spectare

70 1857 254 1901 debent.
281 1858 416 1912 Quod
433 1858 544 1898 haec
568 1854 870 1916 indifferentia
893 1868 983 1895 non
1006 1860 1198 1903 constet,
1220 1849 1531 1907 ¹impatientiae
1556 1866 1697 1895 emer-

72 1941 204 1989 gunt,
229 1932 548 1988 blasphemiae,
579 1930 931 1986 desperationes,
963 1928 1312 1979 inobedientiae,
1346 1928 1700 1982 inquietudines,

161 2009 298 2053 Dicas
322 2008 523 2051 fortassis
546 2016 561 2032 θ
583 2009 668 2049 hoc
686 2008 789 2049 loco
813 2005 1073 2049 discessisse
1092 2019 1162 2047 me
1180 2005 1236 2046 ab
1255 2004 1522 2047 scholastica
1540 2004 1700 2046 dictio-

73 2101 130 2129 ne
163 2095 208 2130 et
242 2086 397 2129 odiose
429 2099 566 2141 agere
596 2083 958 2139 grammaticum.
996 2084 1134 2125 Recte
1162 2082 1393 2132 admones,
1420 2082 1500 2123 sed
1530 2080 1704 2122 consilii

74 2163 161 2206 mei
183 2163 513 2217 rationem-ego
536 2156 773 2216 exponam,
807 2174 938 2214 quam
971 2159 1150 2201 confido
1175 2157 1253 2199 tibi
1283 2159 1521 2213 probatum
1554 2157 1621 2199 iri.
1655 2159 1701 2199 In

74 2241 227 2283 schola
249 2239 454 2294 equidem
482 2245 685 2280 versatus
708 2252 807 2279 sum
830 2251 882 2279 ac
905 2235 1135 2290 disputaui
1157 2234 1325 2289 duplici
1347 2235 1480 2289 stylo:
1514 2235 1703 2277 alterum

72 2317 117 2359 in
141 2317 359 2373 principio
381 2316 516 2358 huius
539 2315 624 2357 loci
648 2312 1000 2371 repraesentaui,
1027 2312 1102 2366 qui
1127 2311 1211 2352 fuit
1233 2311 1277 2353 in
1302 2310 1467 2353 scholis
1491 2309 1504 2335 f
1518 2311 1701 2366 peruul—

74 2401 221 2449 gatus.
246 2394 340 2436 Hic·
359 2392 468 2434 mihi
492 2391 673 2446 quidem
696 2405 786 2432 non
809 2378 1066 2444 displiceret
1097 2388 1172 2431 174
1196 2395 1377 2442 propter
1407 2387 1503 2429 eius
1533 2387 1701 2442 simpli—

71 2470 253 2513 citatem
279 2478 416 2524 atque
440 2469 709 2519 libertatem,
729 2466 814 2508 nisi
838 2466 911 2508 illa
929 2466 1114 2507 libertas
1131 2465 1176 2505 in
1194 2464 1444 2506 barbariem
1464 2464 1702 2518 quamdam

75 2547 217 2591 abiret
248 2554 292 2589 et
316 2545 602 2601 imperitiam,
629 2544 896 2586 insolentem
922 2541 1131 2583 subinde.
1159 2542 1314 2594 Itaque
1337 2540 1469 2582 etiam
1496 2539 1702 2582 Lutetiae

74 2623 148 2666 ille
176 2624 321 2678 stylus
349 2623 595 2676 abrogatus
625 2627 709 2671 est3
736 2617 954 2660 successit
983 2631 1090 2658 vero
1119 2627 1279 2659 sensus
1309 2616 1487 2670 quidam
1512 2630 1564 2658 ac
1591 2615 1703 2658 ratio

75 2699 369 2742 scholasticae
408 2696 756 2741 concertationis
791 2708 843 2737 ac
878 2691 1191 2747 simplicitatis,
1224 2692 1434 2734 omnibus
1467 2691 1702 2734 affectibus

145 2851 163 2868 a
211 2841 319 2875 Haec
338 2839 526 2886 particula
545 2837 676 2873 addita
694 2842 755 2871 est
773 2848 795 2870 a
813 2836 902 2870 Nat.
925 2836 1014 2870 stilo
1041 2835 1192 2882 lapideo
1217 2845 1332 2880 supra
1353 2845 1453 2869 vers.
1507 2853 1541 2859 -—
1555 2835 1572 2860 b
1599 2833 1704 2868 illud

77 2899 137 2935 bis
161 2900 327 2935 habetur
352 2899 391 2933 in
418 2909 493 2933 ms.
553 2906 613 2923 -c
645 2894 903 2931 Emendatum
927 2906 976 2929 ex
1001 2905 1114 2940 quae.
1166 2894 1231 2920 —d
1262 2894 1305 2927 in
1335 2893 1447 2927 horto
1478 2891 1651 2927 additum
1683 2904 1704 2926 a

76 2958 165 2995 Nat.
184 2959 223 2994 in
239 2969 357 3003 marg.
412 2967 474 2984 ——e
485 2956 660 3003 fortasis
679 2967 751 2991 ms.
805 2955 863 2980 ——f
886 2953 1101 2988 Emendata
1119 2954 1214 2988 haec
1232 2962 1253 2997 4
1279 2952 1398 2986 verba
1417 2963 1438 2986 a
1458 2951 1546 2985 Nat.
1569 2963 1616 2985 ex
1635 2952 1704 2996 qui

67 3017 161 3064 fuit
179 3018 275 3052 olim
294 3018 404 3063 apud
428 3015 640 3061 sophistas,
