2028 3426
730 259 1071 296 SUPPLEMENTUM
1080 280 1112 285 —
1122 268 1166 304 25
1647 260 1716 306 859

134 361 648 403 Heautontimorumeno
671 360 888 412 Terentii,
914 361 986 404 vel
1009 374 1091 415 pro
1112 360 1342 416 primitiuo
1370 361 1571 417 ponitur,
1603 376 1763 416 quem·

133 437 375 480 admodum
399 438 518 493 apud
542 437 816 489 Lucretium,
848 438 919 481 vel
949 437 1099 493 potius
1127 437 1489 481 imminutionem
1519 439 1759 493 quamdam

132 513 357 569 significat
398 521 443 556 et
470 513 819 567 inchoationem3
862 528 995 568 quem
1033 529 1215 558 sensum
1254 515 1487 571 eleganter
1526 522 1760 558 mutuatus

133 599 218 642 est,
245 589 321 645 qui
344 590 481 633 latina
505 590 612 634 fecit
636 598 790 634 nostra
812 590 1041 634 exercitia.

221 656 440 722 Intelligis
460 668 656 719 tandem,
678 667 745 709 vir
762 668 894 710 docte
910 666 1013 719 224,
1035 682 1169 722 quam
1187 668 1324 723 longe
1349 667 1484 711 distet
1502 683 1609 711 vera
1632 667 1759 712 verbi

133 742 407 798 significatio
430 757 455 785 a
479 750 556 785 tua
584 742 975 799 interpretatione?
1004 745 1100 788 Vae
1133 752 1238 788 tuae
1265 744 1604 800 grammaticae,
1630 744 1667 786 si
1699 744 1760 787 ita

133 834 311 875 semper
345 820 718 875 grammaticaris!
746 821 836 864 Sed
863 821 1015 863 nescio
1048 821 1155 877 quid
1179 821 1258 863 tibi
1277 820 1323 863 in
1347 829 1542 864 mentem
1565 821 1755 871 venerit,

131 905 179 938 Vt
204 897 415 940 crederes
438 897 575 939 verba
603 897 648 938 in
672 911 742 939 sco
765 911 864 939 esse
888 897 1235 951 frequentatiua.
1262 897 1446 949 Errasti,
1485 900 1634 941 Pater:
1668 912 1757 940 non

133 980 239 1015 sunt
268 974 406 1016 verba
429 973 474 1014 in
493 988 563 1015 Sco
583 973 931 1028 frequentatiua,
953 975 1030 1018 sed
1051 989 1168 1028 quae
1191 974 1404 1018 desinunt
1422 974 1466 1016 in
1492 975 1561 1026 ito,
1582 989 1634 1018 ea
1652 982 1759 1016 sunt

136 1050 488 1105 frequentatiua3
522 1043 569 1092 vt
605 1051 756 1102 Zztsito,
790 1052 950 1103 lectito,
986 1059 1031 1094 et
1059 1065 1174 1106 quae
1207 1066 1233 1093 a
1256 1051 1429 1106 supinis
1461 1051 1506 1094 in
1531 1065 1635 1094 eum
1659 1065 1756 1093 mo⁴

131 1127 239 1168 dum
263 1130 529 1169 tormantur.
552 1128 615 1170 At
634 1135 682 1168 tu
706 1127 935 1170 credidisti
957 1129 1096 1170 verbo
1118 1142 1188 1170 sco
1211 1127 1333 1170 inito
1352 1127 1580 1171 terminari
1598 1135 1630 1179 a;
1652 1141 1755 1169 nam

134 1203 242 1257 quid
264 1203 332 1246 vis
362 1203 443 1245 tibi
472 1203 638 1246 dicam?
662 1204 836 1259 Lapsus
860 1218 924 1257 es3
951 1205 1031 1247 sed
1058 1211 1214 1259 postea
1253 1205 1308 1246 ad
1338 1211 1382 1248 te
1411 1203 1594 1248 rediisti:
1623 1204 1758 1246 credo

132 1280 358 1336 equidem,
392 1281 542 1323 Pater.
576 1281 665 1324 Sed
704 1282 815 1323 haec
844 1280 980 1323 missa
1017 1281 1121 1323 sint.
1155 1282 1219 1323 Ita
1256 1280 1397 1337 igitur
1425 1280 1594 1336 accipe,
1622 1282 1756 1323 Pater

130 1357 404 1401 venerande:
446 1353 635 1399 verbum
667 1359 1024 1412 praesentiscere
1056 1357 1120 1400 sic
1158 1372 1241 1400 nos
1278 1357 1498 1413 accipere,
1529 1365 1577 1400 vt
1607 1364 1655 1399 tu
1684 1357 1752 1398 lu-

130 1433 337 1475 culenter
359 1449 414 1477 ex
438 1433 680 1488 exemplari
704 1433 935 1489 hispanico
957 1442 1085 1489 potes
1112 1434 1358 1490 percipere.
1391 1433 1439 1478 Si
1462 1433 1654 1489 amplius
1676 1433 1756 1477 de-

130 1509 332 1566 sidelras,
346 1511 706 1564 praesentiscere
729 1524 810 1553 nos
833 1510 1128 1566 intelligimus
1158 1518 1206 1552 vt
1234 1510 1489 1554 Terentius.
1518 1509 1567 1554 Si
1590 1525 1647 1553 ne
1671 1512 1756 1552 hoc

129 1585 313 1641 quidem
345 1586 425 1628 tibi
457 1594 526 1629 sat
554 1594 638 1637 est,
665 1587 893 1631 hominem
923 1595 1144 1639 nostrum,
1171 1594 1413 1643 antequam
1437 1586 1590 1642 eligat,
1616 1587 1753 1630 velle-

130 1677 231 1705 mus
254 1662 316 1706 ita
338 1663 384 1704 in
407 1662 625 1706 charitate
648 1663 733 1706 Dei
756 1671 891 1719 atque
921 1663 966 1705 in
989 1664 1086 1706 eius
1109 1663 1284 1707 actibus
1311 1678 1411 1707 esse
1438 1663 1752 1714 exercitatum,

128 1740 189 1782 ita
228 1739 488 1795 profecisse,
521 1747 568 1781 vt
598 1740 802 1782 nonnihil
837 1740 971 1784 etiam
1003 1740 1304 1783 inchoationis
1338 1740 1479 1783 diuini
1509 1747 1672 1796 gustus
1704 1754 1755 1782 ac

127 1831 291 1860 sensus
313 1817 498 1872 spiritus
519 1823 835 1871 assequeretur
858 1831 911 1859 ac
945 1817 1148 1870 sentiret,
1174 1818 1293 1860 vnde
1325 1816 1521 1872 paratior
1549 1817 1677 1860 fieret
1699 1817 1756 1858 ad

128 1893 393 1936 electionem
418 1893 501 1935 rite
523 1907 574 1935 ac
597 1893 669 1948 pie
691 1893 1046 1949 concipiendam.
1081 1896 1249 1937 Verum
1272 1895 1328 1937 de
1366 1893 1438 1936 his
1465 1894 1565 1936 fuse
1602 1893 1646 1935 in
1676 1901 1757 1935 tuo

129 1969 400 2022 vadimoni03
428 1984 530 2011 nam
554 1976 805 2012 contestata
826 1986 850 2013 a
875 1977 918 2014 te
940 1970 1027 2013 iam
1050 1971 1104 2013 lis
1121 1978 1204 2013 est.
1226 1971 1316 2014 Sed
1334 1970 1512 2014 interim
1530 1985 1587 2014 ne
1605 1969 1755 2013 ociose

127 2052 435 2101 expectemus,
462 2045 750 2089 intercalares
775 2053 875 2089 tuas
897 2061 1113 2090 censuras
1131 2060 1158 2100 4
1180 2046 1422 2091 diluamuS.
1447 2048 1587 2102 Lege.

777 2124 858 2166 Fo.
881 2135 952 2177 72,
974 2125 1034 2168 fa.
1064 2136 1100 2166 1.

219 2199 546 2243 «Considerare
569 2200 779 2242 eumdem
796 2202 946 2243 Deum
966 2214 1018 2243 ac
1036 2200 1281 2243 Dominum
1304 2207 1490 2256 propter
1509 2214 1579 2242 me
1599 2200 1643 2241 in
1666 2198 1754 2240 225

127 2275 345 2319 creaturis
367 2276 644 2319 laborantem
670 2277 1046 2331 quodammodo.»

216 2351 339 2407 Quid
364 2359 412 2394 tu
441 2351 514 2394 hic
545 2354 724 2396 censes?
751 2353 913 2396 «Certe
935 2368 1051 2395 vana
1074 2367 1174 2397 esse
1195 2353 1399 2397 videtur»

125 2435 254 2475 -ἥιεινην
279 2436 400 2471 tuam
425 2442 661 2472 censuram
691 2444 782 2471 non
819 2430 981 2481 dicam,
1016 2430 1095 2472 sed
1132 2430 1275 2472 ausim
1311 2431 1442 2485 (bona
1476 2437 1551 2472 tua
1591 2429 1748 2485 gratia)

126 2505 275 2549 dicere
298 2506 464 2556 leuem,
491 2512 628 2560 atque
650 2506 763 2548 adeo
793 2519 909 2560 quae
938 2505 1168 2549 leuissima
1198 2520 1308 2549 aura
1336 2505 1571 2562 apologiae
1609 2505 1751 2561 possit

126 2581 170 2622 in
194 2580 211 2605 b
234 2586 382 2624 aerem
407 2581 536 2624 facile
559 2581 785 2637 dissipari.
822 2582 913 2626 Sed
935 2582 1039 2625 audi
1063 2582 1273 2637 primum,
1308 2584 1443 2626 Pater
1476 2582 1549 2624 mi:
1586 2596 1667 2624 cur
1701 2587 1749 2624 tu

125 2657 220 2713 ipse
251 2665 429 2700 tuarum
459 2672 750 2700 censurarum
781 2659 934 2702 eleuas
964 2658 1278 2701 auctoritatem
1314 2665 1448 2713 atque
1479 2658 1747 2714 corrumpis?

1432 2355 1437 2373 ¹
1451 2386 1459 2404 ,
1486 2361 1570 2396 etc.
1600 2357 1749 2392 Μάταιαν

194 2787 211 2803 a
261 2776 325 2811 Sic
340 2786 412 2820 ms;
432 2782 470 2811 at
490 2775 698 2821 legendum
718 2775 872 2810 videtur
891 2776 1053 2811 verbum
1073 2776 1116 2811 in
1140 2787 1246 2811 «sco»
1268 2777 1464 2820 desinens,
1483 2777 1526 2811 in
1554 2776 1654 2811 «ito»
1674 2779 1748 2811 ter-

125 2835 292 2871 minari.
346 2837 410 2862 -b
437 2836 480 2870 in
497 2836 541 2869 in
562 2847 633 2870 ms.

126 2935 356 2970 schendorfii
396 2935 624 2970 recensione
666 2935 873 2980 adornata,
900 2935 952 2971 ita
982 2936 1167 2970 habetur:
1210 2936 1229 2968 ὁ
1259 2936 1405 2982 ῥυπαρὸς
1444 2935 1646 2982 ῥυπανθήτω
1681 2935 1744 2970 ἔτι.

125 2994 271 3039 APOC.‚
293 2995 419 3039 XXII,
440 3003 496 3029 ΙΙ.
517 2994 684 3029 Dubiam
705 3000 834 3029 tamen
849 2994 964 3029 aliam
983 2994 1190 3030 lectionem
1208 2994 1446 3040 ρυπαρευθητω
1465 2994 1594 3030 affert.

195 3053 205 3073 ¹
257 3052 356 3088 Vide
374 3053 472 3088 hanc
490 3053 693 3088 Pedrochii
712 3064 930 3097 censuram,
950 3054 1023 3089 loc.
1042 3052 1123 3099 cit.,
1146 3064 1234 3099 pag.
1255 3053 1337 3097 518.
