2028 3426
369 219 438 276 376
710 234 715 241 ·
842 229 996 265 PATms
1023 230 1266 265 HmRoNYm
1294 228 1446 264 NADAL

294 388 299 393 ι
323 332 360 375 si
382 333 439 376 de
462 330 804 374 fundationibus
826 338 965 387 agant
996 329 1313 386 prouinciales‚
1339 331 1395 374 de
1422 330 1477 374 iis
1506 331 1563 374 ad
1599 331 1960 376 commissarium

330 409 544 453 referent.

418 487 488 530 De
516 484 835 528 distributione
867 486 1106 536 bonorum,
1134 498 1250 539 quae
1277 484 1443 527 dantur
1472 500 1498 528 a
1528 484 1694 528 nostris
1725 485 1960 539 Societati,

327 577 417 606 non
440 561 526 605 fuit
550 562 731 617 quidem
756 561 1007 616 improbata
1030 560 1160 613 ratio,
1182 575 1271 616 qua
1288 575 1397 604 Vsus
1414 567 1482 605 est
1501 563 1638 606 Pater
1656 562 1876 618 Ignatius,
1903 561 1960 607 28

327 646 372 683 et
402 640 451 681 P.
482 640 674 694 Laynes;
706 653 863 682 verum
893 637 1025 681 aliam
1056 637 1185 693 sequi
1214 638 1386 694 placuit
1416 646 1499 682 2.·’1ιε
1536 639 1739 695 generali
1768 653 1962 696 congre-

327 715 499 772 gationi
522 723 565 757 et
592 723 672 770 &³⁰
697 716 762 757 Ex
785 714 854 756 his
878 714 1018 770 igitur
1040 714 1076 757 si
1109 714 1313 758 facienda
1340 715 1424 758 erit
1449 715 1711 759 huiusmodi
1744 715 1964 759 distribu-

328 793 406 844 tio,
432 793 487 835 ad
517 791 873 834 commissarium
905 792 1103 835 referent
1141 791 1399 837 immediate
1428 792 1748 849 prouinciales3
1774 793 1865 846 ille,
1890 795 1963 838 vel

329 871 492 914 referet
521 871 576 913 ad
607 870 883 925 generalem,
917 884 1148 926 exponens
1187 870 1295 926 quid
1334 870 1430 927 ipse
1459 870 1641 923 sentiat,
1667 872 1738 916 vel
1778 871 1963 915 omnino

329 947 592 997 constituet,
619 946 653 989 si
685 960 782 989 eam
806 947 972 989 habeat
998 947 1274 990 facultatem.

418 1024 607 1066 Curabit
629 1023 966 1066 commissarius
989 1023 1261 1080 intelligere,
1283 1024 1392 1080 quid
1410 1032 1575 1081 agatur
1592 1025 1637 1067 in
1656 1025 1851 1082 singulis
1868 1027 1961 1069 col-

331 1100 460 1156 legiis
484 1101 553 1143 vel
578 1100 803 1152 domibus,
830 1101 954 1155 quod
978 1100 1112 1144 faciet
1133 1100 1170 1143 si
1193 1102 1456 1156 frequenter
1479 1110 1607 1146 curet
1635 1103 1836 1159 recipere
1857 1103 1962 1148 lite-

330 1193 400 1220 ras
423 1193 447 1220 a
471 1177 844 1233 prouincialibus,
872 1177 1138 1234 praepositis
1155 1178 1410 1231 domorum,
1433 1179 1700 1233 rectoribus,
1722 1179 1963 1236 praefectis

329 1254 662 1310 probationum,
688 1261 732 1297 et
755 1253 1038 1307 consiliariis,
1065 1262 1113 1297 vt
1136 1269 1241 1297 curn
1266 1256 1429 1299 absens
1447 1255 1674 1313 intelliget
1691 1257 1748 1300 de
1772 1263 1866 1300 tota
1889 1272 1961 1300 ra-

329 1331 453 1374 tione
476 1331 835 1387 gubernationis,
861 1331 1003 1388 possit
1032 1333 1213 1385 absens,
1239 1332 1275 1376 si
1307 1333 1415 1388 quid
1444 1333 1604 1377 melius
1628 1323 1962 1390 prouidenduin

328 1408 708 1464 dirigendumque
731 1415 817 1457 est,
842 1408 886 1451 id
910 1410 1076 1462 facere,
1102 1410 1175 1453 vel
1193 1410 1249 1452 ad
1267 1410 1563 1454 necessitates
1585 1411 1825 1464 iuuandas,
1848 1425 1965 1466 quae

329 1485 533 1527 accidere
556 1492 763 1541 possunt,
789 1500 1044 1537 occurrere,
1070 1494 1115 1529 et
1138 1501 1221 1529 sua
1249 1487 1504 1542 praesentia
1540 1487 1796 1544 prouidere;
1827 1502 1963 1544 quam

331 1562 590 1616 frequenter
613 1577 721 1605 vero
745 1562 835 1605 sint
863 1563 920 1605 ad
950 1563 1097 1619 ipsum
1130 1563 1360 1620 scripturi,
1396 1579 1511 1620 quos
1543 1579 1681 1621 supra
1709 1564 1966 1609 nominaui-

331 1653 447 1691 mus,
475 1639 570 1695 ipse
592 1639 824 1692 iudicabit,
851 1654 932 1696 pro
954 1655 1105 1684 rerum
1128 1640 1398 1698 indigentia.

420 1715 620 1760 Habebit
643 1716 978 1760 commissarius
1001 1732 1159 1762 omnes
1182 1717 1353 1774 gratias
1381 1726 1426 1762 et
1449 1718 1509 1764 29
1543 1719 1783 1764 facultates
1810 1720 1964 1765 Socie-

334 1793 437 1836 tatis
460 1808 539 1849 pro
569 1808 633 1846 se,
666 1801 710 1837 et
740 1794 904 1850 poterit
943 1795 1178 1838 nominare
1215 1810 1329 1851 quos
1367 1797 1503 1849 volet;
1530 1795 1617 1840 illis
1655 1803 1823 1850 autem,
1851 1812 1966 1854 quos

333 1859 649 1922 nominauerit,
676 1870 986 1914 communicet
1011 1873 1146 1916 Pater
1168 1872 1409 1929 generalis,
1443 1887 1555 1929 quas
1584 1873 1658 1917 ille
1688 1874 1966 1930 designaue—

332 1946 386 1988 rit
417 1947 655 1991 facultates
684 1948 755 1992 vel
789 1948 977 2003 gratias,
1004 1950 1088 1991 hac
1117 1957 1268 1994 tamen
1292 1950 1395 2006 lege
1422 1958 1471 1992 vt
1492 1950 1580 1993 illis
1603 1950 1667 1993 vti
1690 1966 1781 1994 non
1805 1951 1962 2007 possit,

334 2022 416 2065 nisi
438 2023 602 2078 quibus
626 2032 670 2068 et
693 2026 844 2080 quoad
868 2025 1073 2070 censebit
1097 2026 1449 2079 commissarius,
1475 2028 1548 2071 vel
1578 2042 1631 2072 eo
1655 2029 1843 2072 absente
1865 2043 1964 2084 pro-

332 2099 553 2152 uincialis,
580 2102 667 2153 vel,
694 2116 748 2144 ex
772 2102 908 2145 huius
925 2103 1258 2155 commissione,
1284 2103 1419 2147 etiam
1443 2111 1607 2149 rector.

425 2177 563 2219 Plena
602 2179 856 2222 authoritas
894 2180 1140 2236 recipiendi
1178 2187 1222 2225 et
1261 2180 1516 2224 dimittendi
1554 2196 1580 2223 a
1618 2181 1844 2226 Societate
1881 2181 1966 2226 erit

332 2254 632 2297 commissarii
657 2255 699 2297 in
725 2256 818 2298 suis
841 2257 1102 2312 prouinciis,
1129 2272 1246 2313 quae
1268 2273 1359 2301 non
1384 2258 1519 2302 faciet
1541 2266 1591 2301 vt
1613 2273 1739 2302 suam
1764 2274 1857 2302 non
1881 2260 1965 2302 ha-

333 2330 468 2372 beant
498 2331 813 2385 prouinciales:
846 2348 927 2376 sua
956 2342 1157 2377 vtantur:
1199 2336 1279 2378 sed
1316 2335 1481 2392 poterit
1520 2343 1668 2380 tamen
1705 2336 1966 2380 commissa-

332 2406 427 2449 rius
449 2410 534 2450 hac
558 2408 621 2450 vti
646 2411 860 2454 facultate
884 2426 973 2454 non
998 2412 1286 2468 impediendo
1308 2412 1505 2455 illorum.
1527 2414 1577 2456 In
1595 2413 1734 2456 dubio
1757 2413 1890 2458 etiam
1909 2415 1965 2456 ad

333 2485 693 2527 commissarium
721 2488 915 2530 referent
934 2489 1251 2544 prouinciales.
1279 2489 1424 2533 Simul
1454 2490 1562 2546 ipsis
1591 2490 1759 2543 licebit,
1785 2491 1822 2534 si
1851 2505 1965 2546 quos

335 2575 427 2603 non
451 2569 662 2617 poterunt
691 2563 932 2617 dimittere,
959 2573 1003 2608 et
1041 2565 1308 2609 iudicabunt
1338 2574 1487 2611 tamen
1517 2567 1826 2620 dimittendos,
1863 2567 1964 2610 mit-

336 2646 428 2682 tere
450 2639 504 2681 ad
529 2640 903 2684 commissarium.

424 2715 720 2759 Consultores
743 2718 1037 2761 commissarii
1069 2728 1217 2763 erunt:
1251 2721 1401 2764 socius
1438 2721 1552 2775 eius,
1585 2728 1679 2764 turn
1703 2721 1965 2777 prouincia-

337 2790 406 2842 lis,
439 2793 558 2847 apud
589 2806 721 2847 quem
762 2793 861 2847 erit,
887 2803 932 2837 et
962 2797 1244 2852 praepositus
1281 2798 1459 2850 domus,
1485 2798 1557 2841 vel
1595 2805 1742 2841 rector
1763 2797 1962 2854 collegii,

337 2868 407 2910 vel
446 2870 701 2924 praefectus
740 2871 1030 2925 probationis,
1071 2887 1174 2916 cum
1218 2874 1556 2918 consultoribus
1599 2874 1697 2919 eius
1735 2874 1839 2928 loci,
1891 2875 1964 2918 vel
2026 2915 2028 2917 .

332 2945 544 2988 omnibus
568 2947 638 2989 vel
667 2947 859 2991 selectis.

424 3024 498 3065 Ad
521 3023 876 3067 commissarium
901 3027 1096 3070 referent
1117 3028 1435 3083 prouinciales,
1463 3029 1522 3073 30
1544 3028 1581 3072 si
1598 3043 1688 3084 qua
1711 3028 1826 3073 inter
1844 3028 1966 3085 ipsos
