2028 3426
616 233 888 269 MONUMENTA
915 235 1181 274 ITALIAE-13
1595 249 1660 286 129

11 331 13 341 ²
57 371 61 373 .
91 349 139 379 re
160 333 351 390 amplius
373 334 566 390 egimus.
601 335 693 378 Sed
723 342 888 387 tamen,
921 349 1059 390 quum
1075 338 1131 379 ab
1154 344 1171 362 ἃ
1188 338 1344 380 eodem
1369 339 1475 381 R.¹¹¹0
1493 342 1705 395 probare-

10 410 58 464 ’χ
93 419 164 454 tur
185 418 232 453 vt
254 410 637 466 interrogaremus
665 426 889 454 summum
919 412 1177 468 pontificem
1209 428 1266 456 an
1295 414 1339 456 in
1380 416 1703 471 Portugalliarn

11 537 12 541 Ἰ
90 488 358 532 concederet
379 487 460 540 ire,
486 501 568 530 nos
590 487 636 529 id
658 488 800 530 voluit
824 490 959 531 Pater
987 489 1182 533 vicarius
1209 490 1416 546 experiri3
1443 493 1538 543 sed,
1565 507 1703 547 quum

11 559 13 563 ¹
67 578 71 582 ·
90 563 226 607 semel
247 569 326 605 aut
361 562 524 605 iterum
562 565 618 605 ad
656 564 804 606 aulam
841 566 1090 618 accederet,
1131 580 1214 609 nec
1252 574 1371 610 esset
1407 569 1705 611 commoditas

88 639 279 684 adeundi
307 639 469 682 summi
491 640 732 695 pontificis,
758 641 907 686 desiit.
928 643 1023 685 Pax
1041 650 1285 686 consecuta
1303 644 1481 696 deinde,
1503 644 1577 687 X.i
1592 647 1703 702 Jesu

89 730 287 768 munere3
313 730 435 758 nunc
456 723 608 760 autern
630 716 675 758 in
697 717 853 759 eadem
876 724 945 762 est
967 719 1190 762 sententia
1212 720 1422 774 vicarius,
1444 728 1492 762 vt
1508 720 1703 776 inquirat

89 808 242 841 rursus
263 793 530 836 sententiam
553 793 645 837 S.¹1²i
666 794 849 836 Domini
871 796 1027 838 Nostri
1055 796 1189 840 etiam
1212 798 1268 839 de
1290 797 1510 853 Hispania
1533 799 1703 842 adeun—

52 873 54 876 ’
86 871 158 922 da,
179 870 265 912 hoc
282 870 380 912 solo
399 869 598 921 nomine,
620 871 740 925 quod
758 879 858 925 post
875 871 950 914 illa
967 872 1116 915 omnia
1133 873 1324 916 audierit
1346 873 1363 898 b
1381 888 1407 916 a
1425 875 1526 918 S.¹¹²⁰
1543 876 1600 917 D.
1623 876 1701 926 N.,

87 953 136 989 vt
156 959 234 1002 per
255 946 502 988 orationem
525 962 550 989 a
573 946 669 989 Deo
691 954 946 1002 peteremus
974 963 1082 991 num
1113 957 1232 992 esset
1262 958 1616 994 consentaneum
1641 951 1704 994 ire

85 1023 131 1066 in
153 1021 416 1078 Hispaniam
439 1023 495 1065 ad
523 1031 800 1089 conuentum
829 1026 1087 1080 generalem
1120 1028 1444 1082 peragendum.
1479 1029 1636 1083 Itaque
1659 1028 1705 1070 in

87 1099 294 1142 vniuerso
316 1100 405 1140 hoc
434 1099 626 1155 negocio
655 1099 765 1142 nihil
804 1100 925 1143 aliud
958 1115 1090 1156 quam
1119 1102 1463 1158 simplicissime,
1504 1104 1614 1146 nihil
1638 1106 1703 1147 fa—

86 1190 201 1228 cere,
225 1190 280 1218 ac
300 1190 357 1219 ne
388 1176 505 1219 velle
527 1176 726 1230 quidem,
752 1176 852 1229 nisi,
879 1192 967 1232 quo
997 1178 1351 1234 intelligeremus
1381 1181 1578 1223 animum
1613 1181 1705 1225 S.¹¹³i

86 1255 148 1298 D.
171 1253 228 1295 N.
255 1252 473 1295 inclinari.

170 1330 410 1372 Caeterum
434 1330 554 1384 quod
577 1331 634 1373 N.
660 1330 768 1372 dicit
789 1338 1073 1386 procuratam
1096 1346 1195 1375 esse
1227 1333 1345 1376 illam
1370 1335 1700 1389 profectionem

85 1411 162 1462 p‘er
189 1405 446 1461 practicam,
478 1413 585 1448 sunt
622 1406 802 1462 quidem
831 1414 1038 1452 ostensae
1068 1408 1263 1453 rationes
1292 1410 1586 1466 hispanorum
1615 1413 1702 1454 Pa—

87 1489 204 1525 trum
226 1481 456 1524 nonnullis
478 1483 692 1537 professis
721 1490 961 1539 antequam
991 1485 1172 1540 publice
1201 1486 1538 1540 exhiberentur,
1572 1496 1616 1532 et
1646 1490 1701 1531 N.

74 1561 193 1602 'haec
215 1558 323 1601 dicit
346 1559 604 1614 practicam,
631 1561 752 1615 quod
773 1560 882 1605 vtile
904 1561 990 1604 fuit
1011 1569 1055 1604 et
1083 1563 1403 1615 necessarium,
1438 1554 1484 1606 vt
1517 1579 1572 1607 ex
1595 1579 1701 1608 con-

84 1635 322 1679 suetudine
351 1635 589 1680 Societatis
618 1637 840 1692 primariis
870 1638 1082 1681 Patribus
1105 1639 1258 1682 literae
1280 1640 1619 1694 exhiberentur,
1647 1657 1702 1685 ex

59 1741 61 1745 .
85 1726 275 1768 quorum
299 1712 491 1755 consilio
513 1713 815 1768 publicentur.

170 1788 334 1832 Mirum
356 1804 448 1832 non
472 1797 540 1833 est
561 1789 598 1832 si
621 1791 683 1833 N.
716 1790 954 1835 videantur
977 1793 1295 1837 reformatione
1324 1794 1527 1850 indigere
1551 1796 1703 1839 bullae

16 1850 19 1878 ³
84 1873 128 1908 et
149 1865 514 1919 constitutiones,
539 1868 626 1909 hoc
648 1877 716 1909 est
738 1867 995 1910 institutum
1020 1870 1275 1923 Societatis,
1302 1871 1358 1913 ad
1387 1873 1508 1928 quod
1531 1871 1703 1915 inuitus

15 1969 19 1998 t
84 1948 128 1986 et
147 1949 330 1985 coactus
352 1942 551 1985 adscitus
573 1949 640 1985 est
663 1959 742 1999 per
770 1944 966 1987 iudicum
990 1946 1257 1990 sententiam
1267 1982 1280 2000 „
1308 1947 1353 1990 in
1381 1962 1470 2002 quo
1493 1948 1554 1991 ita
1571 1949 1698 2001 vixit,

19 2029 21 2034 ⁸
73 2026 131 2060 =vt
146 2032 381 2062 necessum
406 2019 463 2061 sit
491 2019 638 2075 ipsum
661 2020 818 2064 timere
834 2035 891 2063 ne
906 2023 1186 2074 excludatur,
1205 2023 1242 2065 si
1258 2025 1570 2068 auctoritatem
1593 2026 1700 2068 reti-

19 2118 21 2155 3
83 2102 218 2138 neant
240 2096 389 2140 bullae
411 2110 462 2139 ac
486 2096 855 2150 constitutiones;
881 2106 926 2141 et
948 2099 1082 2142 bullis
1111 2100 1291 2154 quidem
1321 2102 1472 2144 nullus
1496 2110 1580 2154 est,
1608 2118 1700 2146 non

17 2155 21 2235 ξ
74 2160 108 2215 Ι·θ
128 2172 257 2215 nobis
279 2174 471 2225 ta‘ntum,
497 2174 575 2216 sed
599 2188 655 2216 ne
676 2175 732 2217 de
754 2175 952 2218 externis
975 2176 1174 2231 quidem,
1201 2177 1277 2232 qui
1307 2178 1517 2222 dubitare
1539 2180 1697 2235 possit3

84 2261 220 2302 quum
242 2249 465 2305 legittime
492 2249 583 2292 sint
619 2250 886 2294 auctoritate
915 2267 1041 2295 sacra
1070 2263 1255 2298 sanctae
1286 2255 1559 2310 apostolicae
1581 2256 1700 2299 sedis

16 2321 21 2374 ,ss
59 2326 387 2385 sconfirmatae,
413 2334 458 2369 et
481 2327 537 2369 ad
559 2342 706 2371 mores
729 2328 948 2371 attineant
969 2330 1326 2384 constituendos,
1347 2347 1436 2374 non
1456 2333 1511 2374 ad
1531 2333 1698 2374 factum

21 2432 23 2459 ξ
83 2412 164 2446 nec
185 2402 332 2454 adea,
359 2417 474 2457 quae
497 2419 552 2447 ex
575 2403 705 2447 factis
728 2406 968 2460 pendeant.
1002 2406 1361 2451 Constitutiones
1390 2422 1514 2461 vero,
1541 2423 1697 2463 quam-

21 2473 23 2530 ,
49 2495 51 2500 ¹
70 2477 150 2520 'uis
171 2480 326 2523 eadem
350 2487 535 2535 prorsus
557 2480 778 2536 religione
800 2489 816 2506 ⁰
839 2497 927 2525 non
951 2497 1257 2540 reuereamur,
1283 2484 1346 2526 ita
1366 2492 1516 2529 tamen
1539 2485 1698 2540 recipi-

75 2567 193 2609 ¹mus,
219 2562 267 2597 vt
288 2570 404 2611 quae
421 2557 641 2612 legittime
662 2558 752 2600 sint
780 2559 1049 2602 auctoritate
1077 2561 1322 2615 apostolica
1350 2561 1632 2617 conscriptae
1655 2569 1699 2604 et

21 2640 23 2686 ζ
66 2643 160 2691 <sua
182 2632 448 2674 auctoritate
469 2633 678 2687 donatae;
704 2649 807 2677 narn
832 2636 1092 2679 facultatem
1115 2637 1288 2692 accepit
1315 2638 1596 2693 praepositus
1619 2639 1697 2681 So-

21 2726 24 2736 ,
79 2705 255 2750 cietatis
277 2709 518 2765 generalis,
545 2717 609 2761 vt,
636 2724 739 2753 cum
762 2711 949 2754 consilio
972 2714 1177 2765 Patrum,
1204 2715 1398 2757 condere
1421 2714 1699 2757 constitutio-

79 2872 87 2879 =
149 2858 167 2876 a
191 2849 301 2885 Hanc
319 2850 546 2896 particulam
564 2852 787 2888 obliteravit
806 2854 970 2900 Natalis,
985 2855 1054 2890 sed
1073 2867 1150 2891 non
1169 2856 1334 2890 mutavit
1351 2867 1482 2890 casum
1502 2855 1699 2901 sequentis

81 2907 330 2954 pronominis,
353 2910 419 2956 qui
443 2910 483 2945 in
506 2909 681 2946 dativum
705 2913 992 2948 convertendus
1022 2913 1109 2959 fuit,
1134 2915 1287 2950 sublata
1317 2915 1382 2949 illa
1406 2914 1604 2960 particula.
1655 2933 1699 2939 —

19 2967 24 3011 J
82 2965 100 2992 b
124 2966 280 3001 audirit
308 2974 463 3013 autogr.
520 2979 582 2996 —c
607 2970 721 3016 Prius
751 2965 906 3018 sci-ipsit
937 2972 1086 3008 Natalis
1117 2974 1370 3014 auctoritate,
1398 2972 1465 3008 sed
1490 2984 1604 3018 supra
1627 2973 1699 3007 hoc

19 3065 21 3073 .
80 3024 188 3062 verb.
213 3026 415 3061 substituit
433 3028 643 3074 religione.

253 3089 366 3118 Emsr.
390 3090 431 3118 P.
454 3091 587 3126 NADAL,
609 3100 684 3120 rom.
706 3092 767 3121 IV.
1492 3096 1524 3122 10
