2028 3426
384 257 453 295 412
857 250 1013 286 PATms
1039 250 1284 286 H1ERONYM1
1309 249 1463 286 NADAL

333 366 578 409 expensae,
604 366 658 395 ac
681 352 776 409 pari
798 366 906 395 cura
936 351 1122 408 exigant
1151 352 1215 409 (vt
1238 351 1284 395 in
1311 352 1615 408 procuratoris
1638 351 1810 409 regulis
1833 353 1979 398 habe-2
2012 367 2013 370 ’

337 429 424 485 tur)
447 429 640 486 singulis
664 429 897 473 mensibus
934 436 980 473 et
1002 428 1133 472 annis
1156 430 1212 472 ab
1235 428 1333 485 ipso
1361 436 1656 485 procuratore
1679 428 1876 473 rationes
1899 443 1979 473 ac*-⁴

333 506 455 563 cepti
477 515 521 550 et
544 505 747 563 expensi3
774 512 1040 562 procurator
1062 505 1256 562 singulis
1279 506 1576 550 hebdomadis
1598 506 1655 549 ab
1677 513 1897 562 emptore.

424 584 629 627 Caueant
657 582 930 638 superiores,
962 597 1020 626 ne
1050 582 1292 638 quicquam
1322 582 1613 626 inferioribus
1642 582 1906 639 promittant
1928 582 1981 628 im

336 660 406 713 iis,
432 675 548 715 quae
570 660 625 703 ad
655 659 857 715 ipsorum
888 657 1083 703 attinent
1115 659 1332 712 actiones,
1367 660 1436 703 vel
1468 674 1522 703 eo
1552 660 1686 703 modo
1708 661 1982 716 loquantur„
2025 692 2028 700 .

332 745 384 779 vt
407 736 511 779 inde
535 736 708 792 possint
731 735 1077 792 promissionem
1099 736 1185 779 sibi
1214 751 1313 780 esse
1343 737 1508 780 factam
1537 736 1840 793 interpretari.
1871 737 1983 780 Illo--

336 829 435 857 rum
459 813 596 867 enim,
618 813 694 869 qui
718 814 914 856 subsunt
938 812 1224 858 obedientiae
1247 813 1437 857 interest
1459 813 1504 856 in
1528 814 1700 870 primis,
1722 821 1770 857 vt
1793 821 1899 857 actu
1923 827 1983 858 at:v
2016 844 2017 847 ,

335 906 382 935 re
404 891 499 946 ipsa
522 904 577 933 ex
601 889 826 946 praesenti
848 889 1026 943 iuditio,
1050 891 1379 946 voluntateque
1408 890 1694 946 superiorum
1725 891 1970 947 pendeant:
2016 926 2017 931 ,

334 969 455 1023 quod
478 967 513 1011 si
538 967 645 1022 quid
664 966 793 1022 quasi
816 966 1087 1023 promissum
1112 966 1170 1012 115
1192 967 1501 1024 colligeretur,
1526 967 1572 1010 id
1600 967 1730 1012 aliter
1752 967 1973 1024 interpre-
2016 1014 2017 1018 ,

336 1045 419 1088 tari
441 1045 633 1087 liberum
657 1044 758 1097 erit,
784 1045 858 1089 vel
881 1044 1018 1088 etiam
1043 1051 1301 1089 retractare.
1324 1046 1428 1088 Non
1451 1044 1572 1088 enim
1596 1045 1876 1089 credendum
1901 1051 1970 1090 est
2018 1062 2019 1065 ¹

336 1122 613 1178 superiorem
636 1122 838 1166 voluisse
860 1136 914 1166 eo
937 1122 1072 1165 modo
1089 1121 1229 1177 loqui,
1257 1136 1348 1178 quo
1367 1137 1459 1165 non
1476 1121 1651 1175 debuit,
1673 1136 1756 1166 nec
1775 1121 1979 1166 voluisse
2017 1149 2021 1155 ·

334 1215 382 1243 se
405 1199 609 1255 obligare
631 1200 687 1242 ad
710 1199 771 1252 id,
798 1200 920 1254 quod
943 1206 1104 1255 postea
1126 1198 1278 1242 videat
1300 1199 1398 1242 fieri
1422 1214 1511 1242 non
1530 1200 1714 1252 debere,
1735 1214 1885 1255 neque
1903 1199 1975 1242 in-

335 1277 467 1319 ferior
488 1277 641 1329 debet,
668 1276 705 1319 si
730 1275 837 1332 quid
862 1277 1088 1319 facturum
1111 1291 1159 1320 se
1182 1276 1346 1320 dixerit
1368 1276 1589 1333 superior,
1616 1276 1728 1319 illud
1749 1275 1979 1333 interpre·
2018 1291 2021 1297 ’

334 1353 417 1396 tari
440 1353 713 1409 promisisse.
2020 1411 2023 1414 y

420 1430 628 1486 Expedit,
648 1438 698 1473 vt
714 1430 973 1486 superiores
989 1430 1287 1487 collegiorum
1306 1431 1377 1473 vel
1395 1431 1614 1474 domuum
1630 1430 1809 1487 copiam
1829 1430 1973 1476 libere
2020 1451 2021 1455 ¹

330 1507 556 1550 scribendi
577 1508 633 1550 ad
656 1507 985 1563 prouincialem
1009 1507 1074 1552 eis
1096 1507 1281 1562 faciant,
1307 1523 1500 1564 quorum
1525 1507 1794 1560 morositati,
1817 1514 1862 1552 et
1886 1507 1974 1550 im-

329 1584 572 1640 patientiae
594 1585 667 1629 vel
690 1584 994 1640 inquietudini
1017 1585 1188 1629 mederi
1211 1584 1297 1628 alia
1328 1585 1500 1628 ratione
1532 1599 1623 1628 non
1645 1591 1853 1641 possunt.
1880 1585 1973 1628 Fa-

330 1661 459 1704 cilius
482 1661 654 1706 interea
671 1662 915 1714 curabunt,
942 1669 989 1704 vt
1014 1661 1154 1717 quieti
1177 1676 1445 1718 responsum
1478 1668 1736 1719 expectent.
1771 1662 1909 1717 Quod
1931 1660 1968 1705 si

329 1753 477 1794 neque
498 1740 585 1781 hoc¹
608 1739 856 1791 sufficeret,
878 1746 1128 1795 praestaret
1146 1753 1224 1783 eos
1241 1739 1297 1782 ad
1315 1738 1640 1795 prouincialem
1660 1738 1856 1793 mittere,
1878 1737 1964 1782 nisi
2022 1755 2023 1758 ¹

331 1815 565 1860 timeretur
582 1831 639 1859 ne
662 1818 750 1859 hac
772 1816 1011 1860 occasione
1034 1816 1096 1858 illi
1120 1816 1296 1859 facilius
1319 1816 1493 1872 possint
1524 1815 1812 1860 vocationem
1837 1816 1972 1859 dese-

328 1906 443 1945 rere,
469 1900 606 1947 atque
628 1907 654 1935 a
691 1892 921 1937 Societate
959 1893 1094 1949 plane
1131 1893 1345 1938 deficere.
1386 1895 1489 1936 Non
1519 1893 1589 1936 his
1612 1894 1776 1946 solum,
1803 1892 1880 1949 qui
1905 1892 1970 1936 in-

327 1969 469 2024 quieti
491 1978 614 2023 sunt,
641 1971 776 2014 debet
800 1971 948 2014 facere
971 1969 1197 2013 scribendi
1221 1971 1482 2013 facultatem
1515 1978 1681 2022 rector,
1713 1971 1794 2014 sed
1823 1969 1972 2013 omni-

329 2047 416 2089 bus
438 2046 588 2100 etiam,
612 2047 688 2103 qui
711 2047 757 2089 id
779 2047 935 2090 velint:
956 2046 1247 2103 prouincialis
1265 2062 1372 2090 vero
1391 2047 1586 2101 curabit,
1606 2062 1663 2091 ne
1681 2062 1735 2091 ea
1754 2047 1812 2092 116
1831 2046 1969 2092 liber-

329 2130 421 2165 tate
443 2122 505 2165 illi
543 2125 806 2176 abutantur,
843 2124 965 2178 quod
988 2124 1044 2167 ab
1074 2123 1150 2166 illo
1181 2123 1406 2180 intelliget
1428 2132 1591 2177 rector,
1617 2124 1655 2167 si
1688 2124 1897 2167 videatur
1926 2123 1971 2166 id
2026 2180 2028 2194 Ι

330 2200 496 2242 rectori
519 2200 888 2256 significandum.
2026 2197 2028 2205 ¹

418 2277 593 2321 Curent
614 2276 870 2333 superiores
892 2291 944 2320 ac
963 2278 1208 2322 obseruent
1226 2277 1486 2334 diligenter,
1507 2285 1554 2320 vt
1572 2280 1830 2335 praefectus
1854 2286 1964 2323 tem-

329 2353 407 2410 pli,
432 2355 706 2406 sacerdotes,
739 2361 875 2409 atque
908 2354 1117 2398 aedituus
1147 2363 1268 2400 recte
1296 2357 1549 2412 fungantur
1577 2355 1672 2398 suis
1702 2355 1881 2409 officiis,
1915 2362 1960 2401 et

326 2445 433 2474 cum
458 2431 661 2474 omnium
685 2431 1015 2475 aedificatione.

418 2510 473 2552 In
496 2515 716 2564 quantum
739 2507 836 2552 fieri
859 2509 1040 2564 poterit,
1073 2524 1163 2552 non
1188 2510 1442 2565 proseratur
1470 2525 1620 2554 sermo
1650 2510 1963 2567 imperatiuus,

326 2592 393 2638 vt,
418 2599 506 2642 ego
534 2584 768 2641 imperaui,
808 2599 897 2641 ego
926 2584 1051 2637 iussi,
1088 2587 1167 2628 sed
1191 2586 1341 2642 potius
1369 2601 1458 2642 ego
1487 2587 1596 2639 dixi,
1629 2587 1699 2630 vel
1732 2586 1961 2630 ordinau'i:

328 2662 550 2705 ordinabo
574 2663 660 2705 hoc
684 2662 753 2706 vel
778 2661 904 2715 illud,
931 2670 976 2706 et
999 2662 1160 2705 similia
1182 2664 1323 2706 verba
1347 2663 1505 2707 suauia
1528 2671 1573 2706 et
1596 2664 1842 2708 moderata.

421 2739 618 2795 Quando
647 2738 869 2795 supererit
902 2739 1070 2794 aliquid
1096 2740 1312 2796 temporis
1340 2740 1562 2796 superiori
1592 2756 1618 2784 a
1647 2740 1851 2798 negociis
1879 2755 1968 2798 gu-

328 2816 621 2868 bernationis,
644 2816 767 2859 nulla
791 2816 966 2860 ratione
984 2816 1200 2860 conuenit
1219 2816 1344 2859 illum
1363 2831 1463 2861 esse
1481 2817 1701 2870 ociosum,
1723 2818 1802 2862 sed
1822 2823 1965 2874 ponet

323 2892 527 2936 ‘studium
550 2892 594 2935 in
619 2892 1041 2946 constitutionibus,
1068 2892 1113 2935 in
1138 2893 1308 2949 regulis
1331 2901 1376 2936 et
1405 2893 1798 2949 instructionibus,
1830 2894 1877 2937 in
1898 2894 1967 2946 his

328 2970 554 3023 omnibus,
591 2984 707 3026 quae
745 2970 1125 3027 gubernationem
1152 2970 1313 3013 iuuare
1342 2970 1531 3026 possint,
1565 2979 1643 3014 aut
1674 2971 1718 3014 in
1750 2971 1962 3022 lectione,

325 3061 444 3102 quae
468 3061 571 3090 eum
594 3047 651 3090 ad
673 3046 961 3090 deuotionem
983 3045 1246 3099 inflammet,
1273 3053 1352 3089 aut
1374 3046 1420 3089 in
1443 3046 1663 3100 oratione,
1684 3048 1759 3092 vel
1778 3045 1968 3091 omnino
