2028 3426
303 222 373 259 ²72
775 215 930 250 PATms
957 214 1200 249 HmnonYMi
1226 212 1377 248 NADAL

346 317 408 359 Vt
431 316 520 360 sint
543 317 634 359 duo
657 317 837 358 lauacra
861 315 904 357 in
930 313 1168 357 refectorio
1190 327 1272 369 pro
1296 312 1527 356 fratribus.

349 395 428 446 Vt,
454 394 490 437 si
515 409 607 436 non
632 393 688 436 sit
711 394 859 436 oleum
883 399 1090 434 sanctum
1115 405 1196 447 pro
1218 390 1424 443 infirmis,
1451 398 1636 434 curetur
1658 390 1830 433 haberi.

345 471 633 515 Obseruetur
672 477 851 524 tempus
878 467 1110 511 concionis
1148 482 1227 523 per
1259 466 1570 524 horologium,
1601 480 1659 509 ne
1697 467 1894 512 excedat

258 547 451 604 spatium
478 547 612 589 unius
636 548 788 589 horae.

214 611 218 615 ⁶
343 624 532 679 Semper
555 623 645 665 sint
664 622 906 664 continuae
930 620 1092 664 missae
1114 620 1160 663 in
1183 620 1314 663 altari
1337 620 1512 670 maiori,
1533 620 1709 664 etiamsi
1728 619 1774 664 in
1793 620 1895 663 aliis

256 699 472 743 altaribus
497 714 586 742 non
610 706 796 755 possent
818 697 922 750 dici,
949 704 994 741 et
1017 697 1150 740 detur
1181 712 1334 754 opera,
1362 704 1412 740 ut
1440 698 1773 754 protendantur
1803 698 1893 741 sal—

259 784 348 821 tem
374 791 517 832 usque
540 777 595 818 ad
619 776 856 819 decimam.

342 855 411 897 Ne
449 860 600 896 autem
641 851 772 895 simul
802 852 893 894 duo
931 852 1193 895 sacerdotes
1223 851 1537 908 egrediantur,
1569 852 1649 896 sed
1685 865 1790 894 cum
1820 851 1891 894 di-

255 938 378 973 ctum
401 928 568 987 [fuerit]
592 927 882 984 euangelium
907 927 953 969 in
983 942 1161 971 summo
1190 927 1336 980 altari,
1362 935 1512 984 potest
1541 929 1654 972 alter
1681 929 1738 971 ad
1768 927 1892 971 aliud

257 1007 470 1063 egredi...
774 1004 777 1008 ’

350 1086 548 1127 Possunt
573 1082 758 1126 inuitari
782 1081 930 1136 amici,
957 1089 1002 1127 et
1025 1083 1193 1127 debent
1215 1082 1473 1139 aliquando,
1494 1090 1545 1125 ut
1575 1083 1746 1126 Romae
1772 1083 1892 1127 sole-

258 1162 334 1204 bat
353 1163 404 1203 P.
434 1160 640 1217 Ignatius
665 1161 812 1203 facere
836 1166 881 1203 et
904 1160 1018 1202 solet
1042 1161 1094 1202 Ρ.
1118 1160 1316 1215 LayneZ,
1343 1166 1388 1204 et
1411 1159 1507 1204 fieri
1538 1160 1653 1202 solet
1681 1159 1727 1202 in
1754 1160 1890 1203 colle-

259 1237 336 1294 gio
358 1252 560 1281 romano:
587 1238 660 1280 hic
684 1244 832 1280 tamen
858 1238 1078 1281 habeatur
1102 1251 1301 1294 magnus
1322 1238 1526 1282 delectus
1549 1236 1650 1293 quis
1678 1236 1890 1280 inuitabi-

256 1323 344 1367 tur;
371 1322 416 1359 et
439 1314 522 1357 nisi
547 1314 662 1358 adsit
685 1313 992 1370 prouincialis,
1019 1313 1095 1369 qui
1120 1314 1262 1370 possit
1293 1315 1536 1370 aliquando
1559 1314 1604 1356 in
1628 1313 1889 1357 cubiculum

254 1391 464 1443 inuitare,
491 1391 806 1434 inuitabuntur
829 1390 875 1433 in
900 1390 1206 1441 refectorium.
1232 1391 1424 1434 Lautius
1442 1391 1623 1447 quidem
1647 1405 1783 1446 quam
1801 1391 1889 1434 fra-

252 1476 343 1511 tres
367 1475 566 1523 possent,
592 1467 727 1510 etiam
759 1468 947 1510 absente
968 1467 1254 1523 prouinciali,
1281 1467 1463 1510 inuitari
1486 1467 1532 1509 in
1564 1467 1805 1511 refectorio
1833 1468 1890 1510 ad

256 1551 350 1586 2.‘³¹¹³
374 1559 594 1597 mensam,
624 1552 687 1597 ut,
713 1544 991 1588 abeuntibus
1014 1544 1245 1597 fratribus,
1272 1545 1399 1587 finita
1421 1559 1504 1588 sua
1527 1559 1698 1597 mensa,
1720 1544 1798 1600 qui
1815 1558 1890 1588 so-

253 1622 349 1665 lent
372 1621 415 1664 in
442 1630 508 1665 2.ἃ
540 1637 696 1665 mensa
727 1622 966 1678 prandere,
994 1621 1166 1664 diutius
1195 1621 1370 1678 possint
1393 1636 1494 1666 esse
1521 1621 1566 1665 in
1604 1635 1761 1666 mensa
1784 1635 1888 1664 cum

251 1698 528 1754 hospitibus.
1490 1694 1500 1701 ¹

341 1777 438 1819 Nec
462 1776 572 1818 fient
596 1776 903 1829 inuitationes,
929 1776 1004 1819 uel
1027 1790 1132 1819 cum
1156 1775 1213 1819 sit
1236 1775 1398 1831 aliquis
1420 1776 1666 1832 professus,
1693 1776 1767 1818 uel
1785 1789 1888 1819 cum

252 1852 413 1907 aliquis
436 1867 604 1895 nouam
628 1852 810 1896 missam
833 1854 1048 1906 celebret,
1080 1867 1163 1896 nec
1193 1853 1271 1895 ubi
1299 1852 1451 1909 agitur
1480 1853 1645 1896 festum
1675 1852 1888 1896 Circum-

251 1928 437 1972 cisionis
470 1930 543 1973 uel
573 1930 726 1986 templi
758 1929 1005 1983 dedicatio;
1040 1929 1204 1986 poterit
1237 1929 1309 1972 his
1342 1929 1504 1973 diebus
1538 1928 1753 1972 fratribus
1791 1929 1888 1972 dari

249 2007 440 2062 amplius
465 2022 604 2050 unum
630 2008 851 2051 ferculum
874 2021 979 2050 cum
1002 2008 1125 2050 bono
1147 2006 1376 2063 antipasto
1398 2014 1443 2050 et
1467 2007 1608 2049 altero
1631 2013 1882 2062 postpasto.

338 2084 452 2126 Cum
478 2083 639 2139 aliquis
662 2083 882 2127 inuitatur
899 2085 956 2126 ab
979 2084 1130 2140 aliquo
1148 2083 1293 2126 amico
1309 2091 1354 2127 et
1377 2083 1588 2140 primario
1613 2083 1728 2137 uiro,
1750 2084 1884 2126 modo

254 2175 311 2203 ne
334 2161 615 2215 frequentius
648 2161 692 2203 id
716 2161 811 2214 fiat,
837 2160 1002 2217 poterit
1024 2161 1064 2205 ei
1093 2161 1189 2203 dari
1217 2160 1416 2212 licentia,
1442 2167 1487 2203 et
1516 2152 1683 2212 socius,
1708 2159 1786 2215 qui
1814 2173 1884 2202 re-

250 2237 361 2279 ctori
386 2237 630 2291 uidebitur;
667 2239 747 2280 sed
777 2245 946 2290 tamen,
979 2237 1016 2281 si
1049 2237 1302 2280 inuitantur
1323 2252 1349 2280 a
1388 2236 1670 2289 mulieribus,
1705 2237 1777 2280 uel
1808 2236 1883 2279 ubi

250 2321 355 2356 sunt
379 2314 605 2363 mulieres,
632 2314 805 2358 etiamsi
829 2314 918 2357 sint
940 2314 1193 2371 primariae,
1214 2315 1288 2358 uel
1310 2314 1348 2357 si
1371 2314 1417 2357 in
1439 2313 1653 2357 conuiuio
1671 2300 1883 2357 sint-illae,

251 2391 446 2443 futurae,
472 2391 632 2435 melius
656 2399 723 2435 est
746 2399 796 2434 ut
819 2406 911 2434 non
933 2399 1078 2435 eatur.

338 2467 563 2526 Dabit[ur]
587 2467 720 2511 etiam
744 2467 926 2511 licentia
949 2467 1124 2512 uisendi
1147 2467 1331 2521 amicos,
1358 2474 1403 2512 et
1426 2475 1476 2510 ut
1499 2467 1671 2523 possint
1700 2466 1789 2510 illic
1812 2466 1880 2509 bi-

251 2545 357 2588 bere
380 2546 628 2588 moderate.

339 2624 561 2664 Poterunt
599 2621 732 2667 etiam
773 2622 888 2664 allici
927 2621 1057 2664 amici
1097 2623 1152 2665 ad
1186 2620 1464 2677 colloquium
1502 2619 1802 2664 domesticum
1837 2628 1883 2665 et

249 2697 646 2741 conuersationem
680 2699 957 2751 familiarem;
991 2698 1068 2740 ubi
1096 2704 1310 2754 poterunt
1340 2705 1384 2741 et
1421 2697 1603 2740 inuitari
1635 2697 1691 2740 ad
1721 2697 1880 2741 biben-

248 2775 372 2825 dum,
401 2774 474 2815 vbi
497 2774 724 2818 videbitur
747 2789 850 2816 cum
875 2775 1190 2818 aedificatione
1214 2774 1309 2818 fieri
1331 2788 1482 2831 posse.

337 2850 501 2893 Omnia
525 2852 635 2894 haec
659 2851 719 2893 ita
738 2851 954 2894 dicuntur
972 2860 1016 2895 et
1036 2853 1367 2903 conceduntur,
1389 2858 1440 2893 ut
1457 2850 1598 2893 maior
1615 2852 1792 2894 fructus
1810 2865 1879 2894 ac-

246 2927 435 2981 cipiatur
460 2927 502 2967 in
528 2926 738 2975 iu-uandis
762 2928 998 2971 animabus
1023 2928 1067 2970 in
1093 2928 1162 2971 his
1185 2928 1465 2985 regionibus;
1494 2942 1648 2972 earum
1678 2942 1785 2971 vero
1807 2941 1880 2971 re—

250 3018 347 3044 rum
375 3003 507 3046 iudex
529 3012 627 3046 esto
652 3004 996 3059 prouincialis...
1257 2995 1269 3006 ”
