2028 3426
501 698 826 752 NOTITIA
884 701 1247 755 CODICUM

152 816 214 845 EX
236 815 414 853 QUIBUS
438 817 592 856 HUJUS
617 817 880 848 VOLUMINIS
905 819 1205 849 MONUMENTA
1235 819 1596 850 DEPROMUNTUR

145 945 207 981 De
223 945 425 982 nonnullis
441 946 679 994 Hieronymi
700 947 852 984 Natalis
871 949 1092 995 codicibus,
1110 955 1202 997 post
1221 950 1390 997 primam
1410 951 1688 987 recensionem

43 1007 245 1064 'repertis
266 1016 400 1063 deque
421 1019 693 1054 monumentis
723 1030 776 1054 ex
806 1019 948 1055 iisdem
978 1031 999 1056 a
1034 1019 1151 1057 nobis
1186 1020 1485 1068 depromendis,
1507 1022 1544 1057 in
1567 1033 1693 1069 supe-¹

24 1095 31 1104 ·
66 1087 155 1124 riori
173 1087 420 1135 praefatione
441 1088 535 1124 satis
556 1100 758 1136 superque
780 1089 1052 1127 disseruimus.
1073 1090 1306 1138 Antequam
1325 1097 1459 1128 autem
1481 1092 1531 1128 ad
1552 1103 1691 1129 eorum

37 1170 40 1176 ·
68 1158 380 1205 descriptionem
395 1159 619 1205 veniamus,
636 1171 766 1207 pauca
783 1160 834 1196 de
851 1161 991 1197 ordine
1008 1173 1029 1197 a
1046 1161 1163 1198 nobis
1180 1162 1380 1199 servando
1398 1163 1692 1211 praemittenda

19 1220 25 1226 ’
69 1234 171 1266 sunt.
188 1228 249 1266 Ac
269 1230 398 1277 primo
420 1230 586 1277 quidem
601 1231 691 1267 loco
713 1231 937 1268 exhibendi
957 1232 1145 1270 videntur
1164 1233 1259 1269 novi
1276 1233 1453 1279 codices,
1475 1245 1546 1270 seu
1563 1235 1599 1279 ii,
1621 1235 1688 1280 qui

24 1348 26 1353 ,
69 1301 107 1337 in
139 1299 267 1337 tribus
301 1300 640 1352 praecedentibus
671 1302 930 1349 epistolarum
965 1303 1116 1340 Natalis
1150 1304 1422 1341 voluminibus
1443 1316 1524 1341 non
1550 1316 1690 1341 recen-

37 1396 41 1402 ι
71 1372 132 1409 siti
152 1372 323 1408 fuerunt.
352 1372 512 1408 Deinde
545 1384 642 1409 vero
670 1375 830 1419 caeteri,
858 1386 1030 1421 quorum
1059 1375 1281 1422 pleniorem
1312 1376 1494 1412 notitiam
1515 1376 1692 1423 proferre

29 1444 31 1446 ’
72 1454 218 1491 operae
238 1443 410 1491 pretium
440 1443 644 1480 duximus.
680 1444 772 1481 Duo
806 1450 940 1482 autem
975 1445 1038 1482 hic
1073 1445 1248 1482 breviter
1282 1452 1375 1483 sunt
1403 1447 1692 1494 praenotanda.

12 1523 19 1569 j
72 1514 258 1560 Primum,
279 1525 420 1550 omnes
441 1515 515 1550 hos
537 1514 701 1551 codices
723 1516 958 1552 chartaceos
984 1527 1087 1562 esse;
1108 1528 1184 1553 nec
1204 1517 1374 1564 proinde
1400 1518 1477 1554 hoc
1498 1518 1536 1553 in
1559 1518 1692 1566 singu—

21 1608 23 1610 -
71 1585 117 1622 lis
136 1585 414 1633 repetendum.
436 1584 631 1631 Alterum,
647 1591 884 1634 perpetuam
904 1599 1163 1624 numerorum
1180 1588 1335 1634 seriem,
1352 1599 1431 1635 qua
1446 1588 1695 1636 praeceden-

24 1655 27 1658 ’
71 1656 169 1694 tium
202 1657 452 1693 voluminum
473 1657 636 1693 codices
671 1657 941 1703 distinximus,
976 1659 1014 1694 in
1041 1659 1120 1695 hoc
1154 1664 1296 1706 quarto
1318 1664 1357 1696 et
1386 1659 1525 1696 ultimo
1554 1671 1693 1707 prose-
1735 1641 1743 1657 ξ’

24 1750 38 1755 Α·
70 1727 286 1775 quendam.
309 1727 428 1765 Unde
449 1739 541 1765 cum
559 1729 662 1765 tertii
683 1730 780 1765 tomi
801 1730 984 1766 recensio
1004 1730 1042 1766 in
1065 1730 1208 1767 codice
1227 1737 1271 1777 55
1291 1730 1461 1776 desinat,
1482 1731 1581 1767 haec
1600 1743 1622 1767 a
1648 1731 1696 1777 56

25 1793 33 1838 ,’
50 1839 52 1841 ,
70 1799 224 1836 initium
245 1799 366 1836 ducit.

483 1941 718 1979 CODICES
748 1941 1024 1980 SOCIETAT
1028 1943 1074 1980 IS
1100 1943 1223 1991 JESU
1256 1943 1280 1981 ¹.

739 2047 920 2087 codex
952 2047 1031 2087 56

156 2153 323 2192 Collecta
336 2160 413 2204 per
432 2154 485 2194 P.
509 2154 814 2192 Natalem.—In
835 2155 906 2202 4⁰,
927 2156 1176 2203 compositus
1196 2160 1236 2192 et
1262 2167 1507 2204 pergamena
1529 2168 1698 2204 cooper-

4 2207 39 2244 ’Ὗ
72 2230 135 2262 tus
151 2226 234 2274 jam
267 2237 289 2262 a
308 2230 506 2273 tempore,
527 2237 609 2273 quo
641 2226 682 2263 Ρ.
718 2227 870 2263 Natalis
900 2238 948 2263 eo
969 2226 1168 2272 utebatur,
1190 2231 1233 2263 ut
1253 2226 1371 2263 nobis
1391 2227 1562 2272 videtur,
1584 2232 1623 2264 et
1644 2240 1697 2264 ex

74 2296 228 2344 scriptis
254 2297 294 2333 in
333 2296 418 2344 ipsa
448 2296 682 2333 membrana
712 2297 923 2344 probabili,
941 2298 1174 2345 conjectura
1209 2297 1292 2334 erui
1326 2302 1471 2345 potest.
1507 2298 1620 2334 Haec
1660 2299 1698 2334 in

74 2367 208 2414 dorso,
229 2379 351 2404 manu
371 2367 412 2404 P.
431 2368 619 2415 Jimenez‚
646 2368 711 2404 vel
738 2368 812 2404 alia
840 2368 967 2414 simili,
997 2368 1145 2416 scripta
1166 2367 1300 2405 habet.
1333 2368 1394 2404 «A
1419 2369 1424 2415 Ι
1450 2368 1612 2405 Exer.0S
1634 2369 1699 2405 dcl

75 2439 239 2488 original
264 2439 269 2487 ξ
296 2438 412 2486 Quae
431 2438 547 2486 primi
580 2439 717 2475 Patres
751 2439 871 2476 decre
897 2448 901 2483 Ι
928 2443 1073 2476 uerunt
1098 2441 1102 2484 Ι
1127 2439 1251 2475 modo
1279 2439 1331 2475 de
1352 2451 1441 2475 orar
1460 2440 1511 2476 de
1532 2440 1579 2476 N.
1603 2440 1643 2477 P.
1671 2441 1675 2486 Ι

75 2508 177 2546 Acta
197 2509 397 2556 quaedam
431 2509 473 2546 P.
503 2509 646 2558 Ignatii
672 2510 676 2557 Ι
703 2509 798 2546 Pars
819 2510 968 2546 cronici
995 2509 1210 2546 Societatis
1236 2508 1240 2559 Ι
1266 2509 1313 2547 R.
1349 2509 1390 2546 P.
1411 2509 1573 2558 Laynez
1594 2510 1644 2546 ad
1670 2512 1675 2555 !

76 2579 116 2617 P.
137 2580 412 2617 Salmeronem
436 2582 442 2628 Ι
468 2580 629 2617 Patrum
650 2581 756 2617 dicta
781 2580 934 2628 aliquot
958 2580 964 2628 Ι
989 2580 1294 2617 Annotaciones
1317 2579 1438 2617 sobre
1463 2580 1523 2617 los
1545 2582 1699 2617 exerci-

23 2665 43 2700 5³
77 2651 159 2688 cios
183 2652 188 2699 Ι
213 2651 276 2688 De
295 2651 544 2699 perfectione
565 2651 822 2688 obedientiae
843 2642 1055 2688 Societatis
1081 2651 1085 2698 Ι
1111 2651 1173 2687 De
1194 2651 1516 2698 frequentatione
1540 2651 1699 2688 Eucha-

76 2722 244 2777 ristiae.»
262 2721 352 2759 Alia
372 2733 504 2758 manu:
529 2720 734 2758 «Collecta
755 2733 827 2769 per
851 2722 856 2770 Ι
882 2722 923 2758 Ρ.
945 2721 1165 2758 Natalem.»

156 2792 324 2843 Constat
343 2793 446 2829 foliis
470 2793 540 2841 361
564 2798 747 2829 recenter
767 2792 944 2848 signatis.
967 2792 1051 2828 Fol.
1085 2802 1115 2837 Ι,
1136 2792 1176 2828 in
1203 2792 1340 2828 charta
1360 2792 1523 2828 minoris
1545 2792 1698 2828 dimen-

79 2863 200 2900 sionis
221 2864 295 2911 ipsi
316 2864 575 2913 agglutinata,
591 2850 1017 2909 exhibetfsequentem
1033 2862 1208 2899 indicem
1228 2873 1373 2907 rerum,
1395 2861 1446 2898 ab
1467 2862 1606 2910 ignota
1628 2873 1700 2897 no-

143 3009 152 3029 ¹
208 3011 267 3045 De
285 3010 344 3045 his
363 3010 452 3045 vide
471 3021 569 3056 quae
589 3006 758 3044 diximus‘
777 3009 815 3044 in
834 3010 963 3055 Epist.
988 3009 1032 3043 Ρ.
1055 3008 1206 3051 Nadal,
1225 3008 1253 3053 1,
1274 3015 1388 3043 XX1V.

253 3074 364 3102 Emsr.
386 3074 420 3102 Ρ.
443 3074 574 3106 NADAi..
596 3081 670 3101 Toxi.
692 3073 752 3101 lv.
1511 3070 1530 3098 2
