2028 3426
382 211 451 255 576
856 209 1010 243 Pin-ms
1037 208 1280 242 Hmnoxvm
1306 206 1457 242 NADAL

335 312 601 368 angelorum
631 319 676 356 et
699 319 976 361 sanctorum,
1001 316 1159 352 contra
1190 309 1434 352 daemones
1473 316 1517 352 et
1554 315 1847 364 peruersos.³
1884 309 1964 351 ho-
2023 327 2028 334 ·’

334 388 494 432 mines.

423 467 515 509 Pro
539 465 736 521 aegrotis
761 463 989 508 omnibus,

422 545 512 586 Pro
533 543 619 594 his,
646 542 722 597 qui
746 541 1109 598 persecutionem
1134 539 1382 596 patiuntur.

421 622 509 663 Pro
533 634 643 676 pace
667 619 782 661 inter
805 617 1030 674 principes
1053 617 1341 660 christianos.

421 699 507 740 Pro
531 711 641 752 pace
664 695 875 738 vniuersa
898 702 943 738 et
966 694 1242 750 particulari.

421 775 509 816 Pro
531 773 723 815 sanitate
746 779 790 814 et
814 771 930 815 aeris
955 770 1184 827 temperie.

419 853 509 894 Pro
533 849 831 906 productione
854 848 1294 903 conseruationeque
1313 849 1543 891 fructuum
1563 855 1725 892 terrae.

418 931 506 971 Pro
529 928 614 980 his,
642 927 718 982 qui
743 933 849 970 sunt
871 926 916 968 in
941 925 1145 982 periculo
1169 925 1319 969 maris.

417 1008 506 1049 Pro
523 1005 608 1056 his,
631 1004 707 1059 qui
725 1011 964 1048 versantur
980 1003 1024 1045 in
1044 1004 1162 1047 bello
1177 1004 1398 1047 aduersus
1413 1003 1619 1048 infideles
1634 1010 1678 1048 et
1693 1004 1960 1048 haereticos.

413 1082 736 1137 Vnusquisque
760 1081 1044 1137 peculiariter
1066 1080 1315 1125 orationem
1341 1080 1473 1124 faciet
1491 1095 1572 1136 pro
1594 1081 1782 1125 suismet
1801 1095 1962 1126 neces-

323 1160 548 1211 sitatibus,
576 1158 801 1214 periculis,
827 1158 976 1202 salute
998 1166 1043 1200 et
1065 1157 1358 1213 perfectione,
1384 1157 1625 1214 praecipue
1649 1172 1730 1213 pro
1751 1172 1805 1201 ea
1827 1173 1890 1211 re,
1916 1158 1965 1202 in

322 1251 414 1292 qua
437 1236 629 1279 maxime
653 1250 702 1280 se
725 1236 919 1279 deficere
937 1234 1190 1290 cognoscit.

415 1315 503 1356 Pro
526 1313 687 1368 quauis
711 1328 773 1364 re,
799 1327 934 1367 quam
957 1311 1213 1367 superiores
1235 1312 1610 1355 commendarint.

357 1441 360 1444 Δ
409 1395 493 1437 560
518 1392 606 1433 Pro
631 1390 841 1433 omnibus
864 1389 1227 1440 necessitatibus,
1252 1403 1366 1444 quas
1390 1388 1508 1431 norit
1529 1389 1832 1445 peculiariter,
1867 1397 1959 1433 tam

319 1470 510 1511 fratrum
534 1482 670 1524 quarn
693 1474 1000 1519 externorum,
1027 1474 1124 1508 tum
1147 1465 1336 1522 priuatis
1359 1474 1454 1508 tum
1477 1466 1684 1522 publicis.

394 1599 691 1630 ARGUMENTA
716 1598 920 1628 SOLITAE
943 1597 1294 1628 MEDITATIONIS
1319 1597 1574 1628 POTERUNT
1599 1597 1715 1628 ESSE
1739 1598 1881 1638 HAEC,

916 1675 1044 1713 QUAE
1069 1675 1362 1713 SEQUUNTUR

411 1776 579 1820 Omnia
603 1775 816 1832 mysteria
838 1775 958 1819 vitae
983 1774 1169 1818 Christi.

405 1855 476 1896 De
499 1860 682 1902 aeterna
705 1851 1015 1909 generatione,
1037 1866 1124 1908 qua
1147 1866 1173 1894 a
1192 1852 1325 1894 Patre
1348 1860 1533 1894 aeterno
1550 1858 1797 1908 generatur
1815 1851 1956 1894 Filius

316 1932 373 1974 ab
397 1939 599 1974 aeterno.

404 2010 475 2052 De
493 2007 790 2064 productione
805 2021 894 2061 qua
911 2008 1044 2049 Pater
1062 2013 1106 2050 et
1119 2005 1260 2049 Filius
1277 2007 1333 2048 ab
1352 2013 1536 2051 aeterno
1553 2006 1726 2062 spirant
1738 2006 1954 2061 Spiritum

314 2093 538 2126 sanctum.

403 2163 472 2204 De
495 2159 805 2203 incarnatione
822 2161 934 2217 Jesu
956 2159 1143 2212 Christi;
1170 2167 1215 2202 et
1232 2159 1518 2215 peculiariter
1535 2161 1592 2204 de
1609 2167 1704 2202 tota
1722 2159 1814 2202 vita
1830 2160 1945 2203 eius-

311 2239 414 2281 dem
443 2237 641 2293 passibili
671 2249 716 2279 et
746 2236 937 2288 mortali,
969 2239 1056 2279 hoc
1083 2244 1152 2279 est
1180 2238 1237 2281 de
1264 2237 1478 2293 operibus
1506 2245 1552 2280 et
1580 2235 1806 2292 mysteriis
1828 2236 1949 2280 eius·

310 2315 432 2367 dem,
458 2329 601 2369 Vsque
624 2314 679 2356 ad
704 2313 1079 2357 resurrectionem
1104 2313 1352 2357 exclusiue.
1381 2315 1510 2358 Haec
1532 2313 1683 2356 omnia
1705 2313 1949 2358 diuidenda

311 2405 391 2448 per
413 2399 566 2448 partes
588 2390 714 2432 iuxta
738 2391 999 2432 methodum
1023 2389 1067 2432 in
1091 2390 1317 2434 exercitiis
1339 2391 1565 2434 traditam.

401 2470 470 2512 De
492 2468 828 2512 resurrectione
849 2468 1038 2522 eiusque
1062 2468 1301 2523 mysteriis.

399 2551 470 2593 561
494 2547 563 2588 De
586 2544 856 2602 ascensione·
873 2551 918 2588 et
941 2544 1155 2587 missione
1177 2544 1373 2600 Spiritus
1395 2544 1557 2587 sancti.

398 2624 611 2678 Quonam
635 2629 766 2678 pacto
796 2621 933 2664 totius
963 2621 1120 2663 mundi
1148 2635 1302 2664 curam
1326 2629 1456 2677 gerat
1479 2623 1622 2678 Xpus.
1647 2630 1692 2664 et
1713 2623 1945 2677 guberna-

309 2699 494 2751 tionem,
521 2698 782 2755 praesertim
807 2698 1026 2742 ecclesiae
1049 2688 1302 2742 catholicae
1325 2706 1370 2740 et
1393 2699 1687 2741 orthodoxae.
1714 2699 1944 2753 Quemad-

308 2777 493 2819 modum
515 2790 694 2820 omnem
719 2782 986 2831 potestatem
1010 2783 1219 2818 exerceat
1242 2774 1284 2818 in
1311 2775 1439 2818 coelo
1462 2782 1507 2819 et
1530 2775 1576 2817 in
1600 2782 1733 2818 terra.

396 2855 466 2897 De
490 2852 562 2898 X.i
585 2852 802 2908 peculiari
826 2851 963 2894 totius
987 2851 1230 2894 Societatis
1253 2851 1656 2904 administratione,
1681 2852 1942 2907 praesertim

378 3031 395 3047 a
442 3023 655 3066 pretaersos
674 3030 744 3054 ms.
