2028 3426
636 220 1063 258 INSTRUCTIONES—61
1549 229 1618 264 449

129 326 356 382 Epistolae
378 325 552 379 aliquae
565 325 622 368 S.
649 322 935 377 Hieronymi,
961 321 1205 363 nonnullae
1236 319 1371 362 etiam
1403 321 1450 364 S.
1483 321 1665 376 Grego-

7 451 19 455 „
40 403 111 456 rii,
137 404 185 447 S.
212 401 444 446 Ambrosii
466 408 511 445 et
534 401 581 445 S.
615 398 882 455 Augustini.
916 400 1068 454 Opera
1095 396 1254 452 ,aliqua
1283 397 1449 440 deuota
1480 398 1531 439 Β.
1566 399 1664 440 Au-

42 478 238 537 gustini,
270 486 314 522 et
343 464 573 522 sermones
602 475 738 530 aliqui
766 475 992 527 eiusdem,
1024 481 1069 516 et
1099 474 1267 517 deuota
1305 487 1441 528 opera
1475 474 1522 516 S.
1557 475 1666 516 Ber-

3 584 9 587 ..
41 556 190 600 nardi.

134 632 365 676 Nonnulla
388 632 554 674 deuota
576 644 712 685 opera
735 630 782 672 S.
812 630 1175 671 Bonauenturae.

131 708 220 753 208
257 710 454 759 Gerson,
496 707 553 748 de
591 705 841 748 imitatione
879 704 1064 755 Christi,
1104 702 1283 759 vulgari
1320 702 1455 745 etiam
1493 702 1666 758 lingua,

44 801 182 843 opera
204 785 338 830 etiam
362 784 512 840 aliqua
535 784 700 826 deuota
722 782 938 825 eiusdem.

135 863 361 918 Epistolae
385 862 432 905 S.
460 859 733 904 Catharinae
757 857 971 902 Senensis
995 865 1039 900 et
1061 857 1153 898 vita
1176 857 1289 899 eius.

137 941 310 983 Omnes
331 940 413 980 has
435 937 649 992 epistolas
672 943 716 979 et
745 950 879 990 opera
911 933 1202 990 prouincialis
1231 932 1361 989 seligi
1390 933 1565 975 curabit
1594 948 1672 988 per

47 1016 259 1060 idoneum
284 1014 497 1069 aliquem,
523 1013 618 1068 ipse
641 1026 749 1056 vero
766 1011 982 1053 iudicium
1002 1011 1135 1054 etiam
1154 1024 1286 1052 suum
1305 1009 1423 1052 illius
1441 1009 1673 1053 selectioni

49 1091 279 1136 adhibebit
301 1106 358 1133 an
380 1097 501 1133 recte
519 1091 708 1133 habeat.

139 1170 373 1224 Legantur
394 1167 545 1218 etiam,
568 1180 672 1208 cum
691 1166 975 1215 adferuntur,
1000 1164 1156 1207 literae
1179 1177 1358 1205 annuae
1379 1171 1397 1188 ³
1419 1171 1463 1205 et
1486 1164 1676 1216 indicae,

52 1260 168 1301 quae
191 1246 247 1287 ad
270 1243 627 1287 aedificationem
653 1243 839 1294 faciunt3
866 1240 1057 1297 singulis
1081 1254 1189 1281 vero
1219 1239 1348 1282 annis
1377 1241 1596 1282 nonnulla
1624 1256 1679 1284 ex

26 1316 29 1318 ‚
56 1321 253 1377 antiquis
275 1321 367 1377 legi
387 1321 644 1372 iubeantur,
669 1317 934 1374 praesertim
959 1317 1134 1368 indicis,
1162 1332 1184 1358 a
1211 1316 1442 1372 superiore
1466 1318 1676 1361 selectae.

143 1399 345 1454 Regulae
373 1412 455 1440 suo
479 1405 684 1452 tempore
707 1397 934 1451 legantur.
968 1395 1070 1436 Hoc
1099 1393 1226 1435 initio
1255 1393 1422 1435 mensis
1450 1393 1672 1436 cuiusuis.

144 1476 258 1518 Cum
283 1474 451 1530 legitur
473 1473 674 1524 historia,
695 1472 805 1514 illud
823 1471 1044 1522 videatur,
1065 1478 1114 1511 vt
1131 1478 1232 1525 post
1250 1471 1364 1512 duos
1381 1484 1558 1513 menses
1577 1484 1681 1512 suc—

7 1594 10 1597 .
54 1554 186 1597 cedat
206 1551 339 1595 lectio
361 1550 462 1593 libri
484 1549 673 1592 alicuius
701 1547 962 1604 spiritualis,
999 1547 1170 1602 aliquot
1198 1546 1373 1598 diebus,
1401 1553 1497 1588 tum
1520 1546 1683 1588 deinde

59 1630 269 1673 redeatur
291 1629 347 1670 ad
369 1627 618 1670 historiam.

147 1706 236 1750 209
260 1705 389 1748 Vltra
412 1706 496 1746 hos
519 1703 674 1755 libros,
700 1709 913 1757 poterunt
935 1701 1115 1755 quidem
1139 1700 1211 1742 alii
1235 1699 1342 1755 legi,
1368 1700 1447 1742 sed
1470 1714 1560 1741 non
1589 1699 1684 1742 sine

6 1815 7 1818 η
58 1781 383 1839 approbatione
424 1779 685 1836 superioris.
728 1778 1055 1820 Examinentur
1092 1776 1235 1832 igitur
1273 1784 1318 1819 et
1360 1777 1682 1831 approbentur,

11 1879 17 1918 3·
58 1860 251 1916 primum
274 1857 493 1901 consultis
518 1856 728 1899 Patribus
751 1862 829 1897 aut
851 1854 1066 1897 fratribus
1085 1853 1174 1910 (qui
1199 1852 1320 1895 do'mi
1338 1852 1459 1908 sunt)
1479 1852 1683 1903 eruditis,

12 1933 23 1985 ζ,
59 1945 214 1993 postea
236 1935 500 1978 consulatur
521 1933 656 1977 etiam
679 1931 969 1988 prouincialis
993 1946 1049 1973 an
1072 1930 1163 1986 legi
1186 1937 1391 1985 possunt.

149 2012 349 2069 Epistola
368 2011 514 2054 Patris
531 2009 697 2065 Ignatii
714 2010 770 2052 de
788 2007 1059 2058 obedientia,
1080 2021 1215 2061 quam
1235 2006 1355 2049 misit
1371 2007 1427 2048 ad
1445 2006 1686 2062 collegium

62 2089 437 2140 conimbricense,
463 2087 552 2142 legi
582 2085 762 2141 poterit,
788 2099 928 2139 quum
958 2085 1176 2139 leguntur
1199 2084 1401 2139 regulae.

20 2151 21 2154 Ἴ
149 2168 199 2209 In
224 2167 421 2221 profesto
443 2162 701 2207 celebrioris
726 2161 843 2213 festi,
876 2160 989 2204 et'in
1018 2160 1090 2202 die
1112 2159 1212 2215 ipso
1244 2167 1288 2203 et
1326 2159 1533 2214 sequenti
1562 2160 1689 2214 lega-

4 2239 15 2269 ,2
64 2250 138 2285 tur
160 2242 342 2297 aliquod
363 2240 396 2293 b,
422 2241 543 2296 quod
567 2240 623 2281 ad
644 2237 875 2281 historiam
898 2244 944 2280 et
966 2236 1274 2280 celebritatem
1298 2236 1401 2279 festi
1424 2235 1628 2278 attineat.

152 2320 289 2375 Quod
310 2317 347 2361 si
369 2318 535 2360 festum
558 2315 694 2359 fuerit
722 2313 1081 2364 celeberrimum,
1109 2313 1261 2368 qualia
1289 2320 1395 2355 sunt
1417 2312 1578 2354 natalis
1601 2314 1692 2354 Do-

65 2395 189 2448 mini,
210 2396 418 2451 paschae,
436 2399 738 2449 pentecostes,
756 2383 1048 2442 ascensionis,
1071 2389 1322 2442 Trinitatis,
1343 2388 1542 2444 corporis
1561 2388 1693 2431 Chri-

7 2484 29 2524 ⁸
68 2472 140 2524 sti,
172 2471 372 2514 omnium
399 2476 676 2520 sanctorum,
703 2466 1086 2519 annunciationis,
1114 2465 1438 2521 assumptionis
1462 2467 1512 2507 Β.
1546 2464 1693 2520 Virgi-

67 2548 154 2601 nis,
191 2555 450 2591 sanctorum
484 2545 608 2589 Petri
641 2551 686 2588 et
720 2543 866 2595 Pauli,
898 2557 988 2585 non
1023 2550 1038 2568 0
1066 2543 1211 2585 solum
1245 2556 1334 2584 vno
1372 2548 1415 2585 et
1446 2542 1585 2583 altero
1624 2541 1696 2584 die

20 2650 29 2686 g
69 2624 233 2681 poterit
259 2623 351 2679 legi
379 2621 547 2677 aliquid
570 2635 650 2676 pro
682 2619 943 2663 celebritate
972 2619 1091 2671 festi,
1118 2620 1197 2662 sed
1230 2618 1364 2662 etiam
1393 2617 1616 2672 pluribus,
1642 2631 1696 2658 ex

72 2701 295 2744 sententia
333 2699 404 2744 2¹0
434 2706 478 2742 et
508 2697 693 2741 arbitrio
725 2695 986 2752 superioris,
1021 2696 1400 2750 quemadmodum
1440 2700 1484 2736 et
1523 2693 1697 2736 hebdo-

22 2808 25 2813 ‹
72 2779 202 2821 made
225 2783 379 2820 sancta
403 2782 536 2819 erunt
565 2774 784 2829 legendae
812 2772 1034 2816 homeliae
1058 2773 1128 2814 vel
1161 2779 1380 2813 tractatus
1403 2771 1457 2811 de
1492 2768 1699 2824 passione

14 2856 21 2902 “,
74 2853 272 2906 Domini,
296 2853 387 2895 imo
408 2865 516 2894 vero
539 2850 673 2893 etiam
697 2864 722 2891 a
744 2848 968 2891 dominica
992 2848 1035 2889 in
1059 2838 1286 2904 passione.

147 3030 164 3046 a
213 3019 299 3053 Hoc
317 3018 427 3052 verb.
449 3014 642 3062 posterius
660 3012 848 3048 additum.
902 3014 967 3039 —b
994 3011 1071 3046 Sic.
1123 3020 1186 3037 -c
1213 3013 1247 3045 et
1274 3004 1349 3044 hon
1373 3021 1441 3043 ms.

256 3082 369 3110 Emsr.
389 3081 426 3109 P.
449 3079 585 3114 NADAL,
602 3084 677 3105 τοΜ.
699 3076 763 3104 IV.
1485 3072 1521 3100 30
