2028 3426
369 219 438 263 526
843 219 997 253 PATms
1024 217 1266 252 HmRoNYMi
1293 216 1443 251 NADAL

322 319 600 375 superiorem
630 320 693 362 illi
723 318 978 363 confessuri
1009 317 1263 368 mittantur,
1293 316 1379 359 etsi
1411 330 1544 360 casus
1574 330 1671 359 non·
1693 324 1846 360 essent
1883 329 1957 359 re·
1983 299 2013 356 il

323 397 493 439 seruati
517 399 546 442 ¹.
1989 387 2013 452 ἶ,

411 475 575 517 Nullus
597 488 622 516 e
646 473 810 516 nostris
834 471 1121 515 confessariis
1145 470 1337 527 accipiat
1354 469 1570 526 pecunias
1594 471 1665 514 vel
1683 469 1805 512 aliud
1824 469 1957 525 quip-
1994 515 2013 531 Ι

322 551 438 606 piam
461 552 517 594 ad
540 550 875 594 restitutionem
902 548 1153 591 faciendam
1183 548 1254 591 vel
1283 546 1771 603 aliam-obligationem
1793 546 1958 589 dissol-
1993 578 2014 586 .,

323 629 536 679 uendam,
563 628 635 670 vel
657 632 730 672 441
756 627 1094 680 eleemosynam
1111 625 1406 680 erogandam,
1426 623 1512 666 nisi
1535 638 1560 666 a
1578 623 1810 679 superiore
1833 624 1891 666 ad
1914 623 1959 665 id
1986 606 2014 631 ³³

324 706 487 748 habeat
510 704 788 754 facultatem,
815 703 975 745 saltem
999 702 1275 758 generalem;
1308 707 1353 743 et
1378 709 1486 743 tunc
1509 700 1691 755 quidem
1722 714 1813 743 non
1836 699 1958 743 acci-
2012 691 2015 712 ²

322 780 429 836 piet,
472 781 556 823 nisi
595 781 670 822 vbi
709 778 901 822 audierit
940 792 1031 821 non
1070 792 1202 833 posse
1241 792 1320 834 per
1358 777 1495 820 alium
1526 777 1600 819 illa
1633 776 1728 820 fieri
1754 784 1877 820 certe
1913 784 1959 820 et

324 872 498 909 secure;
526 858 650 899 nullo
673 870 782 899 vero
821 863 955 912 pacto
992 855 1232 911 accipiant,
1274 854 1359 897 nisi
1398 853 1553 897 habita
1591 853 1772 898 licentia
1788 860 1842 896 vt
1864 868 1959 898 rem
1994 854 2002 887 ’-

327 934 500 990 possint
522 949 625 977 cum
665 933 899 989 superiore
939 932 1292 984 communicare,
1335 931 1470 975 tacita
1507 945 1699 987 persona
1725 938 1771 973 et
1801 945 1955 974 causa.
1996 976 1998 981 ,

328 1012 525 1066 Quando
548 1025 654 1053 vero
673 1010 953 1066 acceperint,
979 1023 1052 1052 res
1073 1016 1142 1052 est
1159 1016 1388 1064 comperta
1413 1023 1502 1050 non
1524 1023 1656 1064 posse
1673 1008 1748 1051 illa
1763 1007 1808 1050 in
1830 1022 1960 1051 vsum

329 1087 464 1130 alium
484 1087 693 1143 expendi,
720 1101 856 1142 quam
879 1087 924 1129 in
951 1085 1296 1142 praescriptum.
1995 1069 1998 1075 Δ

1003 1219 1065 1248 DE
1098 1218 1291 1248 LITERIS

420 1318 610 1368 Interas,
652 1332 769 1373 quae
807 1333 832 1360 a
869 1317 1179 1360 commissario
1218 1316 1350 1359 alicui
1389 1316 1647 1368 mittuntur,
1680 1331 1814 1359 nemo
1847 1316 1961 1359 alius

334 1395 507 1451 aperire
530 1394 710 1450 poterit,
737 1394 823 1437 nisi
847 1393 1197 1437 commissarius.

419 1473 548 1527 Quas
570 1471 707 1514 mittit
731 1471 1022 1527 prouincialis
1045 1470 1177 1513 alicui
1216 1470 1262 1512 in
1286 1485 1368 1513 sua
1396 1470 1646 1526 prouincia,
1686 1484 1821 1514 nemo
1844 1470 1959 1514 alius
1996 1482 1998 1486 ’

329 1549 503 1605 aperire
526 1549 706 1604 poterit,
733 1548 817 1590 nisi
835 1547 1186 1590 commissarius.

415 1627 544 1681 Quas
565 1640 674 1669 vero
698 1624 834 1668 mittit
863 1624 1105 1680 generalis,
1147 1638 1279 1667 nemo
1303 1624 1476 1680 aperire
1509 1632 1674 1680 potest,
1708 1623 1792 1666 nisi
1824 1623 1877 1676 is,
1904 1625 1960 1666 ad

328 1717 461 1757 quem
487 1702 745 1745 mittuntur.

417 1779 605 1830 Literas‚
650 1793 762 1834 quas
788 1779 972 1822 mittunt
994 1779 1277 1821 consultores
1303 1779 1375 1822 uel
1404 1779 1684 1822 collaterales
1714 1793 1770 1821 ex
1793 1777 1957 1832 officio,

329 1871 461 1899 nemo
485 1856 658 1912 aperire
680 1861 769 1902 442
793 1856 972 1912 poterit,
1005 1855 1090 1897 nisi
1118 1855 1172 1907 is,
1205 1856 1260 1897 ad
1290 1870 1423 1910 quern
1462 1855 1724 1898 scribuntur
1748 1856 1821 1899 uel
1844 1835 1981 1898 illius'

327 1933 553 1988 superior.

417 2010 465 2053 Si
490 2009 646 2053 literae
685 2009 986 2064 aperirentur,
1029 2024 1054 2051 a
1077 2023 1167 2064 quo
1206 2023 1295 2051 non
1335 2010 1518 2061 debent,
1561 2008 1865 2065 incogitanter
1889 2009 1961 2052 uel
1997 2013 2002 2019 '

329 2087 608 2139 ignoranter,
636 2101 692 2129 ne
717 2087 928 2142 legantur
945 2085 1145 2137 omnino;
1168 2086 1247 2130 sed
1267 2086 1385 2129 bona
1402 2087 1492 2130 fide
1516 2100 1694 2128 rursum
1714 2086 1960 2142 obsignen-

330 2172 401 2205 tur
424 2171 467 2206 et
498 2163 704 2206 modeste
742 2163 1027 2218 significetur
1065 2178 1155 2204 non
1179 2177 1278 2206 esse
1316 2164 1470 2215 lectas;
1513 2177 1590 2219 per
1629 2177 1828 2207 errorem
1860 2178 1959 2207 esse

327 2247 521 2295 apertas.
1642 2297 1646 2301 .

420 2317 597 2360 Literae
619 2316 812 2367 indicae,
839 2330 955 2370 quae
978 2331 1136 2360 recens
1159 2317 1444 2369 adferuntur,
1465 2318 1678 2373 legentur
1701 2317 1745 2359 in
1765 2332 1960 2373 congre-

329 2393 511 2446 gatione
535 2393 737 2435 omnium
764 2394 948 2435 Patrum
972 2407 1023 2435 ac
1048 2394 1252 2446 fratrum3
1280 2408 1395 2449 quae
1418 2408 1526 2438 vero
1549 2394 1730 2437 aliunde
1749 2395 1961 2439 adferun-
1990 2383 1993 2385 ⁵

332 2479 402 2512 tur
424 2479 664 2514 semestres
687 2478 704 2494 ³
727 2471 798 2512 vel
821 2484 1000 2514 annuae
1032 2469 1049 2493 b
1079 2472 1288 2526 legantur
1317 2471 1362 2513 in
1393 2471 1534 2527 prima
1562 2480 1607 2513 et
1640 2469 1707 2513 ΖΡ
1737 2486 1909 2523 mensa,
1937 2486 1962 2514 a

330 2548 495 2602 quibus
517 2547 634 2602 siqui
658 2546 822 2597 absint,
849 2546 944 2588 dari
967 2547 1033 2589 eis
1056 2546 1211 2591 literae
1236 2557 1425 2603 possunt
1448 2556 1496 2590 vt
1519 2549 1692 2603 legant.

368 2668 370 2671 ,
419 2625 597 2668 Literae
621 2632 768 2673 tamen
793 2626 878 2665 hae
902 2630 933 2674 0,
956 2638 1071 2678 quae
1094 2625 1150 2666 ad
1174 2624 1308 2667 animi
1332 2624 1611 2679 spiritualem
1635 2625 1959 2668 recreationem

332 2701 520 2753 faciunt,
545 2700 680 2744 etiam
711 2715 826 2755 quae
849 2699 866 2723 ‘¹
905 2700 1086 2744 aliunde
1110 2700 1369 2754 mittuntur,
1392 2716 1480 2744 non
1506 2701 1628 2757 prius
1646 2710 1752 2744 sunt
1782 2702 1961 2758 publice

402 2851 417 2864 ιι
444 2842 629 2872 semestre
646 2849 716 2872 ms.
770 2857 800 2862 -
818 2839 835 2863 b
864 2837 970 2871 Haec
989 2835 1010 2870 3
1031 2838 1150 2871 verba
1168 2836 1298 2872 addita
1318 2837 1355 2872 in
1376 2849 1496 2883 marg.
1513 2839 1586 2873 alia
1607 2850 1733 2875 manu,
1794 2849 1850 2866 —C
1878 2839 1962 2874 Hoc

333 2898 441 2932 verb.
463 2896 656 2942 posterius
676 2895 864 2930 additum.
920 2896 983 2922 —d
1011 2895 1120 2930 Haec
1140 2905 1159 2929 2
1181 2897 1298 2931 verba
1319 2896 1449 2931 addita
1470 2897 1675 2942 posterius.

407 3024 412 3041 ¹
468 3020 566 3055 Vide
585 3019 856 3055 annotationes
872 3019 1164 3066 praecedentes,
