2028 3426
301 214 370 248 622
774 213 929 248 PATms
957 213 1201 248 HissRONYm
1228 212 1379 248 NADAL

346 315 497 358 Fateri
520 315 701 372 culpam
726 329 781 357 ex
804 321 1044 370 suggestu.

349 394 405 435 Et
432 393 632 447 quidem,
658 392 737 435 ubi
761 391 989 447 generalis
1012 390 1180 435 residet
1203 392 1388 443 Romae,
1415 406 1586 447 paucae
1619 399 1726 435 sunt
1754 392 1895 434 intro-

254 471 422 513 ductae
440 468 815 521 consuetudines,
837 483 940 511 nam
961 469 1258 511 uehementer
1275 476 1320 511 et
1340 471 1390 511 P.
1413 468 1619 524 Ignatius
1636 476 1682 513 et
1701 471 1752 512 P.
1775 469 1895 524 Lay-

258 562 344 591 nez
367 554 592 591 cauerunt
621 560 771 600 nequa
810 545 1095 588 consuetudo
1123 544 1490 590 introduceretur
1523 547 1597 588 uel
1635 545 1763 600 ritus,
1789 545 1897 602 ipsis

258 624 546 667 inconsultis.
574 625 744 666 Tamen
771 637 887 677 quae
912 622 1098 665 fuerunt
1120 622 1406 666 introductae
1427 623 1799 675 consuetudines,
1831 623 1896 665 vi-

262 709 399 744 uente
440 702 490 743 P.
531 700 729 755 Ignatio,
771 699 873 743 illae
910 706 1103 755 possunt
1140 701 1308 743 habere
1349 700 1439 742 uim
1479 700 1748 752 traditionis3
1781 715 1896 755 quae

264 778 455 821 aliorum
481 777 761 833 generalium
789 784 1007 832 tempore,
1034 791 1115 820 eae
1131 787 1264 833 erunt
1283 777 1508 833 simplices
1525 777 1893 821 consuetudines.

348 857 410 899 Ut
433 854 627 910 singulis
650 854 812 898 diebus
841 854 1073 897 celebrent
1102 869 1259 897 omnes
1297 856 1572 906 sacerdoteS,
1597 854 1732 898 etiam
1766 854 1803 897 si
1841 869 1896 898 ex

258 932 585 976 constitutione
609 946 698 974 non
724 931 967 974 uideantur
989 931 1197 988 obligari.

350 1012 410 1054 Ut
433 1009 477 1051 in
501 1009 663 1052 diebus
687 1008 814 1052 festis
836 1008 1172 1052 solennioribus
1196 1009 1356 1052 fratres
1378 1008 1736 1062 communicent,
1762 1009 1896 1052 etiam

261 1087 297 1130 si
333 1086 615 1141 frequentius
644 1100 778 1141 quam
808 1092 973 1128 octauo
1003 1100 1184 1141 quoque
1222 1085 1294 1128 die
1334 1085 1543 1130 uideatur
1576 1086 1620 1128 id
1642 1082 1898 1142 'prohibere

258 1162 539 1206 constitutio.

355 1239 546 1283 Obtinet
576 1240 862 1283 consuetudo
893 1247 942 1281 ut
972 1241 1020 1281 8Ο
1044 1254 1226 1294 quoque
1249 1239 1322 1283 die
1345 1241 1429 1283 fiat·
1446 1241 1502 1283 de
1526 1241 1660 1284 rebus
1688 1240 1896 1296 spiritua-

260 1318 378 1359 libus
408 1316 676 1367 exhortatio,
705 1316 881 1360 tametsi
911 1331 1002 1359 non
1040 1317 1098 1359 sit
1126 1331 1364 1360 necessum
1403 1332 1459 1361 ex
1496 1317 1898 1360 constitutionibus

260 1394 344 1436 nisi
375 1394 448 1448 15⁰
472 1408 654 1449 quoque
677 1393 766 1438 die.

353 1472 402 1512 In
431 1471 642 1513 domibus
672 1470 948 1513 nouitiorum
978 1470 1193 1514 statuitur
1222 1472 1454 1514 habendas
1482 1471 1820 1515 exhortationes
1849 1472 1898 1514 8ο

263 1548 335 1591 uel
372 1547 444 1602 15⁰
475 1562 656 1603 quoque
686 1547 774 1600 die3
817 1537 928 1590 usus
967 1556 1118 1591 tamen
1149 1549 1285 1591 habet
1317 1556 1367 1590 ut
1406 1548 1454 1590 8⁰
1486 1562 1669 1603 quoque
1696 1547 1769 1591 die
1807 1563 1896 1591 non

262 1625 531 1668 omittantur
552 1625 598 1667 in
622 1625 829 1681 collegiis
852 1634 883 1667 a.

352 1704 413 1746 Ut
437 1710 751 1758 proponantur
780 1710 825 1746 et
863 1703 974 1746 fiant
1007 1702 1398 1755 mortificationes,
1431 1717 1522 1758 quo
1553 1711 1754 1759 tempore
1782 1703 1899 1746 fiunt

263 1780 526 1823 uacationes
556 1779 827 1831 studiorum,
861 1778 1126 1835 praesertim
1166 1779 1267 1822 illae
1297 1780 1488 1824 maiores
1520 1779 1681 1823 diebus
1711 1779 1897 1823 canicu-

263 1857 448 1901 laribus

352 1934 652 1977 Consuetudo
676 1942 723 1976 ut
759 1935 1008 1978 habeamus
1031 1934 1334 1986 coadiutores,
1361 1934 1437 1989 qui
1466 1950 1519 1978 ea
1548 1935 1713 1977 obeant
1741 1949 1894 1990 opera,

260 2025 379 2064 quae
412 2012 673 2054 sacerdotes
707 2026 798 2053 non
827 2019 978 2054 essent
1012 2011 1195 2063 obituri,
1228 2026 1346 2066 quae
1375 2011 1420 2053 in
1450 2026 1620 2067 genere
1649 2019 1757 2054 sunt
1785 2011 1899 2054 fabri

264 2087 443 2143 lignarii
473 2096 517 2130 et
553 2088 744 2141 ferrarii,
780 2088 934 2131 latonii
968 2088 1001 2140 ¹‘,
1037 2088 1249 2144 pictores,
1285 2089 1554 2144 sculptores,
1588 2096 1841 2131 tornatores
1863 2095 1895 2140 ⁰,

262 2164 470 2219 pistoreS,
496 2172 582 2207 etc.

353 2242 454 2283 Non
480 2250 669 2285 cauetur
693 2242 1036 2294 constitutione,
1063 2250 1113 2284 ut
1136 2256 1226 2284 non
1251 2241 1494 2298 recipiatur
1517 2243 1574 2284 ad
1603 2242 1895 2294 Societatem,

263 2318 356 2372 qui,
379 2326 511 2360 natus
536 2331 590 2372 23
614 2333 774 2370 annos,
797 2333 886 2361 non
906 2321 1044 2362 habet
1067 2318 1335 2375 principium
1361 2317 1627 2362 eruditionis
1650 2318 1897 2371 literarum3

261 2402 306 2437 et
330 2396 512 2450 quando
545 2409 568 2448 3
601 2395 750 2450 capite
773 2396 941 2440 declar.
968 2409 994 2449 4
1026 2403 1140 2451 part.
1174 2395 1388 2439 statuitur
1410 2397 1466 2439 de
1495 2395 1694 2438 externis
1723 2396 1901 2438 schola—

263 2471 403 2524 sticis,
431 2472 506 2526 qui
532 2472 575 2514 in
605 2472 799 2528 collegia
830 2480 982 2515 nostra
1013 2472 1155 2528 accipi
1181 2480 1386 2528 possunt,
1413 2473 1762 2529 interpretamur
1791 2486 1899 2515 con-

265 2557 438 2592 stanter
462 2550 516 2591 de
541 2549 710 2592 nostris
732 2549 882 2592 etiam.

353 2622 722 2680 Quaedicuntur
746 2639 773 2678 4
797 2640 895 2681 cap.
919 2635 982 2678 4³⁴⁰
1008 2641 1103 2681 par.
1125 2609 1505 2669 constitutionum
1524 2627 1580 2669 de
1604 2626 1902 2669 renouatione

266 2710 490 2754 uotorum,
516 2703 572 2746 de
595 2703 702 2745 solis
728 2703 1013 2745 scholasticis
1036 2703 1267 2750 dicuntur;
1295 2712 1339 2746 et
1366 2711 1517 2747 tamen
1541 2718 1594 2747 ea
1627 2717 1901 2759 usurpamus

264 2793 344 2832 pro
369 2779 594 2830 omnibus,
617 2779 692 2834 qui
712 2779 901 2834 professi
928 2787 1146 2821 non'sunt
1172 2779 1244 2822 uel
1267 2779 1557 2839 coadiutores
1584 2779 1779 2824 formati.

354 2857 591 2900 Hactenus
614 2857 671 2900 de
694 2856 1120 2899 consuetudinibus.

335 3033 349 3046 2¹
396 3022 502 3056 Haec
520 3023 781 3068 paragraphus
796 3021 1002 3057 obliterata
1018 3027 1090 3057 est.
1132 3041 1165 3047 —
1181 3023 1197 3048 ¹>
1218 3021 1295 3064 Sic:
1314 3020 1478 3056 latomi?
1516 3031 1579 3048 —c
1598 3023 1812 3066 tornitores
1828 3032 1898 3056 ms.
