2028 3426
722 214 1064 249 SUPPLEMENTUM
1073 223 1157 258 -25
1637 212 1702 247 821

122 316 270 357 malus
292 317 426 356 homo
451 322 599 369 potest
621 314 736 357 scire
759 314 986 366 veritates;
1026 329 1113 356 non
1138 323 1287 358 tamen
1321 329 1436 369 quae
1465 314 1526 356 illi
1559 314 1748 369 prosint,

127 391 211 433 nisi
231 392 366 434 corde
383 390 637 446 intelligant
659 398 708 432 vt
730 400 946 434 sanentur
968 399 1013 434 et
1030 392 1181 434 lumen
1205 391 1402 434 videant.

215 469 347 522 Quae
369 467 548 509 illorum
572 467 832 509 auctoritas:
859 467 960 523 quis
984 468 1173 510 fructus.

213 545 328 599 Quis
350 551 418 587 est
440 543 515 599 qui
538 543 692 586 scribit
709 545 927 587 aduersus
943 559 1010 596 ea,
1038 545 1131 600 qui,
1151 545 1187 587 si
1205 544 1314 586 nihil
1335 545 1454 586 aliud
1472 553 1594 588 certe
1611 559 1747 599 quam

128 620 311 676 spiritus
334 628 455 672 sunt,
483 635 559 675 per
581 620 882 676 ignorantiam
909 629 953 665 et
976 629 993 646 a
1016 623 1042 664 2
1064 621 1201 664 animi
1218 621 1514 665 offensionem
1533 622 1605 665 vel
1623 636 1752 664 auer-

125 697 296 741 sionem
318 703 474 751 φωρ-ιὼς
502 696 520 722 b
543 697 785 751 examinat,
819 713 1051 742 censorem
1081 714 1129 742 se
1158 699 1317 754 probet
1339 706 1355 724 0
1388 699 1750 741 doctissimorum

125 782 260 829 atque
284 774 739 829 praeclarissimorum
767 775 980 826 virorum,
998 775 1074 829 qui
1091 775 1265 830 experti
1283 782 1388 817 sunt
1406 775 1635 826 exercitia,
1656 791 1752 818 ma-

125 850 253 906 gistri
281 850 395 892 sacri
433 850 600 905 palatii,
641 851 794 893 vicarii
817 851 978 893 summi
1018 852 1257 906 pontificis,
1299 852 1555 903 cardinalis,
1588 867 1746 907 papae,

124 928 358 978 ecclesiae,
385 936 428 971 et
466 928 511 969 in
534 943 580 970 re
619 928 721 970 fidei
745 936 789 971 et
819 943 991 971 morum
1021 929 1106 970 illis
1135 929 1345 985 impingit
1367 943 1581 972 errorem:
1609 930 1746 983 quod,

127 1005 163 1047 si
185 1019 275 1046 non
299 1012 367 1048 est
389 1004 682 1055 haereticum,
716 1005 821 1059 quid
845 1007 934 1048 est?
964 1006 1263 1048 Conferamus
1296 1005 1395 1048 illos
1425 1020 1529 1048 cum
1553 1005 1750 1048 auctori-

127 1089 234 1133 tate,
270 1081 370 1124 dein
405 1081 612 1137 singulos
634 1081 730 1124 sine
754 1082 828 1124 illa
852 1089 1021 1125 tecum.
1045 1084 1101 1124 Et
1130 1082 1309 1137 quidem
1340 1082 1375 1124 si
1407 1082 1468 1126 ita
1498 1090 1751 1125 statuamus

126 1158 230 1201 hinc
254 1173 366 1214 quos
388 1158 480 1200 dixi
504 1158 705 1213 priuatos
729 1160 932 1201 homines
955 1159 1052 1200 sine
1080 1159 1322 1214 dignitate,
1355 1159 1450 1202 sine
1473 1159 1650 1211 litteris,
1684 1168 1751 1203 ta—

125 1249 227 1277 men
259 1242 306 1277 tu
330 1234 425 1290 ipse
447 1235 623 1276 illorum
647 1235 769 1278 cedis
792 1235 1063 1278 auctoritati.
1106 1238 1168 1279 At
1193 1250 1369 1279 mecum
1401 1237 1550 1291 plures
1584 1237 1745 1279 habeo.

125 1312 231 1356 Scio
255 1326 393 1354 vnum
417 1321 494 1353 aut
531 1313 737 1354 alterurn:
764 1320 861 1355 esto
899 1325 964 1364 1‹›;
998 1327 1100 1367 age,
1137 1323 1206 1366 503
1240 1327 1341 1368 age,
1384 1326 1478 1355 loo.
1508 1314 1609 1355 Non
1640 1313 1752 1356 tanti

126 1396 196 1432 est
218 1388 449 1436 momenti,
475 1395 561 1430 etc.

216 1466 305 1509 Sed
328 1465 561 1507 videamus
585 1479 674 1519 quo
697 1465 845 1507 animo
874 1473 996 1521 agat:
1031 1480 1355 1520 componamus
1378 1466 1496 1508 illius
1524 1466 1751 1510 hominem

127 1543 369 1586 internum:
397 1542 569 1584 accedit
600 1543 655 1584 ad
681 1543 894 1601 exercitia
917 1542 1202 1594 excutienda,
1234 1542 1490 1594 iudicanda,
1522 1550 1568 1585 et
1597 1544 1753 1586 tradu-

126 1621 269 1663 cenda
292 1620 411 1674 apud
436 1619 789 1661 illustrissimum
812 1618 847 1663 d.
870 1619 1204 1662 Auctoritatem
1225 1619 1405 1673 quidem
1428 1627 1444 1644 e
1463 1620 1599 1663 habet
1616 1621 1751 1675 legit—

130 1696 280 1738 timam
306 1696 491 1747 nullam,
519 1699 649 1738 acne
673 1697 842 1739 habere
865 1695 1046 1750 quidem
1070 1704 1234 1751 potest,
1262 1703 1307 1737 vt
1330 1697 1386 1738 de
1405 1710 1452 1738 re
1469 1697 1574 1739 fidei
1591 1705 1637 1740 et
1654 1711 1753 1739 mo-

128 1788 243 1823 rum,
285 1787 362 1828 per
400 1773 552 1815 sedem
592 1772 880 1827 apostolicam
919 1772 1139 1828 legittime
1177 1773 1508 1824 confirmatam,
1551 1757 1749 1825 censeat3

125 1850 291 1892 nullam
317 1850 455 1892 habet
478 1850 504 1891 3
534 1849 846 1892 auctoritatem
887 1849 1080 1904 publice,
1108 1851 1186 1892 secl
1216 1849 1349 1892 'zelus
1387 1850 1549 1892 domus
1572 1850 1752 1892 Domini

117 1926 316 1968 rcomedit
339 1925 461 1967 illum
487 1926 639 1969 credo:
667 1933 763 1969 esto
786 1926 982 1980 quidem,
1010 1926 1089 1969 sed
1113 1926 1214 1969 vide
1238 1941 1296 1968 an
1319 1927 1569 1969 secundum
1603 1926 1752 1970 scien-

120 2003 229 2045 tiam
253 2010 297 2044 et
321 2002 469 2057 potius
493 2003 547 2045 ad
585 2003 860 2045 illuminatos
890 2005 896 2024 ¹
925 2010 972 2044 tu
997 1996 1219 2056 accedas,
1238 2018 1341 2045 nam
1371 2004 1466 2045 solo
1490 2004 1588 2046 zelo
1611 2005 1753 2046 duce·

125 2079 199 2131 ris,
227 2079 405 2122 reiectis
428 2094 543 2133 quae
574 2078 652 2121 tibi
689 2087 817 2121 erant
848 2079 996 2122 omnia
1020 2079 1143 2134 prius
1182 2081 1376 2135 agenda:
1403 2079 1503 2134 quis
1526 2079 1583 2121 sit
1617 2081 1752 2135 Igna-

125 2155 228 2208 tius3
255 2156 631 2210 quemadmodum
655 2155 966 2211 intelligantur
995 2156 1224 2208 exercitia3
1258 2157 1510 2199 monendus
1540 2164 1588 2198 vt
1619 2157 1754 2199 frater

122 2232 330 2287 primum3
357 2231 519 2275 deinde
543 2232 783 2274 adhibendi
803 2240 956 2283 testes3
979 2232 1141 2275 deinde
1161 2233 1404 2274 videndum
1432 2240 1650 2286 quantam
1668 2247 1751 2274 au-

119 2308 376 2350 ctoritatem
406 2309 598 2350 habeant
637 2309 864 2360 exercitia;
892 2323 1027 2363 quem
1065 2323 1321 2364 oppugnas.
1368 2311 1506 2351 Putas
1542 2316 1591 2350 tu
1615 2310 1752 2365 Igna—

124 2384 257 2435 tium,
294 2395 337 2428 et
379 2399 538 2440 papam
577 2399 814 2440 oppugnas
855 2385 931 2442 [et]
956 2373 1284 2440 “obsignatores
1322 2384 1668 2436 exercitiorum,
1709 2393 1754 2428 et

121 2462 310 2503 damnas
332 2463 569 2504 haereseos
592 2460 614 2502 f.
651 2461 768 2504 Dein
806 2476 895 2504 non
926 2469 1016 2504 tam
1046 2461 1175 2505 facile
1203 2459 1429 2518 [debuisti]
1457 2461 1752 2516 pronuntiare

122 2537 395 2581 haereticam
417 2538 784 2593 propositionem;
812 2553 900 2594 qua
921 2538 968 2580 in
990 2553 1039 2582 re
1062 2537 1098 2580 si
1122 2552 1260 2590 erres,
1295 2546 1338 2582 te
1360 2538 1524 2593 probas
1553 2537 1753 2580 haereti-

193 2684 210 2700 a
236 2676 325 2708 etet
346 2685 415 2708 ms.
490 2674 545 2701 -b
572 2672 650 2707 Sic.
716 2683 777 2699 —c
806 2673 882 2707 Sic.
950 2675 1015 2700 —d
1042 2674 1133 2708 illan
1174 2685 1243 2708 ms.
1329 2683 1371 2700 -e
1398 2673 1561 2719 quidam
1584 2685 1654 2708 ms.
1706 2692 1753 2699 —

127 2733 139 2758 f
161 2739 181 2775 5
201 2733 320 2767 verba
338 2732 611 2778 praecedentia
631 2732 669 2766 in
689 2743 813 2777 marg.
838 2732 969 2767 addita
988 2744 1009 2766 a
1027 2733 1117 2767 Nat.

199 2833 207 2852 ¹
261 2833 492 2867 Illum'inati
509 2832 740 2867 dicebantur
764 2832 950 2868 haeretici
969 2832 1141 2879 quidam,
1159 2833 1440 2879 gnosticorum,
1459 2833 1653 2878 Molinosi,
1681 2833 1755 2867 Lu·

123 2890 239 2935 theri,
258 2891 499 2938 aliorumque
518 2892 801 2926 haereticorum
832 2892 1027 2927 erroribus
1047 2898 1086 2926 et
1118 2892 1223 2927 vitiis
1256 2892 1405 2936 infecti,
1438 2892 1487 2927 de
1505 2892 1647 2938 quibus
1667 2891 1752 2926 fuse

120 2949 281 2985 disserit
299 2951 536 2985 MENENDEZ
557 2960 608 2985 ET
628 2951 811 2995 PELAYO,
834 2950 1018 2985 Historia
1036 2952 1082 2986 de
1101 2952 1157 2985 los
1182 2952 1434 2986 heterodoxos
1458 2951 1676 2996 εςραῆοῖεε,
1701 2951 1753 2996 II,

125 3017 193 3052 521
217 3015 255 3043 et
275 3020 382 3055 seqq.
