2028 3426
333 213 403 248 720
807 201 960 237 PA‘rms
987 201 1231 236 HIERONYffl
1259 200 1411 236 NADAL

287 306 375 348 die:
401 304 477 360 qui
502 312 571 349 est
592 311 737 348 status
756 301 1149 346 scholasticorum.
1175 301 1353 345 Deinde
1377 317 1469 345 non
1499 301 1586 344 iarn
1617 309 1665 344 vt
1693 301 1738 344 in
1764 303 1927 358 proba·

289 383 473 434 tionem,
505 382 585 425 sed
614 381 689 436 qui
724 388 876 424 essent
907 380 994 422 iarn
1025 379 1203 435 probati
1234 386 1279 422 et
1311 378 1582 431 confirmati,
1609 379 1852 422 mittuntur
1882 379 1927 421 in

286 459 546 502 vniuersum
581 460 754 509 orbem,
795 456 1096 513 praedicaturi
1128 456 1249 499 omni
1283 463 1533 509 creaturae;
1571 455 1648 511 qui
1681 462 1750 499 est
1782 463 1928 498 status

286 537 594 592 professorum
619 544 664 580 et
686 535 999 578 coadiutorum
1018 542 1035 559 ³
1057 533 1374 589 spiritualium:
1397 548 1500 577 nam
1519 533 1565 575 hi
1588 540 1928 589 repraesentant

285 613 530 670 discipulos
551 621 596 656 et
619 614 840 668 parochos
862 610 896 663 ¹³,
923 611 1088 666 quibus
1111 610 1325 655 ecclesias
1347 612 1557 654 deserere
1578 609 1701 663 licet3
1727 608 1791 652 illi
1813 624 1898 666 apo
1916 636 1923 640 -

286 678 432 734 stolos⁴
447 698 491 733 et
514 690 765 746 episcopos
791 693 860 734 301
887 688 1053 744 quibus
1076 702 1166 730 non
1190 687 1372 740 licebat,
1394 701 1476 730 nec
1500 687 1622 731 licet.
1650 688 1717 729 Ita
1739 686 1927 730 coadiu-

284 775 408 811 tores
430 768 597 810 habent
621 773 725 808 vota
748 764 983 820 simplicia:
1010 763 1199 820 professi
1222 763 1455 808 solemnia.
1482 762 1784 807 Coadiutores
1811 769 1926 806 tern-

285 845 461 899 porales
484 849 823 898 repraesentant
845 841 1077 894 diaconos,
1104 841 1180 896 qui
1205 840 1372 885 mensis
1395 840 1569 884 scilicet
1590 839 1926 891 ministrabant,

286 929 334 962 vt
356 920 545 976 apostoli
571 927 753 975 possent
775 926 791 944 0
813 918 1005 962 orationi
1028 926 1073 961 et
1096 917 1347 961 ministerio
1370 916 1496 961 verbi
1525 932 1625 961 esse
1653 916 1833 961 intenti.
1870 918 1925 959 Et

287 997 479 1053 primum
505 997 685 1052 quidem
708 996 893 1039 fuerunt
916 995 1062 1038 vocati
1087 995 1294 1051 apostoli,
1326 995 1490 1038 deinde
1518 993 1729 1050 discipuli
1754 1001 1798 1037 et
1831 995 1924 1037 dia-

285 1075 402 1127 coni3
443 1074 823 1128 quemadmodum
861 1073 907 1115 in
946 1072 1189 1124 Societate,
1232 1071 1357 1127 prius
1398 1071 1605 1127 professi,
1636 1071 1740 1115 dein
1780 1071 1921 1114 additi

284 1151 572 1194 coadiutores
595 1149 788 1206 Vtrique.

372 1230 445 1271 Ad
466 1228 705 1271 euitandas
728 1226 892 1272 mentis
914 1227 1197 1279 afflictiones,
1225 1225 1331 1269 vtile
1361 1233 1427 1268 est
1457 1225 1658 1281 quotidie
1682 1226 1800 1269 serio
1834 1226 1920 1270 sibi

286 1319 535 1360 proponere
553 1304 747 1359 aliquam
767 1303 995 1359 euangelii
1014 1310 1201 1359 partem,
1217 1302 1316 1347 siue
1333 1318 1389 1346 ex
1407 1302 1660 1359 euangeliis
1679 1302 1804 1359 ipsis,
1825 1303 1923 1346 siue

283 1396 338 1423 ex
356 1388 680 1432 monotessaro,
701 1381 771 1424 vel
791 1381 1029 1436 pandecta,
1050 1394 1184 1434 quarn
1205 1386 1376 1434 partem
1397 1378 1599 1433 quotidie
1617 1379 1922 1428 meditandam

282 1473 502 1510 assumas,
536 1465 581 1501 et
610 1457 791 1513 quidem
821 1457 976 1499 Vtilius
1004 1457 1041 1499 si
1069 1458 1124 1499 ab
1154 1455 1281 1498 initio
1309 1456 1353 1498 id
1384 1455 1538 1508 facias,
1571 1457 1705 1498 modo
1729 1457 1922 1500 selectas

282 1535 596 1579 meditationes
634 1536 801 1579 habeas
836 1542 963 1578 extra
1001 1533 1203 1576 ordinem
1244 1540 1446 1589 paratas,
1486 1533 1652 1589 quibus
1695 1541 1919 1589 oportune

283 1611 437 1655 vtaris:
464 1611 526 1655 ita
555 1613 633 1655 fiet
661 1622 709 1654 vt
737 1627 914 1667 semper
942 1612 1113 1655 habeas
1146 1617 1352 1665 paratum
1384 1609 1628 1666 refugium,
1661 1624 1751 1665 quo
1782 1610 1924 1655 iactes

284 1696 409 1730 tuum
431 1689 700 1745 cogitatum,
723 1688 797 1731 vbi
822 1688 912 1731 sint
935 1688 1150 1731 molestae
1174 1686 1529 1742 cogitationes...

370 1766 420 1808 In
443 1765 516 1808 die
538 1765 849 1822 conceptionis
871 1771 1189 1808 sacrosanctae
1214 1763 1404 1819 virginis
1429 1763 1600 1807 Mariae
1633 1764 1789 1807 matris
1818 1765 1919 1816 Dei,

280 1843 549 1898 prouenient
579 1843 659 1885 tibi
687 1843 730 1885 in
762 1842 982 1894 oratione,
1014 1850 1063 1884 vt
1092 1841 1214 1884 aliud
1243 1846 1329 1888 304
1354 1841 1479 1893 nihil,
1505 1841 1638 1884 etiam
1662 1841 1699 1884 si
1728 1842 1919 1894 coneris,

281 1920 424 1975 possis
439 1934 573 1974 quam
589 1934 725 1976 agere
740 1921 838 1963 Deo
853 1919 1023 1975 gratias
1038 1932 1118 1974 pro
1134 1917 1383 1969 beneficiis,
1404 1917 1538 1960 donis
1554 1925 1599 1960 et
1617 1917 1917 1970 excellentiis,

282 2011 394 2050 quas
421 1996 613 2039 contulit
642 1996 797 2039 diuina
826 1995 1025 2039 Trinitas
1053 1994 1098 2037 in
1129 1994 1369 2050 virginem,
1401 2004 1445 2039 et
1474 1994 1559 2039 erit
1587 1994 1698 2039 mire
1728 1995 1920 2039 fecunda

282 2081 386 2115 tuae
409 2073 574 2116 mentis
596 2073 852 2129 occupatio.

368 2150 483 2192 Curn
508 2150 577 2192 his
599 2150 925 2206 coniungetur,
952 2157 998 2191 vt
1022 2157 1123 2205 post
1147 2151 1311 2200 Deurn,
1333 2163 1469 2204 supra
1492 2162 1648 2191 omnes
1671 2156 1853 2192 sanctos
1873 2157 1919 2192 et

279 2227 484 2281 angelos,
510 2228 648 2269 solam
680 2226 903 2283 virginem
936 2225 1123 2270 Mariam
1157 2225 1360 2281 inuoces,
1397 2223 1526 2280 quasi
1560 2225 1656 2280 ipsa
1689 2234 1917 2281 praestare

276 2302 434 2358 possit,
475 2312 522 2344 vt
565 2311 726 2358 potest,
769 2303 970 2346 omnium
1008 2310 1268 2346 sanctorum
1302 2310 1346 2344 et
1386 2302 1657 2357 angelorum
1696 2302 1915 2345 interces-

278 2379 485 2424 siones...

366 2458 419 2500 P.
447 2457 668 2513 Ignatius,
696 2457 823 2512 quasi
847 2458 1058 2500 osculans
1080 2456 1292 2508 animam,
1318 2464 1362 2499 et
1386 2455 1445 2497 illi
1470 2471 1518 2499 se
1542 2456 1775 2498 insinuans
1805 2470 1914 2498 sua-

277 2532 396 2576 uiter
419 2541 465 2577 et
489 2533 784 2588 tranquille...
1607 2589 1612 2595 ³

361 2614 444 2655 307
468 2611 681 2654 Christus
703 2625 861 2654 recens
885 2618 1018 2654 natus
1039 2611 1232 2655 sentitur
1257 2609 1302 2652 in
1326 2611 1477 2662 corde,
1505 2610 1682 2666 replens
1711 2610 1906 2653 animam

273 2686 394 2729 omni
417 2687 697 2730 iucunditate
718 2695 763 2730 et
786 2703 864 2743 spe
887 2687 1151 2731 incrementi
1180 2687 1327 2730 omnis
1356 2686 1561 2731 iusticiae
1591 2694 1635 2730 et
1665 2687 1910 2743 perfectio-

275 2763 359 2804 nis:
386 2764 658 2808 benedictus
675 2766 865 2822 Jesus...

363 2840 450 2884 Per
474 2848 577 2883 vota
599 2841 867 2884 suauissime
890 2856 938 2885 se
963 2850 1106 2884 toturn
1134 2840 1282 2892 tradit,
1304 2840 1379 2895 qui
1405 2848 1558 2893 vouet,
1585 2841 1628 2883 in
1649 2841 1781 2886 fidem
1803 2841 1906 2894 Dei,

344 3017 359 3029 λ
411 3007 724 3050 quoadiutorum
747 3019 816 3042 ms.
871 3010 935 3035 —b
958 3008 1158 3055 parachos
1178 3019 1248 3042 ms.
1301 3015 1364 3035 -c
1387 3007 1638 3054 possinth.
