2028 3426
335 246 404 282 494
806 233 1229 271 PATR18⁸HOERONYM1
1254 234 1404 271 NADAL

289 337 557 382 defunctum
594 339 772 395 sepeliri
790 338 1098 398 contingeret,
1138 337 1274 381 etiam
1297 344 1550 381 externum.
1579 337 1757 381 Pulsari
1780 336 1916 382 etiam

289 416 419 467 solet,
445 429 584 471 quum
608 416 652 458 in
676 415 773 458 aliis
798 414 975 471 templis
997 415 1237 470 pulsantur
1257 422 1418 458 contra
1441 421 1752 472 tempestates,

376 493 561 535 Festum
607 492 806 549 corporis
842 490 1023 535 Christi*
1055 505 1146 534 non
1183 491 1328 534 solum
1367 491 1619 535 celebretur
1663 491 1708 534 in
1751 490 1919 535 nostris

292 568 501 629 [templis]
523 578 540 594 a
563 569 607 611 in
632 568 820 612 solemni
843 568 986 622 cultu,
1007 568 1087 612 sed
1107 568 1186 610 fiat
1208 567 1342 612 etiam
1361 568 1588 624 processio
1611 567 1823 612 solemnis
1846 567 1918 610 vel

240 639 242 642 ⁵
286 647 444 690 eodem
468 646 555 699 die,
584 647 653 689 vel
676 646 790 688 infra
815 645 893 690 8.ἶὶιΞ
917 644 1085 700 aliquo,
1112 658 1202 700 quo
1231 644 1455 688 videbitur
1483 646 1915 698 commodissimum,

286 737 379 766 non
401 724 537 779 longe
566 723 736 766 scilicet
766 738 791 765 a
813 721 1022 778 collegio,
1054 729 1099 764 et
1127 722 1259 765 simul
1287 722 1332 764 in
1361 737 1538 766 summo
1566 723 1693 767 altari
1723 739 1917 781 repona-

287 808 358 842 tur
381 800 561 855 publice
584 799 917 843 sanctissimum
940 803 1022 845 370
1044 806 1377 844 sacramentum
1402 814 1479 856 per
1503 807 1640 844 totam
1664 802 1917 848 hebdoma-

286 877 406 920 dam.
433 877 571 931 Quod
594 877 630 919 si
654 874 909 919 huiusmodi
933 877 1231 928 consuetudo,
1253 884 1301 918 vt
1318 876 1524 933 singulae
1546 878 1762 922 ecclesiae
1785 894 1914 924 suam

288 956 486 997 facerent
524 952 872 1009 processionem,
905 960 1116 1005 cessaret,
1151 953 1398 997 omittenda
1426 962 1544 997 esset
1573 969 1753 1011 quoque
1776 971 1802 999 a
1832 971 1915 1000 no-

286 1030 406 1075 stris.
431 1030 614 1073 Interim
637 1030 886 1072 curandum
911 1036 996 1083 est,
1016 1036 1065 1071 vt
1087 1029 1185 1072 aliis
1207 1036 1384 1073 constet
1407 1031 1494 1073 hoc
1517 1030 1663 1087 ipsum
1683 1047 1707 1075 a
1730 1033 1912 1086 nostris,

287 1108 438 1150 habita
463 1107 639 1150 ratione
661 1105 892 1162 temporis,
917 1113 1096 1163 praeter
1117 1105 1373 1149 institutum
1397 1114 1600 1150 nostrum
1623 1116 1780 1152 contra
1803 1111 1910 1155 hae-

284 1184 448 1228 reticos
471 1184 541 1240 pie
564 1198 616 1226 ac
639 1190 794 1227 sancte
818 1197 918 1228 esse
945 1190 1225 1239 vsurpatum.

374 1262 536 1303 Nullus
559 1277 583 1305 e
611 1259 776 1303 nostris
804 1274 945 1316 cappa
978 1260 1164 1303 indutus
1201 1260 1462 1317 egrediatur
1489 1262 1546 1304 ad
1576 1262 1717 1306 altare
1746 1263 1916 1307 oratio-

284 1353 386 1382 nem
404 1338 597 1393 aliquam
616 1337 822 1380 dicturus
839 1336 886 1379 in
902 1336 1103 1393 vesperis
1120 1336 1280 1380 diebus
1298 1337 1438 1382 festis.
1460 1339 1551 1383 Sed
1570 1353 1686 1382 Vnus
1704 1339 1749 1382 in
1772 1341 1916 1384 choro

284 1429 386 1457 cum
410 1414 735 1471 superpelliceo
756 1421 801 1456 et
829 1414 944 1457 stola
965 1414 1163 1470 praeerit
1182 1414 1348 1467 officio,
1373 1422 1421 1457 vt
1444 1416 1577 1460 solet.

375 1493 635 1546 Antequam
672 1491 883 1534 sacerdos
920 1490 1100 1533 missam
1138 1498 1403 1535 cantaturus
1441 1492 1497 1534 ad
1525 1507 1751 1536 summum
1775 1494 1913 1537 altare

283 1569 558 1624 egrediatur,
584 1567 746 1625 poterit
770 1567 978 1624 componi
1001 1567 1116 1610 calix
1139 1583 1275 1624 super
1297 1569 1437 1612 altare
1460 1570 1515 1612 ab
1545 1569 1647 1622 alio,
1676 1577 1913 1627 propterea

282 1646 403 1700 quod
431 1645 575 1701 poscit
603 1644 880 1697 solemnitas,
913 1651 960 1687 vt
988 1644 1140 1687 statim
1170 1644 1355 1702 incipiat
1392 1646 1722 1691 confessionem
1761 1662 1913 1693 sacer-

282 1723 363 1765 dos
389 1731 630 1778 antequam
655 1723 710 1764 ad
732 1722 873 1766 altare
895 1721 1100 1765 accedat.
1158 1779 1161 1782 Ι

372 1801 595 1843 Poterunt
620 1798 760 1842 nostri
788 1798 884 1854 ipsa
912 1798 1165 1844 dominicae
1194 1798 1446 1843 natiuitatis
1475 1808 1607 1843 nocte
1629 1801 1910 1846 sanctissima
1955 1798 1958 1800 V

282 1876 551 1918 matutinum
576 1876 620 1919 in
651 1875 841 1919 ecclesia
869 1889 1048 1928 canere,
1080 1883 1216 1930 atque
1255 1876 1406 1932 templi
1434 1877 1503 1919 sui
1533 1878 1707 1934 copiam
1745 1879 1910 1923 exteris

280 1954 450 2005 facere,
493 1953 637 1996 donec
674 1951 909 1995 matutinis
947 1952 1081 1995 fuerit
1125 1952 1227 1995 finis
1265 1952 1522 2009 impositus:
1563 1962 1721 2010 postea
1758 1963 1908 1999 tamen

275 2030 426 2072 claudi
466 2044 555 2072 non
579 2030 707 2072 solet.
735 2030 850 2072 Nam
880 2034 947 2075 371
986 2030 1131 2073 solent
1161 2029 1322 2072 missae
1350 2030 1565 2074 celebrari
1593 2039 1639 2076 et
1661 2032 1908 2077 confessio-

280 2121 359 2148 nes
382 2106 526 2149 audiri
550 2113 651 2161 post
673 2106 964 2150 decantatum
993 2105 1281 2149 matutinum.

369 2184 414 2224 In
445 2183 606 2225 missae
643 2182 946 2227 celebratione
983 2183 1138 2239 populi
1176 2182 1327 2239 potius
1364 2193 1431 2228 est
1455 2184 1585 2240 plane
1614 2185 1906 2231 seruiendum

280 2273 413 2313 quam
435 2258 642 2315 propriae
663 2258 909 2302 deuotioni.
938 2261 1092 2315 Quare
1114 2274 1204 2302 non
1227 2260 1313 2304 erit
1335 2260 1412 2303 diu
1435 2260 1769 2305 immorandum
1793 2277 1909 2306 con-

280 2335 559 2391 templationi
582 2334 853 2378 sanctissimi
877 2335 1147 2380 sacramenti
1171 2344 1272 2392 post
1294 2337 1465 2380 dictum
1493 2338 1685 2395 «Agnus
1713 2339 1845 2383 Dei».

366 2412 745 2467 Quandocunque
779 2412 913 2454 etiam
952 2412 997 2454 in
1035 2411 1219 2468 reliquis
1247 2413 1445 2457 ciuitatis
1482 2414 1685 2459 ecclesiis
1723 2415 1907 2472 signum

276 2489 479 2533 laeticiae
515 2489 649 2531 datur
687 2503 765 2543 per
795 2502 1115 2544 campanarum
1154 2490 1350 2545 pulsum,
1392 2492 1449 2533 ob
1479 2489 1642 2534 summi
1680 2492 1907 2548 pontificis

276 2565 450 2608 romani
479 2565 763 2619 electionem,
790 2580 1040 2621 regumque
1062 2565 1411 2609 christianorum
1443 2569 1904 2623 confoederationem,

276 2642 508 2686 victoriam
532 2649 688 2684 contra
710 2641 931 2693 infideles,
957 2649 1035 2684 aut
1066 2641 1365 2686 Vniuersalem
1391 2658 1564 2699 pacem,
1590 2653 1668 2687 aut
1691 2646 1748 2688 ob
1772 2645 1905 2689 aliam

277 2734 478 2772 causam,
505 2718 683 2775 publice
711 2726 756 2762 et
781 2718 851 2774 pie
875 2719 1123 2774 probatam,
1157 2719 1289 2762 detur
1318 2719 1424 2764 item
1455 2721 1498 2764 in
1531 2723 1697 2778 templo
1727 2730 1902 2766 nostro.

759 2839 821 2868 DE
859 2838 1103 2869 DOCTRINA
1141 2838 1431 2869 CHRISTIANA

364 2932 456 2987 Qui
479 2947 503 2975 e
528 2931 692 2975 nostris
715 2940 820 2974 sunt
843 2930 1072 2974 auditores
1102 2931 1377 2987 theologiae,
1409 2934 1673 2988 praesertim
1703 2936 1905 2992 provecti

341 3049 356 3064 (ι
386 3036 531 3073 Omiss.
550 3037 588 3072 in
609 3049 679 3073 ms.
