2028 3426
443 294 719 329 MONUMENTA
747 293 1002 328 GERMANJAE
1027 289 1368 334 SUPERIORls-34
1606 289 1673 334 235

92 401 255 438 tractet
282 395 408 437 illum
436 393 795 438 familiarissime:
822 393 896 437 ille
923 400 992 436 est
1018 390 1244 448 pollicitus
1273 405 1322 435 se
1351 405 1508 434 omnes
1538 391 1724 446 regulas

91 473 440 515 obseruaturum
468 473 497 516 ¹.

180 547 475 604 Significetur
498 546 791 598 confessario,
817 546 853 589 si
878 545 978 601 quis
1009 545 1056 587 in
1089 545 1287 589 externis
1321 551 1456 596 erret,
1493 559 1628 599 quam
1661 544 1719 586 sit

91 639 248 682 graue.

70 697 73 700 ’
175 701 386 745 Monachi
411 702 519 743 dent
544 700 675 743 nobis
699 699 1004 743 testimonium
1027 714 1110 742 nos
1132 714 1223 742 non
1242 698 1384 743 teneri
1403 700 1459 741 ad
1476 697 1718 741 conciones

87 777 367 834 vespertinas
389 779 422 820 ².

175 856 387 898 Matheus
408 853 608 898 breuiter
631 854 838 896 absoluat
861 868 943 896 sua
965 852 1196 897 exercitia.
1228 863 1232 866 ’

177 934 227 974 Ρ.
253 930 520 973 Dominicus
541 930 734 972 subinde
752 930 918 972 habeat
941 929 1277 972 exhortationes
1300 929 1356 971 ad
1380 927 1593 970 nouitios.

174 1009 220 1050 In
256 1022 411 1050 mensa
443 1006 718 1049 nouitiorum
753 1021 843 1047 non
881 1007 1060 1061 legatur
1094 1013 1227 1048 uetus
1259 1011 1598 1058 testamentum,
1635 1005 1715 1047 sed

87 1084 235 1128 facilia
260 1092 303 1128 et
327 1083 572 1139 spiritualia
596 1084 832 1134 duntaxat,
858 1089 902 1124 et
926 1097 1064 1124 vnum
1088 1089 1225 1138 caput
1247 1081 1354 1124 noui
1378 1081 1654 1125 testamenti.

174 1164 225 1205 P.
247 1163 447 1218 Joannes
470 1159 647 1216 ingredi
670 1159 836 1215 poterit
859 1159 1072 1202 culinam.

170 1238 367 1293 Quando
390 1236 531 1279 nostri
554 1236 683 1278 ibunt
706 1237 762 1278 ad
783 1235 964 1290 aliquod
989 1236 1231 1291 collegium
1254 1249 1303 1278 se
1325 1242 1593 1287 recreatum,
1621 1250 1712 1277 non

82 1322 150 1358 est
171 1314 484 1369 equitandum,
509 1314 742 1356 habebunt
765 1312 897 1355 etiam
920 1312 1092 1367 aliquas
1115 1312 1346 1368 pecunias;
1379 1311 1465 1354 nisi
1493 1312 1608 1355 adeo
1632 1312 1712 1355 de-

81 1391 194 1434 biles
217 1391 321 1444 sint,
348 1398 396 1432 vt
419 1389 611 1446 pedibus
633 1389 864 1432 ambulare
887 1404 978 1431 non
1000 1389 1190 1444 possint.

168 1468 422 1522 Diligenter
444 1474 573 1509 curet
595 1473 759 1517 rector,
785 1473 834 1507 vt
862 1465 1087 1521 intelligat
1117 1467 1172 1508 de
1194 1472 1323 1520 patre
1346 1468 1406 1508 M.
1435 1463 1624 1520 Georgii
1653 1479 1710 1506 an

80 1553 230 1602 egeat,
256 1552 301 1588 et
324 1544 369 1586 in
388 1558 479 1598 quo
498 1550 618 1585 statu
637 1543 727 1585 sint
743 1542 842 1586 eius
859 1543 1116 1596 facultates,
1144 1550 1188 1586 et
1211 1557 1291 1597 per
1314 1557 1363 1586 se
1383 1543 1454 1584 uel
1473 1557 1553 1597 per
1571 1555 1710 1596 quos-

79 1637 272 1677 cumque
295 1628 422 1664 curet
444 1627 493 1662 vt
515 1619 698 1663 iuuetur
721 1635 745 1662 a
769 1618 988 1675 principe3
1015 1626 1060 1662 et
1082 1619 1190 1673 quid
1213 1621 1300 1662 hac
1324 1619 1369 1660 in
1394 1634 1442 1662 re
1464 1618 1581 1661 effici
1602 1631 1707 1674 pos-

80 1699 153 1751 sit,
179 1698 347 1741 scribat
369 1699 425 1741 ad
449 1712 548 1741 me..

165 1775 345 1831 Singuli
367 1775 624 1818 sacerdotes
647 1774 787 1817 semel
809 1773 854 1815 in
878 1774 1161 1817 hebdomade
1183 1775 1340 1829 legant
1364 1788 1502 1815 vnum
1527 1786 1709 1815 sacrum
1739 1815 1743 1818 ,

77 1867 158 1909 pro
183 1854 236 1895 R.
264 1854 318 1896 P.
345 1851 511 1902 Natali,
538 1851 698 1893 fratres
722 1865 830 1893 uero
853 1851 909 1892 de
931 1865 1055 1892 more
1079 1851 1288 1909 orabunt.

167 1930 279 1973 Item
305 1927 506 1983 quotidie
530 1927 575 1969 in
604 1927 698 1970 suis
729 1926 1012 1969 orationibus
1040 1927 1243 1969 eiusdem
1274 1933 1318 1970 et
1348 1926 1487 1968 totius
1515 1927 1707 1968 Germa-

77 2007 178 2050 niae
200 2005 459 2050 memoriam
485 2004 668 2049 faciant.

162 2085 344 2139 Agatur
366 2097 469 2125 curn
488 2080 755 2137 praepositis
777 2079 1030 2135 hospitalis,
1052 2087 1100 2122 vt
1119 2080 1260 2123 nostri
1280 2081 1438 2122 fratres
1462 2079 1707 2134 aliquando

73 2160 135 2202 ibi
156 2159 488 2203 concionentur
510 2173 590 2213 pro
612 2157 924 2200 consolatione
945 2156 1245 2209 infirmorum,
1272 2156 1531 2200 concionari
1551 2163 1705 2200 autem

75 2244 288 2293 poterunt
310 2236 471 2279 fratres
493 2243 538 2278 et
563 2237 738 2278 Patres.

160 2315 281 2357 Idem
305 2319 490 2355 curetur
512 2313 633 2367 apud
656 2311 965 2367 praepositum
989 2312 1199 2355 carceris.

161 2390 349 2433 Materia
372 2389 564 2444 magica,
587 2403 702 2443 quae
731 2395 800 2431 est
828 2388 875 2430 in
903 2388 1114 2439 cubiculo
1139 2390 1191 2431 P.
1225 2387 1481 2432 Schorichii
1512 2389 1544 2439 ⁵,
1578 2401 1702 2430 com—

73 2468 282 2518 buratur,
308 2481 410 2509 nam
435 2480 618 2509 seruare
641 2464 861 2508 eiusmodi
884 2479 973 2506 non
996 2479 1254 2520 possumus.

159 2542 384 2598 Intelligat
417 2543 598 2596 quando
635 2541 805 2583 domini
842 2541 1171 2597 Ingolstadiurn
1204 2542 1453 2597 profecturi
1486 2547 1615 2591 sunt,
1653 2547 1707 2582 vt

143 2678 152 2698 ¹
204 2679 248 2713 P.
269 2677 457 2712 Martinus
476 2675 758 2711 Stevordianus
778 2675 1063 2711 concionatoris
1081 2688 1243 2711 munere
1262 2677 1513 2722 fungebatur.
1537 2675 1595 2710 Ad
1619 2686 1700 2709 rem

71 2742 216 2782 autem,
235 2736 298 2771 hic
316 2748 337 2770 a
356 2735 485 2770 Natali
503 2735 828 2778 commendatam,
845 2735 1139 2780 intelligendam
1156 2735 1316 2780 faciunt,
1332 2747 1430 2781 quae
1450 2736 1532 2780 ipse
1552 2734 1701 2767 Natalis

70 2796 189 2831 refert
208 2796 247 2830 in
266 2794 441 2841 epistolis
461 2793 508 2828 ad
528 2793 709 2839 Eorgiam
727 2793 867 2828 diebus
887 2793 931 2828 23
951 2794 1079 2829 Martii
1097 2800 1136 2829 et
1156 2803 1199 2837 27
1227 2794 1372 2840 Aprilis
1391 2794 1504 2838 datis,
1527 2794 1603 2826 vol.
1632 2792 1699 2837 ΙΙΙ,

72 2866 191 2901 pagg.
216 2854 257 2889 31
287 2863 326 2888 et
343 2861 401 2897 74.

141 2916 154 2934 2'
206 2911 424 2957 Collegium
444 2922 676 2946 monacense
696 2911 734 2945 in
755 2912 988 2946 monasterio
1007 2911 1367 2957 augustinianorum
1384 2911 1603 2945 institutum
1618 2908 1700 2944 fue-

71 2978 142 3010 rat.
162 2971 223 3007 Cf.
247 2972 374 3017 Epist.
398 2971 443 3004 F.
466 2970 614 3012 Nadal,
637 2971 700 3013 III,
725 2970 804 3014 1663
826 2976 865 3005 et
883 2971 1236 3016 BRAUNSBERGER‚
1260 2972 1333 3004 loc.
1354 2970 1437 3014 eit.,
1457 2970 1508 3013 H,
1529 2978 1611 3012 520.

141 3032 154 3051 ³
206 3031 280 3064 Hic
304 3034 386 3064 erat
411 3029 453 3066 P.
476 3029 671 3074 Georgius
689 3029 917 3063 Schoritius.
940 3028 1040 3063 Vide
1062 3029 1189 3074 Epist.
1213 3030 1259 3062 P.
1282 3028 1431 3070 Nasica,
1458 3028 1525 3070 III,
1550 3026 1628 3069 1333
1660 3031 1699 3061 et

71 3090 427 3132 BRAUNSBERGER,
447 3089 520 3125 loc.
541 3088 625 3132 cit„
647 3088 715 3130 ΙΙΙ,
738 3096 818 3132 519,
