2028 3426
366 220 435 265 796
943 216 1080 252 Eprsr.
1110 216 1152 253 P.
1181 214 1333 250 NADAL

320 322 480 364 nacion
502 321 558 363 de
581 319 672 362 casi
696 326 786 363 tres
809 324 922 361 anos
944 319 1111 360 mucho
1135 317 1256 360 fruto
1279 321 1305 360 a
1336 331 1491 372 mayor
1522 314 1718 360 seruicio
1751 329 1779 370 y
1813 313 1957 370 gloria

320 400 377 442 de
401 413 454 441 su
479 396 634 440 diuina
656 396 910 451 magestad.

410 477 477 517 En
500 475 568 517 los
590 480 744 517 santos
768 472 1014 515 sacrificios
1037 487 1064 527 y
1088 470 1325 514 oraciones
1347 471 1405 513 de
1426 471 1484 513 V.
1510 471 1565 514 R.
1591 484 1620 525 y
1642 469 1699 513 de
1730 469 1859 511 todos
1891 468 1960 510 los

322 559 532 595 nuestros
556 552 726 595 Padres
749 565 776 606 y
800 551 1039 593 hermanos
1062 550 1119 593 de
1147 563 1225 592 esa
1263 547 1498 604 prouincia
1531 547 1591 589 mi
1625 551 1900 602 companero
1931 559 1959 600 y

322 644 381 685 yo
407 629 609 685 pedimos
631 643 704 672 ser
727 628 894 670 mucho
912 627 1294 670 encomendados.

413 705 636 749 Dominus
659 705 718 748 sit
743 704 994 747 nobiscum.

416 783 484 827 De
507 785 666 834 Roma,
692 786 718 825 a
742 794 766 836 7
790 782 848 826 (16
871 781 1051 825 Otubre
1082 782 1209 835 1568.

745 992 796 1033 Ρ.
833 990 1247 1033 HIERONYMUS
1280 988 1551 1032 NATALIS

694 1076 1006 1115 RODERICO
1049 1076 1259 1115 GOMEZ
1301 1077 1378 1111 DE
1418 1075 1598 1110 SILVA

837 1170 992 1208 ROMAE,
1015 1171 1037 1206 4
1056 1168 1294 1196 DECEMBms
1318 1168 1402 1205 1571
1427 1160 1453 1194 ¹.

562 1247 622 1283 De
639 1247 794 1282 duabus
808 1245 973 1294 gratiis,
996 1245 1122 1280 eidem
1143 1257 1167 1279 α
1185 1245 1273 1280 sede
1292 1243 1509 1290 apostolica
1529 1242 1729 1278 concessis.

416 1333 467 1375 El
491 1333 543 1374 P.
570 1332 606 1374 F
610 1330 830 1383 rancisco,
849 1329 1035 1386 general
1053 1329 1180 1371 desta
1200 1336 1383 1371 nuestra
1403 1327 1586 1370 minima
1606 1327 1873 1381 Compafiia,
1897 1337 1969 1366 me

327 1411 496 1453 ordeno
514 1423 596 1465 por
615 1423 705 1451 una
722 1422 851 1463 suya,
873 1421 962 1462 que
980 1420 1120 1462 pocos
1137 1406 1234 1448 dias
1252 1407 1311 1448 ha
1328 1406 1497 1456 recebi,
1510 1403 1682 1460 pidiese
1700 1407 1725 1445 a
1742 1403 1805 1447 Su
1825 1402 1969 1446 Sanc-

327 1487 449 1530 tidad
472 1487 556 1529 dos
579 1500 708 1529 cosas
729 1486 802 1529 del
825 1483 1012 1528 seruitio
1034 1483 1091 1526 (16
1115 1484 1171 1526 V.
1200 1483 1346 1534 Ecc.³,
1371 1496 1420 1525 es
1443 1485 1468 1524 a
1485 1483 1634 1534 saber,
1659 1495 1745 1522 una
1762 1486 1969 1522 comuta—
2013 1462 2017 1466 .

325 1565 429 1608 cion
451 1565 507 1607 de
531 1563 672 1607 cierto
694 1566 883 1605 numero
906 1562 964 1605 de
989 1562 1153 1604 «Pater
1177 1568 1354 1603 noster»
1383 1574 1410 1614 y
1439 1560 1568 1602 «Aue
1595 1561 1805 1608 Marias»,
1828 1571 1884 1600 en
1904 1556 1971 1599 los

326 1642 438 1686 siete
461 1642 641 1693 salmos;
667 1655 696 1695 y
721 1654 810 1682 una
832 1637 1149 1694 dispensacion
1170 1651 1274 1692 para
1300 1638 1340 1681 el
1364 1635 1652 1679 matrimonio
1673 1635 1730 1678 de
1746 1635 1788 1676 la
1807 1639 1971 1676 senora

329 1720 449 1762 dona
467 1719 585 1770 Ana,
607 1717 695 1773 hija
714 1718 771 1760 de
788 1718 845 1759 V.
869 1717 998 1758 Ecc.a
1017 1728 1103 1757 con
1128 1715 1169 1757 61
1192 1714 1345 1769 duque
1368 1715 1424 1758 de
1449 1712 1631 1757 Medina
1651 1711 1850 1756 Sidonia.
1874 1711 1969 1752 Ha·

330 1797 403 1839 ble
425 1797 564 1851 luego
582 1799 608 1838 a
625 1796 689 1839 Su
709 1793 796 1845 Sfl,
823 1808 852 1849 y
870 1792 1113 1849 respondio
1136 1795 1161 1834 a
1183 1792 1442 1834 entrambas
1465 1805 1594 1834 cosas
1618 1803 1726 1844 muy
1744 1787 1972 1844 graciosa·

331 1880 497 1927 mente,
524 1872 812 1916 remittiendo
835 1871 876 1913 la
899 1870 1095 1926 prime-ra
1118 1870 1159 1911 al
1187 1869 1336 1913 Padre
1359 1868 1561 1924 general,
1589 1881 1675 1923 que
1698 1880 1754 1909 en
1784 1865 1869 1908 ella
1899 1863 1972 1905 hi-

401 2034 410 2055 ¹
465 2034 521 2069 Ex
540 2034 731 2079 Regesto‚
747 2031 877 2079 Epist.
894 2030 1027 2076 Hisp„
1044 2038 1267 2074 1570-1573,
1284 2029 1349 2067 fol.
1367 2026 1490 2074 92-93.
1507 2028 1596 2073 Quo
1612 2033 1784 2073 tempore
1801 2025 1840 2063 S.
1859 2026 1975 2060 Fran-

325 2093 454 2128 ciscus
473 2093 614 2138 Borgia
633 2092 672 2127 in
692 2090 880 2137 Hispania
898 2101 988 2125 cum
1006 2088 1193 2125 cardinali
1214 2087 1481 2124 Alexandrino
1500 2087 1744 2129 versabatur,
1760 2084 1974 2120 Rodericus

329 2152 478 2188 Gomez
495 2151 544 2187 de
563 2151 685 2196 Silva,
706 2151 886 2197 princeps
905 2149 1034 2193 Eboli,
1053 2160 1075 2184 a
1092 2147 1267 2183 consiliis
1287 2147 1391 2193 regis
1409 2145 1637 2193 Hispaniae,
1657 2145 1820 2192 ejusque
1839 2143 1975 2190 prima-

331 2212 412 2246 rius
431 2211 607 2246 minister
625 2222 646 2245 a
664 2210 859 2255 cubiculo,
880 2208 999 2244 filiam
1020 2208 1173 2243 Annam
1195 2207 1396 2253 Alphonso
1415 2206 1535 2242 Perez
1555 2205 1603 2241 de
1629 2205 1808 2241 Guzman
1834 2209 1976 2250 nuptu-

335 2283 430 2316 ram,
455 2268 745 2317 impedimentis
763 2267 1114 2314 consanguinitatis
1139 2279 1207 2314 per
1227 2266 1408 2312 Borgiam
1434 2265 1535 2301 solvi
1557 2265 1723 2310 curavit3
1745 2263 1810 2310 qui
1830 2260 1974 2307 Natali,

334 2331 420 2377 ejus
444 2330 603 2374 vicario,
628 2330 701 2364 hoc
726 2328 929 2373 negotium
954 2327 1099 2361 Romae
1123 2325 1339 2372 gerendum
1364 2324 1667 2362 commendavit.
1694 2323 1756 2358 Ad
1773 2324 1869 2358 haee
1891 2322 1977 2357 illu-

334 2389 490 2426 stranda
508 2389 656 2425 faciunt
673 2399 772 2435 quae
794 2388 1038 2423 LUDOV1CUS
1057 2394 1112 2421 DE
1132 2386 1329 2421 SALAZAR
1349 2394 1402 2420 ET
1416 2384 1588 2420 CASTRO
1603 2384 1642 2419 in
1656 2394 1773 2430 opere
1788 2380 1976 2417 Historia

330 2449 595 2497 genealogica
613 2449 660 2483 de
680 2448 720 2483 la
739 2459 831 2483 casa
850 2448 897 2482 de
918 2446 1049 2487 Silva,
1071 2451 1179 2491 parte
1199 2445 1250 2490 11,
1270 2456 1358 2491 pag.
1377 2444 1461 2489 646,
1481 2443 1651 2490 scripsit,
1671 2443 1835 2478 scilicet:
1853 2442 1979 2477 «Avia

336 2515 447 2545 entre
467 2510 502 2544 el
524 2510 665 2556 Duque
684 2520 709 2555 y
724 2509 760 2543 la
779 2509 966 2554 Duquesa
985 2499 1096 2541 Dona
1116 2507 1202 2541 Ana
1221 2505 1269 2540 de
1289 2505 1396 2540 Silva
1414 2505 1629 2540 diser-entes
1645 2508 1909 2550 parentescos‚
1930 2500 1979 2536 de

337 2581 413 2616 que
432 2569 498 2605 fue
517 2568 740 2604 necessario
759 2578 867 2603 sacar
885 2566 1173 2613 dispensacion,
1193 2578 1219 2612 y
1239 2567 1316 2600 assi
1341 2565 1385 2600 S.
1418 2565 1489 2600 Pio
1513 2565 1562 2611 V,
1583 2563 1772 2599 Pontifice
1798 2561 1979 2603 Maximo,

338 2641 386 2664 en
406 2630 440 2664 el
460 2632 534 2664 3ἦο
553 2628 602 2664 (16
623 2628 688 2663 mil
705 2627 929 2675 quinientos
948 2638 974 2672 y
989 2632 1145 2662 sesenta
1164 2626 1250 2672 [sic,
1271 2636 1338 2672 pro
1356 2625 1524 2671 setenta]
1538 2636 1564 2670 y
1579 2635 1670 2667 vno,
1692 2623 1745 2658 VI
1760 2622 1808 2657 de
1823 2634 1869 2657 su
1883 2622 1980 2657 Pon-

340 2688 495 2724 tificado
513 2688 576 2723 dio
592 2687 757 2723 licencia
776 2698 866 2733 para
884 2697 960 2733 que
980 2685 1191 2732 pudiessen
1209 2696 1376 2730 casarse,
1395 2684 1455 2719 sin
1475 2684 1666 2727 embargo
1687 2682 1736 2717 de
1755 2693 1817 2716 ser
1836 2681 1984 2728 parien-

341 2754 400 2781 tes
417 2758 465 2781 en
484 2753 620 2793 quarto
634 2745 754 2792 grado
767 2745 816 2780 de
831 2743 1178 2790 consanguinidad.
1195 2744 1230 2778 Y
1246 2744 1347 2790 Juan
1362 2743 1539 2778 Bautista
1553 2741 1724 2777 Castano
1739 2737 1980 2786 [Castagna],

343 2817 388 2840 su
407 2805 559 2841 Nuneio
578 2817 626 2840 en
646 2806 811 2851 Espar‘m,
832 2816 858 2850 y
879 2803 1096 2850 Arcobispo
1113 2803 1162 2838 de
1181 2803 1336 2838 Rosano
1354 2814 1403 2837 en
1423 2800 1557 2836 veinte
1585 2811 1611 2846 y
1635 2811 1763 2835 nueve
1782 2798 1830 2834 de
1856 2799 1981 2833 Enero

342 2864 390 2899 de
410 2864 475 2899 mil
493 2864 716 2911 quinientos
735 2869 890 2899 setenta
908 2875 933 2910 y
951 2862 1037 2906 dos,
1052 2861 1237 2909 dispenso
1251 2873 1327 2908 que
1346 2862 1381 2896 la
1402 2861 1599 2907 Duquesa,
1621 2861 1642 2894 a‘
1657 2859 1714 2894 los
1728 2857 1816 2893 diez
1829 2861 1938 2902 anos,
1956 2867 1981 2902 y

343 2923 420 2958 seis
446 2935 572 2958 meses
596 2922 644 2958 de
671 2934 715 2958 su
735 2922 833 2957 edad
857 2921 1040 2968 pudiesse
1067 2927 1246 2956 contraer
1271 2919 1515 2955 matrimonio
1539 2929 1607 2964 por
1632 2918 1808 2964 palabras
1832 2916 1881 2951 de
1900 2925 1982 2962 pre-

342 2987 467 3016 sente.
491 2982 545 3016 Lo
563 2983 650 3028 qual
670 2981 856 3017 confirmo
874 2981 1044 3027 despues
1063 2981 1099 3015 el
1119 2979 1310 3015 Pontifice
1329 2990 1378 3013 en
1402 2978 1524 3013 Roma
1543 2979 1563 3012 a
1588 2976 1758 3024 primero
1780 2975 1829 3010 de
1856 2975 1983 3019 Marco

346 3040 408 3075 del
429 3041 567 3075 mismo
585 3044 697 3076 ano.»
718 3039 778 3076 Cf.
801 3040 941 3085 MURO,
972 3039 1071 3074 Vida
1089 3039 1136 3074 de
1155 3039 1196 3073 Za
1207 3039 1397 3085 princesa
1414 3037 1462 3072 de
1481 3027 1611 3080 Eboli,
1631 3046 1746 3082 pagg.
1767 3033 1887 3070 26-31.
