2028 3426
340 269 406 305 168
807 270 960 307 PArnis
986 269 1228 304 Hrssnonym
1255 267 1406 302 NADAL

289 378 333 414 et
363 371 754 428 persequutiones
782 369 1176 414 Contradictiones
1205 367 1325 411 enim
1355 368 1520 411 multas
1550 367 1744 426 pas[s]us
1773 375 1842 413 est
1871 375 1923 412 et

287 448 675 504 persequutiones,
708 447 900 504 primum
935 450 983 490 Ρ.
1017 445 1238 502 Ignatius,
1273 444 1377 488 dein
1406 442 1612 489 Societas
1641 445 1753 501 ipsa,
1782 451 1941 502 caput..

287 525 458 568 scilicet
475 534 519 569 et
536 539 716 581 corpus;
737 539 762 567 a
780 525 944 579 quibus
964 538 1051 566 non
1071 524 1217 565 solum
1235 521 1399 578 eripuit
1421 535 1504 564 nos
1520 521 1746 565 Dominus
1763 522 1820 566 de
1837 536 1941 567 sua·

288 601 585 657 benignitate,
612 602 690 644 sed
714 601 838 645 dedit
860 616 915 643 ex
940 598 1231 642 tribulatione
1253 605 1297 642 et
1321 597 1570 642 tentatione
1588 605 1863 654 prouentum
1886 600 1939 651 ’.ῑ

288 679 422 721 Nulla
451 679 570 722 enim
599 678 728 721 nobis
757 677 950 733 contigit
984 675 1213 719 tribulatio
1250 675 1451 732 grauior,
1484 675 1605 719 unde
1644 690 1736 718 non
1777 674 1942 730 simus-,2

288 755 459 811 experti
497 770 711 811 magnum
752 753 992 799 Societatis
1029 760 1342 809 augmentum.
1379 753 1533 808 Itaque
1571 753 1820 806 laetanter,
1866 759 1936 796 ut'

289 833 423 875 docet
452 835 507 875 D.
534 834 732 890 Jacobus
766 833 1011 887 apostolus,
1043 830 1142 874 illas
1171 829 1419 886 accipimus
1442 830 1615 873 oblatas
1647 817 1945 874 tentationes.

291 916 336 951 et
359 909 734 965 persequutiones
757 909 790 953 ².
1906 907 1918 918 ”

378 986 437 1029 43
460 985 578 1042 (160)
608 985 728 1028 Huic
758 983 950 1040 spiritui,
983 983 1088 1026 huic
1122 982 1351 1034 instituto,
1393 982 1464 1025 his
1502 982 1936 1045 approbationibus„

292 1062 530 1118 praecipue
554 1062 733 1117 quidem
758 1061 876 1105 sedis
897 1060 1173 1116 apostolicae
1195 1067 1240 1103 et
1257 1059 1435 1103 concilii
1458 1059 1754 1113 oecumenici,
1778 1059 1945 1109 credi-2

291 1139 438 1182 dimus
461 1139 503 1182 in
529 1139 728 1191 Christ03
755 1138 824 1181 his
847 1137 1008 1181 confisi
1037 1137 1323 1182 exercuimus
1353 1137 1600 1181 ministeria
1631 1144 1798 1180 nostra,
1837 1138 1946 1181 Per

293 1217 415 1261 hunc
453 1215 657 1271 spiritum
695 1223 740 1258 et
777 1214 1034 1257 institutum
1072 1214 1195 1257 dedit
1227 1214 1357 1257 nobis
1385 1214 1608 1258 Dominus
1637 1213 1854 1270 quicquid
1875 1213 1937 1278 in·

293 1292 519 1336 Societate
543 1294 764 1336 hactenus
785 1293 842 1334 ad
864 1291 1053 1348 gloriam
1078 1291 1162 1335 Dei
1185 1291 1333 1336 extitit
1362 1292 1435 1335 uel
1468 1292 1643 1334 fructus
1672 1291 1746 1334 uel
1774 1290 1924 1334 incre-

297 1369 451 1413 menti.
484 1371 539 1411 Et
570 1378 720 1411 tamen
750 1368 945 1412 vidimus
973 1376 1145 1424 partem
1175 1368 1371 1411 instituti
1388 1375 1439 1412 'et
1469 1367 1720 1411 uocationis
1742 1374 1923 1412 nostrae

293 1446 337 1487 in
360 1446 547 1488 dubium
572 1453 798 1498 uocatam,
831 1446 998 1501 optima
1027 1445 1207 1501 quidem
1237 1447 1476 1488 uoluntate
1500 1445 1568 1488 Pii
1597 1444 1743 1501 quinti
1775 1443 1924 1500 ponti-

294 1522 389 1565 ficis
420 1523 722 1579 integerrimi,
753 1524 832 1566 sed
861 1530 1011 1567 tamen
1040 1522 1086 1565 in
1115 1523 1303 1565 dubium
1334 1530 1560 1575 uocatam,
1596 1530 1734 1577 atque
1762 1522 1874 1565 adeo
1905 1528 1934 1579 ’ς

293 1600 484 1642 ablatam
520 1601 551 1652 ⁵3
588 1600 661 1642 illa
693 1601 799 1652 duo,
833 1599 1023 1644 scilicet:
1057 1607 1105 1642 ut
1139 1600 1385 1644 habeamus
1419 1601 1607 1643 chorum
1641 1599 1687 1642 in
1719 1598 1938 1659 ecclesiisv

294 1677 456 1719 nostris
478 1678 712 1720 domorum
735 1678 1055 1733 professarum,
1081 1685 1125 1721 et
1150 1685 1198 1719 ut
1221 1678 1394 1720 nullum
1418 1677 1694 1727 ordinemus,
1727 1676 1810 1732 qui·
1833 1689 1924 1720 non
1944 1662 1949 1697 3

294 1753 350 1795 sit
380 1755 621 1809 professus.
654 1756 786 1810 Quae
817 1755 908 1797 duo
936 1769 1036 1798 esse
1064 1762 1222 1797 contra
1253 1754 1511 1796 institutum
1544 1753 1943 1809 nostrumhlegetn

293 1833 348 1873 D.
376 1833 431 1874 V.
462 1832 598 1874 Illma.
627 1832 671 1874 in
696 1832 830 1874 bullis
853 1831 1208 1874 confirmationis
1233 1831 1362 1874 Pauli
1388 1845 1412 1886 3
1436 1839 1481 1874 et
1497 1831 1604 1889 Julii
1626 1845 1667 1886 3.
1943 1822 1945 1825 ¹

382 1910 429 1951 In
454 1907 582 1951 Pauli
605 1910 725 1952 enim
750 1908 885 1964 priori
907 1908 1151 1964 diplomate
1174 1909 1279 1951 anni
1304 1919 1431 1963 1540,
1451 1908 1497 1950 in
1520 1905 1931 1954 formulainstituti

294 1985 356 2027 sic
380 1987 585 2030 habetur.
616 1985 761 2030 «Socii
785 2000 957 2038 omnes,
984 1985 1244 2041 quicunque
1272 1986 1316 2028 in
1344 1985 1484 2029 sacris
1515 1985 1698 2037 fuerint,
1730 1982 1941 2049 quanuisv

294 2062 514 2106 beneficia
541 2062 844 2106 ecclesiastica
873 2069 951 2106 aut
981 2077 1137 2105 eorum
1161 2062 1364 2107 redditus
1386 2077 1476 2105 non
1500 2063 1714 2114 habeant,
1741 2070 1940 2111 teneam,

297 2147 368 2180 tur
392 2146 541 2183 tamen
565 2139 732 2195 singuli
756 2139 966 2195 priuatim
990 2154 1042 2182 ac
1063 2139 1409 2196 particulariter,
1435 2149 1479 2183 et
1498 2154 1588 2183 non
1607 2137 1940 2201 communiters

297 2217 352 2257 ad
389 2216 629 2260 dicendum
668 2217 865 2259 officium
904 2217 1030 2260 iuxta
1067 2217 1285 2260 ecclesiae
1320 2217 1500 2260 ritum.»
1538 2218 1658 2260 Idem
1689 2216 1927 2259 confirmat

297 2294 544 2336 secundum
569 2293 763 2349 diploma
786 2294 988 2337 eiusdem
1014 2294 1142 2337 Pauli
1167 2308 1191 2349 3
1215 2295 1320 2338 anni
1350 2305 1476 2349 1543.
1932 2350 1939 2361 ‚

386 2370 433 2411 In
457 2369 699 2425 diplomate
723 2371 1077 2414 confirmationis
1099 2371 1205 2428 Julii
1230 2385 1271 2426 3,
1297 2371 1343 2414 in
1366 2371 1461 2427 ipsa
1486 2371 1678 2414 formula
1701 2370 1766 2413 sic
1791 2367 1942 2413 tradi-L

299 2453 386 2488 tur:
418 2446 560 2490 «Socii
586 2454 735 2490 autem
760 2462 930 2498 omnes,
962 2462 1065 2490 cum
1098 2447 1374 2504 praesbyteri
1403 2462 1502 2492 esse
1531 2448 1742 2498 debeant,
1775 2446 1832 2490 ad
1861 2444 1940 2492 di-u,
1993 2502 1996 2506 ²

367 2628 383 2644 a
436 2618 490 2652 [ta
511 2618 614 2664 prius
634 2619 818 2665 scriptum
839 2626 911 2663 est,
934 2619 1002 2655 sed
1022 2626 1157 2666 postea
1176 2619 1425 2656 emendatum
1441 2619 1597 2656 videtur
1614 2619 1663 2654 ab
1680 2631 1736 2661 eo,
1752 2615 1939 2666 ςυεῐηνί”“

300 2677 400 2712 haud
418 2678 521 2712 clare
541 2677 577 2712 id
597 2685 792 2724 appareat.
1582 2681 1586 2686 ”

375 2841 381 2859 “
436 2838 450 2872 Ι
469 2838 588 2882 Con„
609 2840 657 2884 X,
682 2838 736 2874 13.
1907 2875 1910 2880 .

368 2901 382 2919 ²
433 2897 560 2935 Omne
578 2898 763 2944 gaudium
789 2899 1026 2946 existimate,
1055 2900 1192 2936 fratres
1225 2901 1315 2944 mei,
1342 2889 1430 2936 cum
1463 2901 1502 2936 in
1533 2899 1772 2936 tentationes
1802 2897 1920 2934 varia

300 2957 528 2992 incideritis.
550 2958 718 3004 jac-013„
740 2959 768 3003 1,
790 2968 824 2994 2.

370 3017 383 3036 ³
433 3015 494 3051 Cf.
515 3016 780 3062 SAccmNUM,
802 3019 875 3053 loc.
896 3018 987 3061 cit.,
1003 3025 1101 3064 part.
1122 3020 1190 3065 111,
1210 3019 1276 3055 lib.
1294 3019 1363 3063 111,
1378 3031 1416 3054 n.
1441 3027 1455 3054 1
1474 3025 1514 3054 et
1528 3030 1654 3066 seqq.;
1671 3024 1711 3054 et
1725 3018 1914 3053 AsTnAm

300 3075 499 3119 Historia,
519 3076 595 3113 vol.
620 3075 668 3121 11,
688 3076 754 3112 lib.
777 3077 826 3122 11,
842 3088 925 3124 cap.
947 3077 981 3112 8.
