2028 3426
301 221 371 267 516
772 223 927 258 PATms
954 222 1199 257 HIERONYMI
1225 220 1376 257 NADAL

344 325 627 370 Vestimenta
649 324 791 380 accipi
814 331 1021 380 possunt,
1043 337 1159 378 quae
1181 323 1354 365 dabunt
1377 331 1587 378 parentes
1609 330 1885 376 nostrorum,

254 403 325 446 vel
349 401 496 456 amici,
521 403 593 446 vel
616 402 946 453 benefactores;
972 400 1051 443 sed
1079 399 1142 442 ita
1170 397 1337 452 tamen,
1369 410 1418 442 vt
1447 400 1593 443 sciant
1620 415 1710 443 non
1745 400 1888 456 accipi

255 493 336 535 pro
364 479 466 531 illis,
491 480 572 523 sed
593 494 676 535 pro
705 477 1028 521 communitate
1045 467 1257 529 fratrum,
1281 476 1425 533 accipi
1447 477 1618 520 scilicet
1652 485 1887 533 poterunt,

255 557 393 599 modo
414 557 606 613 collegia
622 557 776 599 dotata
799 569 889 598 non
911 553 1078 597 fuerint
1099 553 1376 598 sufficienter
1395 554 1519 597 iuxta
1540 562 1634 597 2.¹¹“¹
1651 562 1788 610 caput
1806 561 1891 608 4:²⁰

255 632 395 690 partis
417 633 600 677 constit.

343 710 418 755 419
441 711 544 753 Non
567 717 635 753 est
657 709 703 751 in
726 708 954 753 Societate
975 709 1259 751 consuetudo
1289 716 1335 750 vt
1359 722 1516 751 omnes
1546 716 1731 751 vtantur
1762 708 1892 752 lineis

256 788 419 830 calceis
441 786 746 839 interioribus,
773 799 857 830 nec
879 787 1041 841 hyeme
1063 785 1220 837 laneis,
1249 799 1394 840 neque
1417 787 1503 828 sub
1527 785 1645 841 pileo
1664 785 1893 828 communi

256 865 382 921 pileis
410 864 592 907 strictis.
625 865 802 906 Horum
835 862 1036 906 omnium
1065 862 1230 918 poterit
1261 871 1409 907 tamen
1438 877 1547 905 vsus
1576 862 1702 906 iuxta
1735 877 1895 907 neces—

253 942 432 986 sitatem
455 943 525 985 vel
550 941 787 997 regionum
811 941 882 984 vel
907 942 1093 983 Patrum
1116 954 1168 983 ac
1191 941 1381 982 fratrum
1404 939 1610 992 concedi,
1639 949 1684 983 vt
1716 940 1891 984 iudica—

256 1021 321 1063 bit
343 1020 562 1077 superior.
1415 1079 1418 1082 ‚

344 1099 594 1142 Necessum
617 1111 708 1139 non
731 1104 800 1141 est
818 1104 866 1139 vt
887 1096 933 1139 in
955 1096 1167 1139 omnibus
1185 1095 1430 1152 prouinciis
1447 1095 1689 1139 Societatis
1708 1103 1894 1138 vtantur

257 1175 401 1218 nostri
424 1175 581 1217 eadem
605 1174 778 1217 ratione
809 1173 1015 1226 vestitus3
1043 1188 1145 1216 narn
1173 1173 1398 1229 propriam
1426 1172 1622 1227 aliquam
1655 1172 1891 1215 formulam

255 1233 450 1296 vestium
479 1266 572 1293 non
601 1251 738 1293 habet
768 1249 986 1302 Societas,
1013 1251 1092 1292 sed
1121 1264 1219 1293 eam
1248 1249 1454 1304 sequitur
1483 1264 1536 1292 ex
1569 1249 1742 1293 ratione
1764 1249 1894 1292 insti-

257 1328 364 1380 tuti,
407 1343 541 1383 quam
582 1327 835 1370 communis
870 1334 916 1370 et
957 1327 1235 1383 approbatus
1278 1341 1387 1369 vsus
1424 1328 1562 1370 habet
1600 1328 1895 1369 honestorum

254 1401 557 1450 sacerdotum.
585 1406 707 1448 Vsus
730 1418 839 1448 vero
862 1403 1102 1448 Societatis
1125 1405 1347 1447 hactenus
1370 1413 1455 1457 est,
1480 1411 1529 1446 vt
1552 1403 1597 1445 in
1626 1403 1762 1446 variis
1785 1417 1890 1459 pro-

256 1483 416 1525 uinciis
439 1490 483 1526 et
506 1483 768 1526 sacerdotes
788 1489 834 1524 et
856 1480 1114 1524 scholastici
1139 1489 1184 1523 et
1207 1480 1310 1524 laici
1335 1481 1508 1523 varium
1534 1495 1665 1523 vsurn
1698 1480 1891 1523 vestium

254 1561 467 1611 habeant,
495 1559 758 1615 praesertim
781 1558 827 1600 in
849 1557 978 1614 pileis
1000 1565 1045 1601 et
1067 1557 1290 1613 supremis
1319 1557 1537 1600 vestibus.
1565 1559 1682 1601 Nam
1713 1557 1760 1598 in
1791 1571 1899 1612 pro—

260 1636 410 1679 uincia
434 1635 741 1692 portugalliae
763 1649 920 1678 omnes
943 1634 1110 1691 pileum
1135 1635 1379 1677 rotundum
1411 1642 1610 1690 gestant3
1637 1635 1898 1678 sacerdotes

262 1729 421 1757 omnes
455 1713 720 1765 mantelum,
745 1710 1004 1755 scholastici
1036 1711 1142 1754 item
1175 1712 1440 1763 mantelum,
1481 1713 1561 1754 sed
1598 1711 1672 1754 cui
1710 1712 1895 1755 haereat

258 1790 440 1846 quidam
479 1789 705 1846 appendix
737 1790 793 1832 ab
833 1789 988 1831 vltima
1019 1788 1199 1833 ceruice
1231 1788 1320 1832 42⁰
1343 1789 1399 1832 ad
1429 1789 1614 1831 dorsum
1645 1787 1896 1844 pertinens,

257 1868 381 1911 Laici
404 1881 513 1910 vero
536 1874 719 1923 gestant
748 1867 945 1911 mantela
973 1865 1196 1910 breuiora.
1230 1867 1280 1908 In
1310 1866 1482 1920 reliqua
1506 1865 1727 1922 Hispania
1759 1864 1899 1921 pileos

259 1946 522 1989 sacerdotes
559 1953 605 1987 et
638 1943 917 1996 scholastici,
951 1944 1195 1998 quadratos
1227 1942 1432 1997 quidem,
1459 1943 1537 1986 sed
1565 1949 1787 1998 angustos
1819 1957 1898 1997 ge—

258 2029 396 2073 stant,
422 2021 617 2065 mantela
640 2034 749 2063 vero
771 2020 934 2063 similia
957 2019 1212 2062 scholastici
1235 2028 1371 2074 atque
1395 2020 1668 2063 sacerdotes.
1697 2018 1900 2062 Coadiu-

260 2106 382 2140 tores
399 2106 550 2140 autem
569 2097 779 2143 breuiora
798 2097 1007 2140 mantela.
1029 2097 1079 2139 In
1096 2096 1224 2152 pileis
1243 2104 1392 2139 tamen
1412 2096 1726 2138 coadiutorum
1747 2095 1901 2138 diuer-

260 2190 339 2217 sus
363 2182 431 2219 est
458 2190 578 2217 vsus.
613 2175 663 2217 In
691 2174 817 2217 Italia
844 2174 919 2216 vix
949 2173 1087 2230 aliqui
1115 2174 1378 2217 sacerdotes
1406 2181 1597 2215 Vtuntur
1619 2172 1828 2216 mantelis
1857 2180 1901 2217 et

259 2252 305 2293 hi
329 2251 511 2306 quidem
533 2252 604 2295 vel
629 2251 899 2307 superiores,
926 2251 997 2293 vel
1020 2250 1097 2306 qui
1120 2250 1301 2305 aliquod
1324 2250 1521 2293 officium
1545 2258 1714 2306 gerunt
1735 2251 1901 2292 Romae

259 2329 331 2371 vel
364 2328 498 2371 etiam
532 2327 743 2383 professi3
779 2341 935 2370 omnes
966 2341 1073 2370 vero
1105 2327 1405 2371 communiter
1437 2327 1660 2382 supremis
1694 2326 1899 2369 vestibus

193 2420 196 2424 ·
261 2405 477 2449 talaribus
505 2419 609 2447 cum
638 2404 827 2446 manicis
857 2403 1173 2459 amplioribus,
1209 2418 1342 2458 quam
1375 2403 1640 2447 interiorum
1681 2402 1898 2454 vestium,

261 2490 464 2525 vtuntur.
503 2480 637 2524 Pileis
671 2481 927 2524 sacerdotes
959 2488 1003 2524 et
1035 2479 1291 2523 scholastici
1330 2480 1561 2534 quadratis
1599 2479 1781 2534 quidem
1821 2480 1901 2524 sed

262 2558 571 2614 amplioribus,
597 2565 641 2600 et
665 2557 741 2612 qui
765 2545 958 2612 angulos
986 2569 1013 2610 4
1041 2564 1242 2600 exerant.
1277 2556 1401 2599 Laici
1434 2570 1539 2599 vero
1566 2555 1696 2612 pileis
1725 2557 1903 2599 secula-

263 2636 389 2678 ribus
422 2644 467 2679 et
495 2633 779 2679 breuioribus
808 2633 1016 2676 mantelis
1038 2640 1083 2676 et
1105 2633 1309 2676 interulis
1333 2633 1553 2686 vestibus,
1579 2647 1691 2688 quas
1714 2641 1903 2676 sotanas

263 2721 428 2755 vocant
450 2720 482 2754 ὃ.
510 2713 734 2755 Censetur
755 2718 906 2753 autem
935 2711 1048 2752 haec
1077 2724 1167 2752 non
1200 2724 1298 2753 esse
1325 2709 1607 2768 difformitas,
1641 2711 1721 2754 sed
1749 2709 1902 2765 potius

264 2789 562 2841 vniformitas,
582 2787 804 2843 siquidem
821 2785 1025 2829 habitum
1044 2800 1133 2828 non
1158 2787 1379 2829 habemus
1402 2785 1648 2841 proprium,
1669 2785 1788 2828 sicut
1805 2800 1902 2828 mo-

335 2925 351 2940 a
403 2911 619 2947 Emendata
636 2923 657 2946 a
676 2911 766 2948 Nat.
787 2911 882 2945 haec
901 2910 970 2944 ult.
990 2909 1012 2943 6
1032 2910 1149 2944 verba
1168 2920 1216 2944 ex
1238 2909 1416 2944 Fuerunt
1431 2912 1572 2955 postea
1587 2913 1789 2945 seculares
1802 2910 1903 2956 pilei

269 2975 417 3010 mutati
435 2974 479 3009 in
497 2973 790 3014 ecclesiasticos,
809 2983 909 3018 quae
929 2970 968 3006 in
989 2970 1084 3008 Cod.
1106 2971 1228 3006 Vatic.
1251 2981 1268 3015 3
1289 2982 1310 3005 a
1330 2970 1418 3005 Nat.
1436 2977 1592 3006 exarata
1608 2976 1647 3006 et
1661 2970 1751 3006 dein
1765 2970 1903 3006 oblite-

269 3042 351 3069 rata
378 3040 483 3069 sunt.
