2028 3426
404 255 677 290 MONUMENTA
703 260 959 289 PROVINCIAE
983 252 1320 296 RHENANAE—-54
1558 248 1629 284 333

22 414 27 420 .
132 355 311 412 Singuli
335 356 494 398 fratres
516 356 713 398 habeant
735 354 907 409 aliquas
929 352 1166 409 imagines,
1191 357 1236 394 et
1257 351 1304 393 in
1328 350 1520 406 singulis
1543 350 1675 392 cubi·

46 435 159 478 culis
182 438 434 489 apponatur
455 446 572 486 aqua
594 430 848 484 benedicta,
875 437 920 474 et
942 430 987 472 in
1010 430 1251 472 biblioteca
1272 427 1448 483 priuata
1479 434 1524 470 et
1546 440 1672 469 com-

27 510 186 555 muni.

133 589 248 630 Cum
268 586 430 642 aliquis
446 585 571 629 venit
587 599 641 627 ex
660 584 783 627 Vrbe
800 583 1020 639 priuatus,
1037 596 1121 625 nec
1140 580 1459 624 authoritatem
1479 579 1675 634 aliquam

21 666 210 708 ·-habeat
229 679 254 706 a
272 666 406 706 Patre
423 669 578 704 nostro
596 660 812 717 generali,
833 667 882 701 vt
905 659 1073 714 aliquid
1091 657 1338 701 constituat
1362 657 1406 698 in
1425 655 1676 712 prouinciis

21 735 124 784 ‘'aut
146 739 365 796 collegiis,
401 739 474 781 vel
502 738 539 780 si
567 737 732 780 scribat
760 751 816 779 ex
844 737 984 789 Vrbe,
1009 734 1121 778 nihil
1149 741 1386 790 propterea
1408 733 1681 775 mutandum

20 826 22 829 ’
47 817 132 860 erit
153 817 199 859 in
223 813 569 872 gubernatione,
595 814 691 864 sed,
711 812 748 855 si
770 812 831 855 ita
854 812 1076 863 videatur,
1102 810 1264 866 poterit
1283 808 1513 852 admoneri
1539 810 1678 851 Pater

47 900 200 937 noster
224 891 448 949 generalis
471 906 527 933 an
550 889 659 932 velit
680 889 755 931 illa
776 904 876 932 esse
898 888 1128 930 mutanda.

138 970 297 1013 Plures
334 967 596 1023 disciplinae
623 967 750 1017 fiant,
777 972 822 1009 et
844 971 1037 1020 quatuor
1070 965 1139 1006 vel
1171 973 1192 1017 5
1218 963 1381 1005 cilicia:
1409 977 1547 1004 vnum
1569 976 1674 1017 pos-

48 1047 137 1090 sint
160 1046 266 1088 hinc
286 1046 468 1097 habere,
501 1043 673 1098 reliqua
704 1042 935 1086 mittemus
967 1056 1023 1083 ex
1046 1039 1250 1091 Colonia,
1276 1047 1322 1083 et
1348 1040 1459 1081 fiant
1482 1039 1573 1080 duo
1597 1045 1677 1080 aut

16 1144 19 1147 ¹
49 1132 140 1168 tres
163 1121 297 1166 sacci:
323 1119 704 1176 disciplinantium
728 1120 895 1175 plures.

135 1198 269 1242 Domi
291 1198 337 1240 in
360 1196 553 1252 collegio
576 1197 761 1239 breuem
792 1194 988 1237 tunicam
1012 1194 1286 1246 interiorem,
1312 1207 1428 1249 quae
1450 1193 1563 1235 solet
1586 1191 1674 1233 dici

47 1283 242 1328 sottana,
267 1289 323 1317 ne
347 1275 492 1316 ferant
514 1271 671 1324 nostri,
697 1287 754 1315 ne
777 1270 1032 1327 superiores
1055 1271 1251 1326 quidem.

135 1354 204 1396 Ne
232 1350 475 1407 propinent
503 1349 620 1391 inter
648 1363 696 1391 se
725 1350 883 1391 Patres
906 1357 984 1390 aut
1007 1349 1182 1400 fratres,
1210 1362 1313 1389 cum
1344 1347 1415 1390 vel
1443 1345 1487 1387 in
1517 1345 1678 1388 itinere

49 1429 153 1482 sint,
178 1429 250 1471 vel
273 1429 461 1470 fortasse
483 1426 602 1482 apud
625 1425 818 1480 aliquem
841 1424 1065 1480 prandent
1087 1425 1158 1466 vel
1176 1430 1387 1476 coenant3
1414 1422 1535 1465 domi
1559 1422 1678 1466 enirn

51 1505 239 1548 dubium
263 1519 361 1548 esse
383 1519 474 1546 non
497 1509 645 1559 potest
668 1501 776 1557 quin
799 1500 1035 1557 propinare
1065 1515 1155 1543 non
1178 1507 1382 1556 possunt.

140 1580 330 1627 Curabit
358 1586 591 1631 rectorvt,
623 1578 953 1634 quamprimum
984 1577 1081 1621 fieri
1109 1578 1345 1620 commode
1375 1576 1536 1632 possit,
1569 1576 1681 1618 fiant

50 1659 237 1716 pulpita,
263 1672 379 1713 quae
401 1656 608 1708 dicimus,
633 1669 714 1711 pro
736 1654 926 1710 singulis
951 1654 1163 1697 Patribus
1192 1661 1236 1696 et
1260 1653 1473 1696 fratribus
1505 1652 1681 1695 studio-

50 1735 126 1787 sis,
152 1734 198 1777 in
221 1734 386 1788 quibus
409 1732 643 1775 commode
671 1731 854 1774 studere
876 1729 1049 1786 possint
1077 1738 1109 1782 ³,
1136 1737 1180 1773 et
1210 1743 1427 1785 reponere
1456 1743 1538 1771 sua
1562 1729 1676 1771 scri-

48 1819 141 1868 pta,
167 1810 231 1854 ita
255 1818 406 1854 tamen
428 1816 476 1850 vt
498 1809 650 1850 clausa
675 1822 764 1850 non
787 1806 892 1849 sint.

137 1889 268 1943 Quae
291 1893 505 1928 emuntur
527 1899 608 1940 pro
631 1883 878 1927 domestico
899 1897 984 1926 vsu
1006 1883 1052 1925 in
1075 1883 1189 1935 foro,
1215 1882 1254 1925 si·
1275 1889 1483 1925 emantur
1507 1897 1532 1924 a
1554 1881 1682 1933 viris,

12 1980 14 1982 ’
49 1979 102 2007 ea
124 1970 315 2021 possunt
339 1964 523 2005 domum
553 1961 730 2004 adferre
766 1960 812 2012 ii;
838 1959 875 2003 si
898 1975 923 2002 a
961 1959 1240 2011 mulieribus,
1273 1974 1331 2003 ne
1361 1957 1682 2014 permittantur

19 2028 22 2029 ⁷
50 2050 99 2083 vt
126 2041 250 2096 ipsae
272 2040 329 2082 ad
366 2038 609 2095 collegium
638 2044 842 2080 nostrum
879 2038 951 2081 vel
989 2036 1300 2079 conuictorum
1340 2036 1486 2078 ferant
1508 2050 1577 2087 ea,
1603 2035 1685 2078 sed

13 2168 16 2170 ,
51 2117 173 2160 illinc
196 2123 397 2172 accepta,
439 2116 511 2159 vel
533 2130 612 2170 per
640 2129 688 2157 se
716 2120 908 2169 emptor,
940 2113 1013 2156 vel
1040 2128 1121 2169 per
1148 2127 1340 2168 puerum
1373 2111 1584 2167 aliquem,
1610 2110 1684 2153 cui

8 2222 18 2232 .·
53 2193 222 2249 aliquid
244 2193 408 2244 soluat,
433 2192 619 2234 domum
648 2191 839 2234 adferat.

142 2269 485 2312 Admoneantur
517 2269 677 2311 fratres
704 2282 861 2310 omnes
896 2266 1053 2309 Vltima
1080 2266 1153 2310 die
1189 2265 1336 2308 carnis
1374 2264 1523 2321 priuii,
1550 2272 1613 2316 vt,
1647 2263 1685 2306 si

54 2347 210 2400 velint,
237 2347 540 2389 confiteantur
560 2352 606 2388 et
627 2343 961 2387 communicent
988 2342 1035 2385 in
1057 2343 1129 2385 die
1153 2342 1371 2394 cinerum,
1398 2341 1509 2383 nulli
1532 2348 1686 2384 tamen

8 2434 19 2474 ‘j
58 2422 378 2479 praecipiatur.

15 2489 18 2492 .
144 2500 461 2543 Obseruentur
483 2498 669 2554 regulae
690 2496 977 2549 bibliotecae,
1003 2503 1048 2539 et
1066 2496 1217 2538 nullus
1234 2494 1374 2538 libere
1392 2493 1682 2549 permittatur

57 2575 234 2633 ingredi
255 2576 311 2618 ad
348 2576 548 2617 clausam
585 2573 890 2625 bibliotecam,
932 2571 1019 2615 nisi
1041 2586 1096 2615 ex
1135 2572 1350 2614 facultate
1382 2569 1586 2620 rectoris,
1613 2570 1687 2611 vel

19 2705 24 2710 ι
57 2651 258 2708 generali
291 2652 364 2696 vel
386 2650 661 2707 particulari3
688 2657 821 2694 erunt
848 2648 969 2692 enim
991 2648 1130 2704 aliqui
1158 2647 1294 2699 domi,
1321 2646 1488 2702 quibus
1522 2646 1687 2700 poterit

19 2742 22 2745 ·
57 2728 156 2772 dari
178 2727 408 2784 generalis
425 2727 623 2782 licentia3
649 2727 739 2778 alii,
767 2726 933 2781 quibus
955 2741 1047 2769 non
1068 2724 1267 2768 debebit.

143 2806 214 2849 Ne
235 2804 509 2860 accipiamus
531 2818 686 2846 curam
703 2803 959 2858 juratorum
982 2802 1201 2846 ecclesiae
1224 2808 1421 2843 nostrae:
1449 2799 1548 2840 illos
1571 2797 1686 2839 dixit

57 2895 105 2924 se
128 2871 410 2924 mutaturum
433 2880 660 2936 princeps,
693 2893 796 2922 cum
826 2878 1018 2932 venerit,
1051 2885 1094 2922 et
1124 2885 1389 2920 curaturum
1419 2884 1467 2917 vt
1490 2874 1548 2917 sit
1572 2873 1690 2915 alius

59 2958 356 3001 sacristanus.

131 3062 147 3079 a
174 3052 251 3087 Ms.
268 3054 446 3098 possunt.
