2028 3426
425 278 700 313 MONUMENTA
727 277 982 313 GERMANJAE
1007 283 1347 321 mummolus—40
1585 284 1650 321 251

71 381 216 424 cenda
254 379 300 422 in
339 379 411 422 his
451 379 655 435 collegiis
695 379 914 423 Bauariae
949 378 1234 422 consuetudo
1277 377 1446 432 aliqua,
1492 392 1550 421 ne
1588 377 1707 420 illico

73 470 295 512 cogamur
319 455 560 511 adstringi.

164 545 230 576 Io.
297 531 490 575 Dabitur
508 545 642 587 opera
664 546 743 587 per
766 540 1002 584 rectorem,
1024 537 1071 573 vt
1088 531 1297 573 doctores
1319 529 1480 582 nostri,
1503 536 1548 573 et
1571 529 1705 572 etiam

69 609 274 665 magistri
295 608 476 661 artium,
501 608 578 663 qui
601 616 707 651 sunt
729 609 785 652 de
802 608 951 663 aliqua
968 606 1342 665 congregatione,
1364 622 1420 651 ne
1437 605 1704 648 muneribus

68 685 260 742 publicis
277 684 441 737 desint,
466 691 512 727 et
533 677 691 729 deesse
712 700 804 727 non
827 684 1014 740 possint,
1040 685 1211 740 absque
1232 683 1413 727 licentia
1436 682 1640 725 rectoris.

162 775 177 805 Ι
191 775 227 805 1.
292 762 515 805 Aduertat
537 761 777 817 diligenter
800 769 962 813 rector,
988 775 1045 804 ne
1067 760 1285 803 cereuisia
1306 767 1538 804 remaneat
1561 758 1606 800 in
1630 772 1705 800 re-

70 839 256 882 fectorio
278 845 434 890 noctu,
460 853 563 881 nam
587 838 623 881 si
641 839 719 880 fiat
742 838 902 890 calida,
929 837 1144 894 postridie
1165 837 1345 880 nocebit
1368 836 1598 880 fratribus.

162 928 229 958 12.
295 914 364 958 Sit
386 929 618 957 scamnum
643 915 714 958 vel
738 914 1052 970 repositorium
1076 915 1300 969 quoddam
1323 913 1369 956 in
1391 913 1609 965 sacristia,
1629 913 1705 955 vbi

68 993 326 1036 sacerdotes
350 992 620 1035 celebraturi
642 991 815 1047 possint
838 992 1064 1047 deponere
1085 998 1255 1035 vestes.

162 1081 229 1123 13.
296 1069 494 1111 Curetur
515 1075 564 1110 vt
587 1068 856 1124 tempestiue
880 1068 968 1110 cibi
991 1068 1079 1110 sint
1102 1067 1234 1119 cocti,
1261 1074 1306 1111 et
1326 1063 1472 1123 parati
1489 1082 1576 1109 vna
1594 1067 1707 1109 hora

69 1153 174 1188 ante
197 1145 371 1201 prandii
394 1146 568 1198 horam,
599 1153 648 1188 vt
680 1148 729 1188 P.
758 1146 989 1188 Arboreus
1017 1148 1025 1166 ¹
1051 1144 1192 1201 possit
1213 1145 1450 1200 prandere,
1477 1152 1522 1188 et
1543 1144 1706 1186 diebus

71 1221 226 1266 ieiunii
249 1221 384 1266 etiam
408 1222 636 1278 anticipet.

163 1311 230 1352 14.
296 1301 358 1342 Vt
379 1299 558 1351 ianuae,
584 1314 671 1354 qua
695 1299 786 1342 itur
807 1300 863 1342 ad
886 1299 1118 1355 templum,
1145 1305 1189 1342 et
1211 1312 1300 1353 qua
1322 1298 1378 1341 ad
1401 1298 1594 1349 scholas,
1620 1299 1703 1339 ha-

66 1370 171 1418 beat
193 1376 367 1418 clauem
389 1375 552 1418 ianitor
575 1383 620 1418 et
643 1382 808 1419 rector.

160 1464 226 1506 15.
293 1452 503 1504 Mathias,
536 1452 612 1507 qui
640 1452 793 1495 ueniet
822 1453 878 1495 ad
915 1467 1013 1504 nos,
1056 1459 1184 1494 curet
1222 1452 1388 1496 habere
1426 1464 1700 1493 consensum

66 1529 236 1581 matris,
268 1529 339 1571 vel
367 1529 525 1572 saltem
553 1535 603 1570 vt
630 1543 719 1571 non
750 1529 999 1572 dissentiat.
1030 1530 1087 1570 Et
1109 1528 1244 1571 simul
1266 1534 1443 1583 oportet
1466 1527 1702 1582 explorare

64 1607 343 1648 voluntatem
366 1605 594 1662 principis,
620 1621 677 1649 ne
698 1620 835 1662 aegre
853 1607 967 1650 ferat
984 1606 1020 1649 si
1037 1605 1135 1649 eius
1151 1605 1491 1661 stipendiarium
1510 1603 1702 1659 recipia-

65 1697 182 1735 mus,
207 1682 244 1725 si
267 1682 312 1725 id
334 1682 606 1726 iudicabitur
628 1690 839 1739 oportere
859 1683 971 1725 fieri.
1000 1683 1085 1726 His
1111 1681 1346 1740 expeditis,
1373 1681 1536 1737 poterit
1559 1680 1697 1736 recipi

66 1766 111 1802 et
132 1759 250 1801 mitti
274 1760 583 1812 Monachium,
611 1767 658 1802 vt
680 1762 733 1803 R.
762 1762 814 1802 P.
841 1759 1017 1803 Natalis
1040 1759 1287 1814 perscribet
1309 1757 1536 1814 Dilingae.

159 1836 225 1878 16.
291 1835 662 1891 Christophorus,
688 1835 765 1891 qui
794 1837 891 1878 vult
918 1835 1054 1878 etiam
1083 1834 1237 1890 recipi,
1269 1834 1479 1889 impetret
1509 1834 1699 1876 faculta—

66 1919 156 1955 tem
179 1928 204 1955 a
226 1919 369 1967 patre3
394 1926 529 1967 quam
551 1926 654 1955 cum
673 1913 900 1964 habuerit,
926 1913 981 1954 de
1005 1926 1058 1955 eo
1082 1907 1302 1954 referatur
1325 1911 1380 1954 ad
1404 1912 1457 1953 R.
1484 1911 1538 1954 P.
1558 1911 1700 1952 Nata-

68 1988 173 2040 lem,
199 1988 235 2030 si
260 1988 318 2030 sit
340 1988 384 2030 in
408 1987 653 2043 prouintia,
679 1990 751 2032 vel
773 1990 830 2031 ad
851 1990 905 2031 R.
934 1990 987 2031 P.
1014 1987 1343 2044 provintialem.

161 2063 226 2118 1'7.
294 2065 649 2121 Christophorus
672 2067 886 2109 doceatur
910 2064 1099 2109 examen
1117 2064 1281 2116 facere,
1303 2071 1348 2107 et
1365 2078 1443 2120 pro
1461 2078 1544 2106 suo
1561 2048 1697 2119 captu

66 2155 209 2185 orare.

163 2219 231 2263 18.
297 2219 502 2275 Magistri
525 2220 718 2262 Arborei
739 2220 952 2262 valetudo
974 2219 1215 2275 diligenter
1231 2225 1429 2261 curetur.
1456 2217 1545 2260 Hic
1568 2217 1700 2259 simul

65 2308 169 2337 cum
192 2295 385 2338 lectione
402 2296 551 2352 logica
568 2296 676 2338 dicit
693 2311 742 2340 se
764 2311 896 2352 posse
913 2297 1064 2352 legere
1083 2296 1212 2340 facile
1229 2295 1468 2339 lectionem
1486 2307 1695 2349 graecam

26 2384 27 2388 ¹
65 2372 111 2413 in
134 2370 423 2415 inferioribus
445 2373 679 2425 classibus,
706 2380 751 2416 et
773 2373 837 2415 sic
858 2372 1058 2428 incipiet.

158 2461 224 2505 19.
290 2450 436 2493 Detur
449 2453 586 2505 opera
601 2457 650 2491 vt
667 2451 719 2492 P.
742 2452 905 2493 Petrus
922 2433 1183 2492 instituatur
1200 2449 1245 2491 in
1264 2449 1399 2492 rebus
1417 2446 1696 2504 philosophi-

63 2523 144 2578 cis,
169 2525 306 2567 etiam
331 2526 368 2568 si
390 2526 452 2568 illi
474 2526 769 2582 relinquenda
790 2534 909 2569 esset
931 2526 1065 2570 lectio
1089 2525 1358 2581 theologica.

153 2613 224 2644 20.
290 2602 646 2658 Christophorus
668 2603 726 2645 sit
749 2617 902 2646 cocus.

154 2690 225 2721 21.
292 2679 551 2734 Explicetur
572 2679 807 2722 infirmitas
827 2679 963 2722 Blasii
980 2679 1170 2731 medico,
1191 2687 1236 2722 et
1253 2679 1371 2721 sinat
1389 2693 1436 2721 se
1455 2693 1628 2721 curare.

153 2767 224 2810 23.
291 2755 479 2799 Habitet
502 2758 555 2798 P.
582 2756 850 2799 Vincentius
872 2771 975 2798 cum
999 2755 1391 2806 commensalibus,
1418 2762 1462 2797 ct
1479 2768 1691 2797 exercea-

66 2840 139 2875 tur
165 2831 212 2873 in
241 2846 397 2875 eorum
427 2832 771 2886 gubernatione,
803 2839 1022 2887 quantum
1052 2832 1230 2887 poterit,
1262 2840 1310 2873 vt
1339 2830 1564 2886 possimus
1589 2829 1692 2871 inde

65 2909 302 2965 colligere,
336 2924 393 2951 an
426 2908 484 2951 sit
511 2915 644 2964 aptus
672 2908 990 2964 gubernationi
1020 2908 1170 2960 alteri;
1203 2916 1387 2951 curetur
1419 2914 1565 2949 tamen
1596 2905 1695 2947 eius

68 2986 302 3029 valetudo.

137 3079 147 3099 ¹
201 3079 246 3113 P.
272 3078 464 3113 Henricus
484 3079 701 3114 Arboreus.
726 3078 785 3116 Cf.
812 3079 937 3124 Epist.
959 3079 1004 3114 P.
1027 3078 1175 3119 Nadal,
1195 3078 1259 3123 ΙΙΙ,
1281 3076 1366 3121 379.
