2028 3426
617 240 890 277 MONUMENTA
917 240 1266 277 GERMANIAE—32
1638 241 1706 276 223

129 340 444 396 improbitatis,
477 347 566 384 tam
603 341 797 385 alienum
836 343 891 385 ab
929 341 1050 385 omni
1088 350 1223 398 captu
1259 342 1508 394 hominum,
1541 350 1590 385 ut
1626 343 1714 385 iam
1736 352 1754 368 a

31 440 33 449 2
72 451 81 457 .
130 416 347 460 haeretici
370 431 525 459 omnes
548 417 594 459 in
617 418 886 461 contrariam
918 419 1186 462 sententiam
1217 417 1407 474 pedibus
1435 418 1582 470 ierint,
1618 426 1753 474 atque

131 494 398 545 Lutherum,
423 493 623 549 ipsorum
646 493 951 549 impostorem,
977 496 1062 537 hac
1084 495 1130 537 in
1152 509 1200 537 re
1223 494 1476 548 reiecerint,
1501 502 1551 537 ut
1587 495 1632 537 in
1656 495 1753 537 aliis

131 570 372 625 plerisque.
399 570 521 625 Quid
543 570 698 625 igitur,
724 578 941 626 peccatne
958 571 1003 613 in
1026 571 1147 614 omni
1168 585 1303 627 opere
1325 571 1573 614 mortaliter
1596 574 1752 615 homo?

128 648 216 689 hoc
237 661 346 689 uero
369 646 617 690 haereticos
638 661 728 689 non
746 647 890 689 solum
913 661 1166 703 peruersos,
1187 649 1266 690 sed
1283 648 1416 703 plane
1434 649 1568 692 rudes
1586 648 1748 704 perdit.

219 724 339 766 Num
361 723 466 765 fidei
489 737 601 779 opus
624 737 714 766 non
737 730 805 766 est
834 726 1058 766 nostrum?
1087 724 1210 780 Quid
1231 724 1396 780 igitur?
1423 731 1491 767 est
1518 726 1606 768 hoc
1639 740 1753 781 opus

129 806 366 855 peccatum
389 800 596 842 mortale?
623 801 744 843 Num
774 800 860 842 alia
892 815 1042 856 opera,
1079 815 1194 856 quae
1226 801 1456 857 praecepit
1486 803 1629 855 Deus,
1660 817 1752 845 non

130 885 320 932 possunt
342 877 438 919 sine
460 884 648 932 peccato
671 877 866 932 impleri?
888 877 1029 919 Immo
1053 893 1161 921 uero
1183 878 1257 921 illa
1279 878 1376 934 ipsa
1406 887 1540 922 erunt
1568 894 1647 936 per
1670 894 1751 922 uos

130 961 315 1008 peccata
338 953 555 996 mortalia.
581 953 726 1010 Igitur
748 954 975 1009 praecepit
997 956 1122 998 Deus
1145 962 1195 997 ut
1218 956 1488 1007 offendatur,
1515 962 1565 998 ut
1586 957 1752 1000 habeat

126 1031 252 1085 quod
275 1031 521 1073 condonet?
542 1030 778 1073 Faciamus
800 1029 938 1086 igitur
961 1032 1090 1082 mala,
1117 1039 1166 1073 ut
1188 1031 1401 1075 eueniant
1423 1032 1555 1088 bona.

217 1107 280 1151 At
307 1121 548 1162 peccamus
579 1106 811 1150 uenialiter
840 1107 1059 1163 (inquies).
1093 1109 1142 1150 Id
1179 1122 1414 1151 necessum
1447 1108 1626 1164 quidem
1660 1124 1750 1151 non

126 1191 196 1226 est
232 1183 277 1225 in
315 1183 437 1226 omni
479 1198 635 1239 opere,
681 1191 730 1226 ut
773 1184 935 1239 passim
980 1199 1035 1227 ex
1078 1184 1298 1240 scriptura
1340 1192 1618 1241 compertum
1662 1194 1745 1230 est.

126 1260 352 1316 Quamuis
375 1267 525 1304 autem
542 1260 628 1303 illis
645 1260 842 1316 peccatis
859 1275 947 1303 non
966 1275 1166 1304 essemus
1185 1276 1382 1316 unquam
1401 1262 1585 1305 omnino
1602 1262 1746 1316 liberi,

129 1345 279 1381 tamen
302 1352 393 1380 non
417 1337 602 1392 impedit
623 1337 812 1393 gratiam
844 1337 929 1382 Dei
962 1338 1097 1394 (omni
1129 1354 1184 1382 ex
1213 1340 1351 1394 parte)
1382 1338 1558 1383 ueniale
1586 1353 1747 1395 pecca—

128 1421 238 1466 tum,
265 1421 314 1456 ut
336 1414 456 1456 illam
479 1429 570 1457 non
592 1414 804 1458 excludit.
831 1415 911 1457 Est
933 1414 1072 1470 igitur
1093 1416 1255 1457 efficax
1277 1415 1423 1471 gratia
1444 1416 1530 1460 Dei
1547 1416 1592 1458 in
1615 1416 1747 1459 nobis

98 1524 101 1531 ,
126 1491 361 1534 uenialiter
384 1490 691 1546 peccantibus,
717 1490 891 1535 etiamsi
915 1491 1153 1547 tepidiores
1176 1506 1258 1534 nos
1275 1492 1433 1535 reddat
1450 1493 1626 1536 ueniale
1642 1507 1747 1549 pec·-

121 1574 291 1610 catum.

209 1644 256 1688 Si
280 1658 388 1686 uero
411 1644 527 1699 quis,
548 1645 603 1686 ad
626 1644 825 1688 fomitem
849 1651 893 1686 et
915 1643 1328 1699 concupiscentiam
1357 1644 1619 1700 respiciens,
1646 1660 1744 1690 me-

121 1721 256 1764 ritum
279 1728 484 1764 nostrum
507 1721 612 1764 inde
633 1720 812 1763 excludi
835 1722 1094 1772 contendat,
1120 1721 1157 1763 is
1180 1721 1289 1777 quid
1316 1722 1436 1764 dicat
1458 1737 1552 1764 non
1576 1722 1742 1765 intelli·
1778 1745 1782 1749 ⁴

120 1796 205 1853 git3
231 1812 334 1840 nam
357 1796 750 1852 concupiscentiae
771 1799 914 1840 fomes
935 1797 1044 1852 quid
1073 1797 1194 1840 aliud
1217 1806 1301 1849 est,
1328 1812 1462 1853 quam
1493 1799 1742 1842 fomentum

123 1873 403 1917 tentationis?
421 1874 558 1929 Quod
579 1873 616 1916 si
638 1875 891 1916 fomentum
914 1874 1190 1927 tentationis,
1210 1874 1473 1918 exercitium
1491 1890 1743 1931 conseque-

126 1957 198 1993 tur
219 1950 420 2006 spiritus,
446 1952 567 1993 unde
595 1950 747 1993 euadit
777 1958 1041 2006 prouentus.
1068 1951 1189 1993 Hinc
1218 1965 1449 2007 rogamus,
1481 1959 1530 1994 ut
1559 1967 1648 1995 non
1671 1953 1742 1995 in-

121 2028 344 2070 ducamur
372 2027 417 2069 in
447 2027 741 2071 tentationem
804 2061 812 2079 ,
843 2034 888 2070 et
921 2042 1012 2069 non
1041 2027 1189 2083 potius
1224 2035 1272 2070 ut
1302 2029 1470 2071 nullam
1493 2030 1742 2073 habeamus

124 2100 433 2156 tentationem,
460 2118 593 2159 quam
623 2105 678 2146 ad
707 2103 945 2146 utilitatem
976 2104 1145 2146 Paulus
1174 2103 1269 2147 dari
1298 2111 1490 2147 testatur
1520 2106 1551 2147 ².
1580 2108 1682 2162 Jam
1705 2106 1742 2148 si

784 2029 793 2048 1

121 2180 311 2245 tentatio
335 2187 380 2224 et
402 2182 544 2224 fomes
566 2187 803 2236 peccatum
827 2195 917 2223 non
941 2188 1025 2233 est,
1052 2195 1224 2225 mereor
1242 2180 1382 2237 igitur
1400 2182 1544 2238 magis
1562 2198 1617 2226 ex
1636 2198 1738 2239 gra—

120 2255 182 2299 tia
203 2256 304 2309 Dei,
330 2257 367 2299 si
391 2257 464 2300 uel
486 2256 570 2300 rite
591 2255 716 2298 illum
739 2270 972 2312 oppugno,
1000 2257 1073 2299 uel
1096 2256 1286 2300 uiriliter
1309 2272 1539 2313 expugno.

210 2333 257 2376 Si
281 2340 486 2375 naturam
512 2333 686 2376 animae
709 2332 968 2376 consideres
986 2347 1041 2380 ex
1059 2333 1375 2385 creationeea
1393 2348 1533 2390 capax
1551 2343 1619 2378 est
1638 2336 1739 2387 Dei,

121 2417 167 2453 et
190 2424 268 2465 per
290 2417 524 2465 peccatum
549 2409 728 2464 quidem
746 2423 835 2451 non
854 2410 901 2451 fit
929 2417 977 2451 ut
995 2409 1228 2451 amittatur
1247 2424 1444 2464 unquam
1465 2410 1738 2463 intellectus,

125 2487 333 2528 uoluntas
355 2494 398 2529 ct
422 2486 611 2530 liberum
641 2485 889 2536 arbitrium,
930 2500 1045 2540 quae
1068 2485 1239 2528 destrui
1268 2501 1358 2529 non
1382 2502 1513 2542 posse
1536 2497 1739 2543 apertum

120 2570 206 2614 est,
233 2562 319 2605 nisi
341 2565 569 2606 destructa
605 2570 741 2617 atque
770 2562 814 2604 in
843 2562 1032 2604 nihilum
1063 2564 1249 2605 reducta
1282 2563 1445 2606 anima.
1474 2566 1572 2607 Hae
1602 2565 1740 2620 igitur

123 2653 214 2681 non
236 2646 424 2695 pereunt
445 2639 688 2695 potentiae,
709 2640 788 2683 sed
806 2646 1040 2694 peccatum
1065 2639 1171 2681 facit
1194 2648 1255 2690 ut,
1277 2640 1439 2682 amissa
1462 2640 1632 2683 iustitia
1650 2642 1740 2683 ori-

120 2715 277 2771 ginali,
298 2716 461 2758 amissa
483 2716 644 2772 gratia,
665 2724 923 2771 comparata
940 2715 1071 2771 graui
1090 2723 1319 2771 praeterea
1341 2716 1639 2771 aegritudine,
1661 2718 1715 2759 de

155 2865 159 2869 ·
193 2861 209 2878 a
252 2854 333 2884 tam
355 2861 425 2885 ms.

193 2975 203 2995 ¹
255 2976 422 3010 MATTH.
444 2975 508 3020 VI,
534 2974 588 3011 13.

193 3034 206 3054 2
256 3033 273 3066 Ι
292 3033 409 3078 COR„
428 3033 477 3078 X,
501 3032 555 3070 13.
