2028 3426
462 291 735 326 MONUMENTA
761 296 1015 325 Pnovmcmss
1043 288 1355 331 AUSTR1AE—49
1606 294 1674 330 297

182 397 307 441 Patri
330 398 521 441 Scherer
545 397 678 439 detur
702 397 907 447 facultas,
934 404 984 436 ut
1009 395 1144 445 uolet,
1170 393 1214 435 in
1240 392 1456 435 ambitum
1476 393 1719 444 adducere,

96 474 167 518 uel
186 474 230 515 in
249 474 564 529 hipocaustum
581 472 814 515 exterioris
833 473 1008 523 domus,
1024 471 1187 525 siquos
1206 470 1384 512 uidetur
1396 483 1528 524 posse
1546 468 1719 519 iuuare,

95 550 194 594 siue
216 550 485 601 haereticos,
507 548 604 591 siue
622 549 746 600 alios,
768 550 824 591 ad
841 550 1070 604 pietatem;
1091 555 1136 590 et
1158 547 1290 589 detur
1311 545 1374 587 illi
1397 559 1505 587 cura
1522 544 1724 599 peculia-

94 627 171 679 ris,
195 634 243 668 ut
260 633 468 669 exerceat
490 625 664 679 aliquos
690 626 847 668 fratres
870 625 926 667 ad
948 623 1310 667 concionandum
1333 629 1377 665 et
1400 621 1612 673 instruat,
1633 627 1720 662 etc.

183 702 537 758 Christophorus
559 701 616 744 sit
632 701 817 756 janitor.

185 781 237 822 P.
280 778 590 822 Theodoricus
627 779 902 833 westphalus
930 784 1192 832 perseueret
1224 790 1323 818 6556
1356 782 1502 817 rector
1540 772 1724 829 collegii

96 856 220 908 noui,
246 857 326 899 sed
355 862 597 899 exerceant
619 855 664 896 in
695 854 819 896 illum
850 853 1138 909 prouincialis
1160 859 1204 895 et
1228 859 1378 894 rector
1401 866 1529 893 suam
1554 849 1726 892 autori-

96 940 250 984 tatem,
278 940 322 976 et
345 932 607 974 contineant
637 932 683 973 in
706 931 854 973 officio
884 939 927 974 et
957 930 1229 982 obedientia,
1261 937 1305 973 et
1335 934 1617 983 exequantur
1647 940 1726 968 eas

96 1009 435 1061 instructiones,
463 1023 578 1063 quac
601 1009 731 1050 datae
755 1014 863 1049 sunt
885 1008 941 1049 de
963 1006 1040 1049 illo
1064 1006 1272 1062 collegio.

183 1085 253 1128 De
278 1088 330 1128 P.
357 1084 565 1128 Emerico
587 1084 675 1126 iarn
698 1084 869 1126 dictum
894 1092 976 1126 est.
1124 1127 1132 1137 ,

187 1165 238 1205 Ρ.
265 1163 562 1217 Wolffangus
584 1169 744 1217 perget
766 1160 811 1202 in
835 1175 917 1203 sua
940 1161 1082 1202 classe
1104 1159 1369 1203 rhetorices

188 1241 239 1282 P.
268 1241 465 1282 Thomas
487 1239 533 1281 in
555 1253 652 1289 sua;
679 1246 724 1282 et
748 1246 914 1289 tamen,
947 1238 1153 1279 absoluto
1182 1250 1334 1287 cursu,
1367 1242 1487 1278 esset
1517 1234 1641 1290 utile,
1678 1242 1728 1275 ut

99 1318 286 1359 Romam
311 1316 566 1359 mitteretur
588 1316 644 1357 ad
658 1314 815 1374 ¹studia
839 1313 1111 1369 theologica.

188 1394 417 1436 Mattheus
441 1394 673 1435 Bauareus
695 1398 846 1447 posset
868 1391 1035 1432 habere
1058 1390 1178 1432 aliud
1202 1389 1417 1433 officium.

189 1471 378 1512 Ioannes
402 1469 605 1524 Baptista
629 1476 876 1523 occupetur
898 1466 1047 1521 aliquo
1070 1466 1232 1508 officio.

188 1547 504 1589 Bartholomeo
526 1544 828 1588 substituatur
851 1543 980 1594 alius,
1007 1543 1043 1585 si
1067 1543 1162 1586 fieri
1186 1542 1342 1598 possit,
1363 1542 1408 1584 in
1426 1541 1645 1593 sacristia,
1668 1555 1725 1583 ne

102 1630 416 1678 corrumpatur
439 1637 464 1664 a
485 1621 710 1677 cognatis.

188 1699 457 1744 Valentinus
479 1700 710 1749 doceatur,
737 1697 886 1753 quoad
909 1696 1005 1740 eius
1034 1697 1131 1739 fieri
1162 1696 1301 1752 possit
1330 1702 1374 1739 et
1403 1696 1500 1737 eius
1529 1694 1726 1737 officium

100 1777 284 1833 patitur,
311 1784 453 1818 artem
478 1774 865 1831 typographicam.

191 1854 242 1894 P.
278 1852 381 1895 Pais
409 1852 524 1895 solet
553 1865 653 1894 6556
681 1851 859 1894 infirma
890 1850 1164 1902 ualetudine3
1194 1857 1399 1911 preterea
1427 1863 1519 1891 non
1547 1847 1728 1890 uidetur

102 1930 395 1985 occupandus
424 1929 469 1970 in
499 1927 679 1984 publico
701 1936 746 1970 et
774 1927 1028 1971 necessario
1056 1941 1257 1978 munere,
1290 1927 1378 1968 hoc
1399 1933 1483 1976 est,
1521 1932 1569 1966 ut
1595 1924 1730 1979 profi-

103 2014 252 2048 teatur
289 2005 564 2061 theologiam
601 2005 645 2046 in
684 2004 930 2057 academia,
971 2003 1104 2046 etiam
1143 2003 1179 2046 si
1211 2003 1297 2045 alio
1330 2009 1449 2045 esset
1482 2001 1730 2043 mittendus

103 2085 161 2126 D.
198 2083 489 2134 Adalbertus,
526 2096 670 2136 eoque
695 2081 860 2133 minus,
896 2081 1017 2136 quod
1050 2095 1141 2123 non
1169 2087 1236 2123 est
1269 2079 1531 2131 mittendus;
1564 2077 1730 2133 poterit

105 2167 255 2202 tamen
282 2160 495 2214 occupari
518 2159 591 2201 uel
622 2158 759 2209 domi,
796 2165 845 2199 ut
873 2158 995 2213 legat
1026 2171 1157 2200 casus
1187 2155 1509 2207 conscientiae,
1545 2155 1619 2198 uel
1650 2154 1730 2197 ali-

104 2250 239 2290 quam
277 2235 517 2279 ]ectionem
556 2234 830 2289 theologiae.
878 2235 977 2289 Ipse
1017 2234 1196 2275 uidetur
1233 2232 1385 2287 potius
1422 2231 1636 2273 inclinare
1674 2230 1731 2272 ad

105 2313 353 2355 audiendas
386 2311 709 2363 confessioneS,
745 2317 790 2354 et
823 2310 869 2352 in
891 2310 960 2352 his
990 2310 1152 2365 poterit
1183 2309 1317 2352 etiam
1352 2307 1580 2364 occupari,
1618 2314 1662 2349 et
1685 2307 1731 2348 in

106 2389 402 2432 concionibus
423 2387 656 2432 habendis.
684 2387 906 2439 Breuiter,
932 2388 989 2445 de
1010 2387 1085 2429 illo
1108 2393 1175 2431 est
1197 2384 1474 2441 experientia
1502 2383 1731 2439 accipien-

105 2467 163 2508 da
190 2480 315 2518 casu,
346 2465 455 2520 quid
485 2464 640 2519 possit,
672 2471 717 2507 et
745 2464 853 2518 quid
880 2463 1094 2507 libentius
1123 2462 1272 2514 faciat3
1305 2469 1349 2504 et
1377 2461 1414 2504 si
1445 2460 1731 2515 contingeret

106 2557 206 2586 esse
228 2556 464 2585 necessum
486 2541 636 2597 aliquo
658 2555 783 2593 casu,
814 2548 864 2583 ut
893 2541 1179 2596 profiteretur
1209 2539 1254 2580 in
1284 2537 1531 2587 academia,
1566 2535 1731 2591 poterit

106 2618 324 2663 declarari
346 2618 561 2674 magister
582 2618 745 2660 artium
769 2625 813 2661 et
836 2616 1094 2672 theologiae
1116 2617 1328 2658 doctor...

198 2697 259 2739 Vt
282 2702 434 2737 notam
456 2694 645 2750 effugiat
671 2697 721 2737 P.
749 2693 1058 2737 Theodoricus
1081 2691 1350 2742 tenacitatis,
1378 2705 1432 2732 ne
1463 2696 1621 2731 notent
1651 2701 1733 2728 nos

108 2786 267 2814 omnes
290 2772 544 2814 tenacitatis
573 2779 618 2815 et
653 2771 885 2822 auaritiae,
918 2770 1158 2825 diligenter
1186 2768 1515 2810 animaduertat
1545 2764 1732 2819 prouin-

111 2849 235 2892 cialis
258 2863 314 2891 ne
335 2849 511 2890 lucrum
534 2848 716 2903 aliquod
738 2848 816 2889 fiat
838 2861 893 2889 ex
916 2846 1135 2902 pecuniis,
1162 2859 1274 2899 quas
1297 2844 1479 2884 soluunt
1498 2840 1733 2882 conuicto-

112 2940 199 2978 res,
225 2932 270 2968 et
293 2939 408 2980 quae
431 2932 536 2967 sunt
558 2939 640 2980 pro
663 2923 940 2979 pauperibus
963 2922 1271 2977 exponendae,
1303 2918 1385 2960 nisi
1417 2917 1453 2960 si
1483 2916 1589 2971 quid
1620 2917 1733 2958 forte

111 3003 169 3044 ad
191 3003 351 3044 domus
375 3001 684 3053 refectionem,
711 3001 784 3044 uel
807 3000 863 3042 ad
885 2997 1209 3054 suppellectilia
1233 2996 1421 3039 emenda
1443 2994 1499 3035 sit
1523 3007 1733 3036 necessa—

114 3079 246 3132 rium,
273 3080 345 3123 uel
367 3079 424 3121 ad
446 3079 601 3120 libros.
