2028 3426
678 255 857 290 NOTlTlA
884 262 1074 290 comeum
1595 264 1637 299 27

59 363 226 400 tiones.»
250 359 333 396 Inc.
356 359 519 395 <‹“Haec
541 359 703 394 minima
720 355 1461 406 Congregatio‚‚.-—Congregationem
1477 367 1688 393 necessum

16 481 19 485 ²
62 433 134 470 fuit
157 431 267 479 prius
294 430 492 467 dicere...»
529 429 625 466 Des.
657 433 760 466 «...et
787 428 952 475 quidem
979 427 1030 464 de
1056 426 1237 475 partibus
1263 426 1475 464 Societatis
1509 427 1603 463 satis
1630 428 1689 463 di-

61 509 168 541 ctum
189 506 285 538 est.»

137 573 227 610 Hae
247 576 383 609 autern
403 572 442 607 in
464 582 638 607 examen
659 571 942 607 annotationes
962 569 1088 606 multo
1109 569 1312 617 longiores
1339 573 1379 604 et
1403 568 1568 604 ditiores
1596 574 1687 604 sunt

13 634 16 638 ¹
61 645 133 682 illis
154 643 316 681 scholiis
337 643 461 690 ipsius
482 642 647 688 Natalis,
668 642 720 678 de
741 641 888 688 quibus
909 642 948 678 in
969 640 1048 678 vol.
1070 640 1099 686 I,
1119 651 1210 688 pag.
1233 649 1474 684 XLV—XLVII,
1496 638 1685 675 diximus.

66 716 253 764 Quonam
273 719 408 751 autem
427 719 609 761 tempore
626 713 698 749 has
715 713 997 749 annotationes
1018 711 1171 748 Natalis
1187 710 1402 758 scripserit,
1420 722 1501 746 non
1519 714 1686 746 constat.

65 786 263 824 Fortassis
284 785 568 833 Ulyssiponae,
589 795 695 820 anno
723 791 835 832 1553,
862 783 1041 830 quando,
1062 787 1105 819 ut
1125 782 1211 829 ipse
1231 782 1297 827 ait,
1318 780 1496 828 incoepit
1515 792 1688 816 examen

65 857 225 906 publice
254 856 487 904 explanare,
518 854 765 891 declarando
796 865 856 900 ea,
886 865 991 900 quae
1021 852 1266 889 declaranda
1298 851 1553 888 videbantur.
1584 850 1688 887 Vide

66 928 194 978 Epist.
215 927 266 965 P.
287 925 436 971 Nadal,
464 931 491 963 t.
512 926 542 972 I,
570 926 685 973 epist.
714 932 773 971 54,
800 937 837 961 n.
866 934 902 970 9.
930 923 1132 961 Nonnulla
1158 922 1266 963 facta
1293 922 1428 959 Sancti
1454 922 1609 971 Ignatii,
1637 922 1685 957 ad

66 999 268 1036 historiam
288 1009 452 1046 prorsus
474 997 595 1042 utilia,
617 997 656 1032 in
678 996 788 1032 hisce
810 995 1151 1040 annotationibus,
1167 1006 1190 1031 a
1209 993 1340 1030 Natali
1362 997 1607 1029 enarrantur.

142 1070 260 1107 Num.
282 1079 319 1115 9.
376 1068 530 1105 Decem
551 1067 626 1105 sub
653 1069 731 1104 hoc
757 1078 927 1104 numero
955 1066 1048 1103 folia
1075 1065 1222 1113 scripta
1248 1065 1512 1112 reperiuntur,
1539 1063 1608 1100 ubi
1628 1064 1686 1100 in-

58 1143 253 1179 choantur
272 1141 554 1177 annotationes
577 1139 617 1176 P.
640 1138 793 1175 Natalis
820 1138 859 1174 in
881 1137 1189 1174 constitutiones
1210 1142 1250 1173 et
1274 1135 1434 1185 regulas
1461 1135 1685 1179 Societatis,

57 1213 200 1249 Manus
221 1216 282 1248 est
301 1211 447 1248 librarii
468 1211 606 1260 ignoti,
628 1215 667 1246 et
694 1209 744 1246 ab
772 1221 835 1255 eo,
856 1209 924 1256 qui
950 1209 1082 1256 priora
1108 1207 1278 1255 scripsit,
1305 1206 1507 1243 distincto.
1538 1206 1583 1242 In
1611 1217 1684 1242 sex

56 1282 252 1332 prioribus
274 1282 376 1319 foliis
402 1281 561 1318 disserit
588 1281 741 1317 Natalis
762 1280 813 1316 de
833 1280 1027 1328 religione
1048 1279 1271 1328 generatim
1291 1282 1331 1314 et
1351 1277 1402 1314 de
1428 1276 1560 1322 variis,
1581 1288 1684 1323 quae

57 1355 95 1392 in
115 1353 298 1391 Ecclesia
314 1353 547 1398 floruerunt,
563 1351 837 1400 religionibus.
860 1351 905 1387 In
926 1355 1100 1398 quatuor
1114 1349 1261 1386 ultimis
1282 1348 1334 1385 de
1350 1348 1530 1384 instituto
1546 1347 1683 1384 Socie-

56 1426 144 1462 tatis
162 1425 268 1472 Jesu.
291 1423 413 1472 Quod
435 1423 486 1459 ad
508 1423 774 1460 substantiam
794 1423 946 1467 attinet,
974 1421 1117 1458 eadem
1138 1420 1221 1457 fere
1246 1420 1323 1465 hic,
1345 1411 1450 1466 quae
1476 1419 1516 1455 in
1537 1419 1683 1454 exhor-

57 1494 286 1540 tationibuS,
308 1506 408 1542 quas
428 1496 578 1542 passim
599 1494 651 1530 de
670 1493 851 1530 instituto
873 1492 1085 1530 Societatis
1103 1492 1210 1539 Jesu,
1232 1491 1401 1527 diversis
1422 1491 1461 1526 in
1487 1490 1586 1526 locis
1612 1490 1681 1525 ha-

57 1567 143 1605 buit
162 1566 328 1611 Natalis,
348 1567 614 1613 reperiuntur.
637 1566 781 1613 Incipit
801 1565 886 1601 sine
906 1564 1020 1601 titulo
1042 1564 1081 1600 in
1103 1564 1210 1600 hunc
1231 1562 1411 1599 modum:
1436 1561 1505 1597 «In
1533 1561 1681 1598 consti-

55 1639 230 1676 tutiones
247 1644 287 1676 et
300 1637 460 1688 regulas
476 1637 687 1674 Societatis
704 1636 880 1673 breuiter
896 1639 1137 1672 annotaturo
1154 1634 1262 1680 mihi,
1280 1632 1440 1670 Christo
1453 1633 1547 1680 Jesu
1565 1632 1682 1671 duce.

57 1710 123 1757 qui
142 1710 272 1747 factus
292 1714 354 1747 est
379 1709 497 1746 nobis
524 1708 719 1756 sapientia
744 1719 767 1744 a
794 1707 897 1752 Deo,
923 1706 1019 1743 illud
1044 1706 1218 1754 primum
1248 1704 1421 1741 occurrit
1451 1703 1681 1748 dicendum,

53 1781 190 1830 religio
217 1781 313 1828 quid
341 1781 426 1817 sit.»
455 1780 551 1816 Des.
576 1779 782 1816 «Aliorum
800 1783 936 1814 tamen
957 1777 1143 1814 ordinum
1169 1775 1392 1824 spirituales
1418 1775 1682 1822 proprietates

53 1863 134 1889 non
160 1852 359 1900 nouimus:
387 1851 472 1888 illas
493 1852 599 1887 enim
626 1850 700 1886 soli
726 1850 778 1886 illi
805 1853 965 1894 norunt,
987 1849 1054 1895 qui
1081 1848 1319 1895 accipiunt.»
1350 1846 1582 1893 Sequuntur
1607 1856 1681 1881 sex

54 1923 145 1960 folia
164 1934 305 1968 vacua,
332 1924 371 1959 in
398 1934 570 1969 quorum
591 1922 743 1966 ultimo,
765 1933 787 1957 a
812 1925 927 1969 tergo
948 1921 1061 1965 haec,
1084 1918 1236 1955 Natalis
1257 1929 1391 1963 manu,
1412 1921 1602 1953 annotata
1622 1928 1682 1952 re-

55 1994 270 2042 periuntur:
296 1994 364 2029 «In
385 1993 693 2030 constitutiones
720 1996 760 2028 et
779 1992 818 2028 in
845 2002 1058 2028 censuram
1078 1996 1138 2037 τὴν
1162 1998 1350 2039 παρισενῶν,
1375 1987 1443 2024 vbi
1470 1987 1681 2024 Societatis

55 2065 285 2110 chronicon,
305 2070 359 2103 καὶ
376 2069 418 2103 τὰ
435 2066 526 2102 ἄλλα
544 2064 560 2080 a
581 2063 632 2100 ad
659 2070 769 2109 1545.
801 2061 1063 2098 Inemendata
1084 2065 1124 2096 et
1143 2059 1413 2107 imperfecta.»
1437 2058 1526 2095 Alia
1546 2070 1677 2095 manut

58 2135 375 2172 «Adnotationes
408 2136 448 2172 in
482 2134 789 2171 constitutiones
823 2138 862 2169 et
894 2132 1067 2181 regulas.
1103 2131 1144 2168 P.
1180 2130 1368 2167 Natalis.»
1409 2130 1455 2166 In
1489 2131 1679 2178 margine.

53 2207 189 2255 ignota
208 2207 303 2243 item
323 2218 456 2243 manu:
481 2205 845 2242 «exhortationes»

135 2277 254 2315 Num.
282 2288 338 2315 Io.
396 2277 468 2314 Est
507 2276 805 2324 palimpsestus‚
835 2274 961 2311 Patris
996 2273 1160 2310 Polanci
1186 2284 1308 2309 manu
1335 2272 1519 2319 scriptus,
1545 2270 1613 2307 nbi
1641 2271 1677 2306 in

57 2348 234 2395 quinque
263 2348 379 2393 foliis,
409 2347 542 2384 multis
572 2345 924 2383 emendationibus
954 2350 994 2381 et
1023 2344 1147 2381 lituris
1177 2343 1408 2392 castigatae,
1428 2342 1680 2390 reperiuntur

56 2419 254 2466 quaedam
274 2418 436 2468 regulae
457 2418 733 2463 commissarii,
753 2418 792 2453 in
813 2422 987 2464 quatuor
1005 2416 1137 2463 capita
1157 2414 1406 2460 distributae,
1427 2413 1478 2450 ab
1499 2414 1557 2458 iis,
1578 2424 1678 2459 quas

57 2490 206 2527 Natalis
233 2490 392 2538 scripsit
419 2501 582 2538 prorsus
608 2489 804 2525 diversae.
825 2487 991 2536 Singula
1017 2487 1110 2523 folia
1131 2486 1287 2535 singula
1308 2486 1439 2533 capita
1460 2485 1677 2525 continent;

57 2561 140 2607 sed,
161 2561 320 2598 inverso
341 2561 528 2598 foliorum
549 2560 689 2597 ordine
710 2571 844 2596 errore
871 2553 1153 2606 compositoris
1180 2558 1300 2605 hujus
1327 2556 1492 2601 codicis,
1518 2555 1676 2591 tertium

56 2637 95 2668 et
114 2637 299 2679 quartum
315 2632 446 2679 capita
467 2636 558 2668 ante
580 2631 752 2679 primum
773 2634 812 2666 et
832 2629 1058 2666 secundum
1078 2629 1208 2676 posita
1228 2632 1332 2665 sunt.
1354 2626 1487 2674 Caput
1509 2631 1594 2663 Lum
1617 2630 1677 2661 est

57 2702 108 2739 de
126 2687 291 2748 ratione,
313 2714 393 2750 qua
414 2702 712 2739 commissarius
734 2700 956 2748 procedere
977 2699 1126 2736 debeat
1150 2698 1284 2746 «quod
1312 2698 1451 2734 attinet
1477 2697 1528 2733 ad
1554 2696 1675 2732 finem

56 2773 248 2819 Vltimum,
279 2773 330 2810 ad
361 2784 482 2820 quem
510 2772 639 2809 tendit
668 2772 884 2809 Societas.»
915 2771 997 2807 Inc.
1028 2770 1096 2806 «In
1123 2770 1259 2817 primis
1285 2769 1324 2805 in
1351 2769 1550 2815 seipso...»
1579 2766 1673 2802 Des.

60 2844 303 2882 «...eiusdem
331 2844 421 2880 finis
451 2844 647 2880 rationem
681 2842 866 2879 habeat.»
901 2840 1033 2889 Caput
1060 2846 1153 2878 2‚um
1183 2839 1427 2888 «Quomodo
1456 2849 1499 2874 se
1529 2836 1675 2873 habeat

58 2925 152 2963 erga
188 2915 464 2963 praepositum
502 2914 774 2963 generalem.»
816 2913 899 2950 Inc.
937 2912 1061 2960 «Quo
1102 2910 1283 2959 pluribus
1320 2908 1536 2957 praesit...»
1577 2907 1672 2943 Des.

122 3071 140 3087 a
187 3061 295 3096 Haec
314 3059 386 3096 tria
404 3059 524 3095 verba
543 3071 684 3105 graeca
703 3060 750 3094 ab
771 3058 867 3105 ipso,
887 3064 929 3093 ut
948 3057 1115 3102 videtur,
1133 3057 1176 3092 P.
1197 3054 1327 3091 Natali
1346 3059 1436 3089 sunt
1453 3053 1672 3089 obliterata..
