<?xml version="1.0" encoding="UTF-8"?>
<!DOCTYPE html PUBLIC "-//W3C//DTD XHTML 1.0 Transitional//EN"
    "http://www.w3.org/TR/xhtml1/DTD/xhtml1-transitional.dtd">
<html xmlns="http://www.w3.org/1999/xhtml" xml:lang="en" lang="en">
 <head>
  <title>
</title>
<meta http-equiv="Content-Type" content="text/html;charset=utf-8" />
  <meta name='ocr-system' content='tesseract 3.04.00' />
  <meta name='ocr-capabilities' content='ocr_page ocr_carea ocr_par ocr_line ocrx_word'/>
</head>
<body>
  <div class='ocr_page' id='page_1' title='image "./epistolaephieron11nada_0042.png"; bbox 0 0 2028 3426; ppageno 0'>
   <div class='ocr_carea' id='block_1_1' title="bbox 334 197 1303 233">
    <p class='ocr_par' dir='ltr' id='par_1_1' title="bbox 334 197 1303 233">
     <span class='ocr_line' id='line_1_1' title="bbox 334 197 1303 233; baseline 0.002 -2"><span class='ocrx_word' id='word_1_1' title='bbox 334 199 376 231; x_wconf 76' lang='lat'>16</span> <span class='ocrx_word' id='word_1_2' title='bbox 905 197 1085 233; x_wconf 74' lang='lat' dir='ltr'>NormA</span> <span class='ocrx_word' id='word_1_3' title='bbox 1113 205 1303 233; x_wconf 71' lang='lat' dir='ltr'>conicum</span> 
     </span>
    </p>
   </div>
   <div class='ocr_carea' id='block_1_2' title="bbox 282 299 1921 2918">
    <p class='ocr_par' dir='ltr' id='par_1_2' title="bbox 284 299 1919 493">
     <span class='ocr_line' id='line_1_2' title="bbox 285 299 1919 347; baseline 0.003 -12"><span class='ocrx_word' id='word_1_4' title='bbox 285 299 402 336; x_wconf 90' lang='lat' dir='ltr'>detur</span> <span class='ocrx_word' id='word_1_5' title='bbox 421 299 552 336; x_wconf 87' lang='lat' dir='ltr'>fratris</span> <span class='ocrx_word' id='word_1_6' title='bbox 569 299 736 347; x_wconf 89' lang='lat' dir='ltr'>Joannis</span> <span class='ocrx_word' id='word_1_7' title='bbox 756 299 1006 344; x_wconf 80' lang='lat' dir='ltr'>Fernandez,</span> <span class='ocrx_word' id='word_1_8' title='bbox 1027 301 1093 347; x_wconf 90' lang='lat' dir='ltr'>qui</span> <span class='ocrx_word' id='word_1_9' title='bbox 1116 300 1188 337; x_wconf 85' lang='lat' dir='ltr'>suit</span> <span class='ocrx_word' id='word_1_10' title='bbox 1208 299 1391 338; x_wconf 90' lang='lat' dir='ltr'>librarius</span> <span class='ocrx_word' id='word_1_11' title='bbox 1411 301 1452 338; x_wconf 93' lang='lat' dir='ltr'>P.</span> <span class='ocrx_word' id='word_1_12' title='bbox 1475 301 1638 339; x_wconf 90' lang='lat' dir='ltr'>Polanci</span> <span class='ocrx_word' id='word_1_13' title='bbox 1659 302 1735 340; x_wconf 90' lang='lat' dir='ltr'>sub</span> <span class='ocrx_word' id='word_1_14' title='bbox 1757 302 1801 340; x_wconf 94' lang='lat' dir='ltr'>P.</span> <span class='ocrx_word' id='word_1_15' title='bbox 1825 303 1919 340; x_wconf 87' lang='lat' dir='ltr'>Lai-</span> 
     </span>
     <span class='ocr_line' id='line_1_3' title="bbox 284 370 1916 420; baseline 0.004 -15"><span class='ocrx_word' id='word_1_16' title='bbox 284 370 352 406; x_wconf 89' lang='lat' dir='ltr'>nio</span> <span class='ocrx_word' id='word_1_17' title='bbox 372 371 488 407; x_wconf 88' lang='lat' dir='ltr'>annis</span> <span class='ocrx_word' id='word_1_18' title='bbox 513 370 756 417; x_wconf 82' lang='lat'>1561-1565.</span> <span class='ocrx_word' id='word_1_19' title='bbox 780 370 824 407; x_wconf 83' lang='grc'>111</span> <span class='ocrx_word' id='word_1_20' title='bbox 848 371 903 410; x_wconf 70' lang='grc' dir='ltr'>1.ἱί</span> <span class='ocrx_word' id='word_1_21' title='bbox 918 382 1012 420; x_wconf 85' lang='lat' dir='ltr'>pag.</span> <span class='ocrx_word' id='word_1_22' title='bbox 1037 372 1138 408; x_wconf 90' lang='lat' dir='ltr'>haec</span> <span class='ocrx_word' id='word_1_23' title='bbox 1159 371 1197 407; x_wconf 94' lang='lat' dir='ltr'>in</span> <span class='ocrx_word' id='word_1_24' title='bbox 1215 371 1409 419; x_wconf 85' lang='lat' dir='ltr'>superiori</span> <span class='ocrx_word' id='word_1_25' title='bbox 1427 383 1496 409; x_wconf 87' lang='lat' dir='ltr'>ora</span> <span class='ocrx_word' id='word_1_26' title='bbox 1511 374 1719 410; x_wconf 87' lang='lat' dir='ltr'>annotatio</span> <span class='ocrx_word' id='word_1_27' title='bbox 1735 374 1916 412; x_wconf 86' lang='lat' dir='ltr'>habetur:</span> 
     </span>
     <span class='ocr_line' id='line_1_4' title="bbox 288 441 1916 493; baseline 0.002 -15"><span class='ocrx_word' id='word_1_28' title='bbox 288 441 355 478; x_wconf 89' lang='lat' dir='ltr'>«P.</span> <span class='ocrx_word' id='word_1_29' title='bbox 380 441 600 481; x_wconf 85' lang='lat' dir='ltr'>Polanco.»</span> <span class='ocrx_word' id='word_1_30' title='bbox 624 441 717 478; x_wconf 92' lang='lat' dir='ltr'>Non</span> <span class='ocrx_word' id='word_1_31' title='bbox 739 442 844 479; x_wconf 87' lang='lat' dir='ltr'>clare</span> <span class='ocrx_word' id='word_1_32' title='bbox 861 447 972 490; x_wconf 89' lang='lat' dir='ltr'>patet</span> <span class='ocrx_word' id='word_1_33' title='bbox 992 454 1040 479; x_wconf 88' lang='lat' dir='ltr'>an</span> <span class='ocrx_word' id='word_1_34' title='bbox 1064 443 1165 479; x_wconf 88' lang='lat' dir='ltr'>haec</span> <span class='ocrx_word' id='word_1_35' title='bbox 1182 442 1389 490; x_wconf 82' lang='lat' dir='ltr'>inscriptio</span> <span class='ocrx_word' id='word_1_36' title='bbox 1409 444 1459 481; x_wconf 88' lang='lat' dir='ltr'>sit</span> <span class='ocrx_word' id='word_1_37' title='bbox 1474 445 1725 493; x_wconf 88' lang='lat' dir='ltr'>autographa</span> <span class='ocrx_word' id='word_1_38' title='bbox 1741 445 1916 483; x_wconf 90' lang='lat' dir='ltr'>Polanci.</span> 
     </span>
    </p>

    <p class='ocr_par' dir='ltr' id='par_1_3' title="bbox 282 512 1918 981">
     <span class='ocr_line' id='line_1_5' title="bbox 369 512 1918 564; baseline 0.002 -15"><span class='ocrx_word' id='word_1_39' title='bbox 369 522 428 552; x_wconf 88' lang='lat'>12.</span> <span class='ocrx_word' id='word_1_40' title='bbox 490 512 697 562; x_wconf 68' lang='lat' dir='ltr'>«Regulae</span> <span class='ocrx_word' id='word_1_41' title='bbox 718 514 920 550; x_wconf 85' lang='lat' dir='ltr'>secretarii</span> <span class='ocrx_word' id='word_1_42' title='bbox 936 514 1154 562; x_wconf 84' lang='lat' dir='ltr'>praepositi</span> <span class='ocrx_word' id='word_1_43' title='bbox 1175 514 1416 563; x_wconf 88' lang='lat' dir='ltr'>generalis.»</span> <span class='ocrx_word' id='word_1_44' title='bbox 1434 514 1536 552; x_wconf 90' lang='lat' dir='ltr'>Sunt</span> <span class='ocrx_word' id='word_1_45' title='bbox 1550 515 1715 564; x_wconf 85' lang='lat' dir='ltr'>regulae</span> <span class='ocrx_word' id='word_1_46' title='bbox 1735 516 1918 562; x_wconf 86' lang='lat' dir='ltr'>eaedem,</span> 
     </span>
     <span class='ocr_line' id='line_1_6' title="bbox 285 584 1918 635; baseline 0.003 -16"><span class='ocrx_word' id='word_1_47' title='bbox 285 594 387 629; x_wconf 83' lang='lat' dir='ltr'>quas</span> <span class='ocrx_word' id='word_1_48' title='bbox 409 584 658 621; x_wconf 84' lang='lat' dir='ltr'>examinavit</span> <span class='ocrx_word' id='word_1_49' title='bbox 677 589 717 621; x_wconf 89' lang='lat' dir='ltr'>et</span> <span class='ocrx_word' id='word_1_50' title='bbox 735 585 975 634; x_wconf 85' lang='lat' dir='ltr'>recognovit</span> <span class='ocrx_word' id='word_1_51' title='bbox 995 585 1056 631; x_wconf 67' lang='grc' dir='ltr'>4.ἔι</span> <span class='ocrx_word' id='word_1_52' title='bbox 1074 586 1340 634; x_wconf 86' lang='lat' dir='ltr'>congregatio</span> <span class='ocrx_word' id='word_1_53' title='bbox 1359 586 1571 635; x_wconf 87' lang='lat' dir='ltr'>generalis;</span> <span class='ocrx_word' id='word_1_54' title='bbox 1591 586 1815 634; x_wconf 88' lang='lat' dir='ltr'>paucisque</span> <span class='ocrx_word' id='word_1_55' title='bbox 1832 599 1918 624; x_wconf 89' lang='lat' dir='ltr'>mu-</span> 
     </span>
     <span class='ocr_line' id='line_1_7' title="bbox 282 655 1918 706; baseline 0.002 -15"><span class='ocrx_word' id='word_1_56' title='bbox 282 655 387 700; x_wconf 87' lang='lat' dir='ltr'>tatis,</span> <span class='ocrx_word' id='word_1_57' title='bbox 409 660 460 701; x_wconf 89' lang='lat' dir='ltr'>et,</span> <span class='ocrx_word' id='word_1_58' title='bbox 490 655 622 703; x_wconf 88' lang='lat' dir='ltr'>capite</span> <span class='ocrx_word' id='word_1_59' title='bbox 644 655 701 692; x_wconf 93' lang='lat' dir='ltr'>IX</span> <span class='ocrx_word' id='word_1_60' title='bbox 727 655 778 692; x_wconf 93' lang='lat' dir='ltr'>de</span> <span class='ocrx_word' id='word_1_61' title='bbox 805 667 1029 693; x_wconf 89' lang='lat' dir='ltr'>annuarum</span> <span class='ocrx_word' id='word_1_62' title='bbox 1064 656 1284 693; x_wconf 90' lang='lat' dir='ltr'>litterarum</span> <span class='ocrx_word' id='word_1_63' title='bbox 1311 656 1488 694; x_wconf 90' lang='lat' dir='ltr'>editione</span> <span class='ocrx_word' id='word_1_64' title='bbox 1514 657 1689 705; x_wconf 87' lang='lat' dir='ltr'>adjecto,</span> <span class='ocrx_word' id='word_1_65' title='bbox 1717 657 1918 706; x_wconf 84' lang='lat' dir='ltr'>approba-</span> 
     </span>
     <span class='ocr_line' id='line_1_8' title="bbox 285 725 1918 778; baseline 0.002 -16"><span class='ocrx_word' id='word_1_66' title='bbox 285 726 353 771; x_wconf 87' lang='lat' dir='ltr'>vit,</span> <span class='ocrx_word' id='word_1_67' title='bbox 375 731 418 763; x_wconf 91' lang='lat' dir='ltr'>ut</span> <span class='ocrx_word' id='word_1_68' title='bbox 439 726 642 764; x_wconf 89' lang='lat' dir='ltr'>habentur</span> <span class='ocrx_word' id='word_1_69' title='bbox 662 727 702 764; x_wconf 90' lang='lat' dir='ltr'>in</span> <span class='ocrx_word' id='word_1_70' title='bbox 723 726 910 764; x_wconf 90' lang='lat' dir='ltr'>Instituto</span> <span class='ocrx_word' id='word_1_71' title='bbox 932 726 1025 766; x_wconf 84' lang='lat' dir='ltr'>Soc.</span> <span class='ocrx_word' id='word_1_72' title='bbox 1046 726 1081 774; x_wconf 94' lang='lat' dir='ltr'>J.</span> <span class='ocrx_word' id='word_1_73' title='bbox 1106 725 1140 759; x_wconf 89' lang='lat'>¹»</span> <span class='ocrx_word' id='word_1_74' title='bbox 1159 727 1306 765; x_wconf 87' lang='lat' dir='ltr'>Manus</span> <span class='ocrx_word' id='word_1_75' title='bbox 1322 727 1467 765; x_wconf 88' lang='lat' dir='ltr'>librarii</span> <span class='ocrx_word' id='word_1_76' title='bbox 1484 728 1604 765; x_wconf 69' lang='lat' dir='ltr'>nobis</span> <span class='ocrx_word' id='word_1_77' title='bbox 1623 740 1788 776; x_wconf 88' lang='lat' dir='ltr'>prorsus</span> <span class='ocrx_word' id='word_1_78' title='bbox 1803 729 1918 778; x_wconf 89' lang='lat' dir='ltr'>igno-</span> 
     </span>
     <span class='ocr_line' id='line_1_9' title="bbox 283 798 1916 848; baseline 0.002 -14"><span class='ocrx_word' id='word_1_79' title='bbox 283 803 323 834; x_wconf 85' lang='lat' dir='ltr'>ta</span> <span class='ocrx_word' id='word_1_80' title='bbox 343 803 419 837; x_wconf 87' lang='lat' dir='ltr'>est.</span> <span class='ocrx_word' id='word_1_81' title='bbox 443 798 599 848; x_wconf 90' lang='lat' dir='ltr'>Regula</span> <span class='ocrx_word' id='word_1_82' title='bbox 622 798 670 836; x_wconf 88' lang='lat'>28</span> <span class='ocrx_word' id='word_1_83' title='bbox 692 798 743 835; x_wconf 89' lang='lat' dir='ltr'>ab</span> <span class='ocrx_word' id='word_1_84' title='bbox 765 798 889 835; x_wconf 88' lang='lat' dir='ltr'>altero</span> <span class='ocrx_word' id='word_1_85' title='bbox 917 798 1154 835; x_wconf 87' lang='lat' dir='ltr'>amanuensi</span> <span class='ocrx_word' id='word_1_86' title='bbox 1183 799 1320 836; x_wconf 87' lang='lat' dir='ltr'>addita</span> <span class='ocrx_word' id='word_1_87' title='bbox 1348 800 1421 837; x_wconf 82' lang='lat' dir='ltr'>suit</span> <span class='ocrx_word' id='word_1_88' title='bbox 1447 806 1604 848; x_wconf 85' lang='lat' dir='ltr'>postea,</span> <span class='ocrx_word' id='word_1_89' title='bbox 1625 800 1677 836; x_wconf 87' lang='lat' dir='ltr'>ad</span> <span class='ocrx_word' id='word_1_90' title='bbox 1703 799 1826 837; x_wconf 89' lang='lat' dir='ltr'>finem</span> <span class='ocrx_word' id='word_1_91' title='bbox 1852 811 1916 837; x_wconf 87' lang='lat' dir='ltr'>ca·</span> 
     </span>
     <span class='ocr_line' id='line_1_10' title="bbox 284 869 1915 920; baseline 0.002 -15"><span class='ocrx_word' id='word_1_92' title='bbox 284 869 376 917; x_wconf 84' lang='lat' dir='ltr'>pitis</span> <span class='ocrx_word' id='word_1_93' title='bbox 396 869 514 915; x_wconf 86' lang='lat' dir='ltr'>tertii,</span> <span class='ocrx_word' id='word_1_94' title='bbox 536 881 628 907; x_wconf 91' lang='lat' dir='ltr'>cum</span> <span class='ocrx_word' id='word_1_95' title='bbox 649 870 725 907; x_wconf 92' lang='lat' dir='ltr'>hac</span> <span class='ocrx_word' id='word_1_96' title='bbox 754 870 1029 915; x_wconf 88' lang='lat' dir='ltr'>annotatione,</span> <span class='ocrx_word' id='word_1_97' title='bbox 1057 870 1095 907; x_wconf 93' lang='lat' dir='ltr'>in</span> <span class='ocrx_word' id='word_1_98' title='bbox 1121 871 1305 919; x_wconf 84' lang='lat' dir='ltr'>margine</span> <span class='ocrx_word' id='word_1_99' title='bbox 1330 872 1473 919; x_wconf 90' lang='lat' dir='ltr'>posita:</span> <span class='ocrx_word' id='word_1_100' title='bbox 1498 871 1675 908; x_wconf 84' lang='lat' dir='ltr'>«Addita</span> <span class='ocrx_word' id='word_1_101' title='bbox 1695 883 1802 908; x_wconf 89' lang='lat' dir='ltr'>anno</span> <span class='ocrx_word' id='word_1_102' title='bbox 1824 871 1915 920; x_wconf 85' lang='lat'>87.»</span> 
     </span>
     <span class='ocr_line' id='line_1_11' title="bbox 287 939 1836 981; baseline 0.003 -5"><span class='ocrx_word' id='word_1_103' title='bbox 287 941 370 981; x_wconf 91' lang='lat' dir='ltr'>Inc.</span> <span class='ocrx_word' id='word_1_104' title='bbox 397 939 526 978; x_wconf 86' lang='lat' dir='ltr'>«Cum</span> <span class='ocrx_word' id='word_1_105' title='bbox 548 942 788 978; x_wconf 82' lang='lat' dir='ltr'>secretarius</span> <span class='ocrx_word' id='word_1_106' title='bbox 809 942 989 978; x_wconf 88' lang='lat' dir='ltr'>minister</span> <span class='ocrx_word' id='word_1_107' title='bbox 1009 942 1122 979; x_wconf 88' lang='lat' dir='ltr'>sit...»</span> <span class='ocrx_word' id='word_1_108' title='bbox 1144 941 1242 978; x_wconf 93' lang='lat' dir='ltr'>Des.</span> <span class='ocrx_word' id='word_1_109' title='bbox 1276 955 1421 980; x_wconf 86' lang='lat' dir='ltr'>«...non</span> <span class='ocrx_word' id='word_1_110' title='bbox 1442 943 1543 980; x_wconf 86' lang='lat' dir='ltr'>infra</span> <span class='ocrx_word' id='word_1_111' title='bbox 1563 943 1794 980; x_wconf 90' lang='lat' dir='ltr'>diminuens</span> <span class='ocrx_word' id='word_1_112' title='bbox 1816 959 1836 976; x_wconf 89' lang='lat'>»</span> 
     </span>
    </p>

    <p class='ocr_par' dir='ltr' id='par_1_4' title="bbox 283 1012 1921 2275">
     <span class='ocr_line' id='line_1_12' title="bbox 370 1012 1917 1063; baseline 0.002 -14"><span class='ocrx_word' id='word_1_113' title='bbox 370 1022 428 1061; x_wconf 87' lang='lat'>13.</span> <span class='ocrx_word' id='word_1_114' title='bbox 490 1012 577 1049; x_wconf 87' lang='lat' dir='ltr'>«De</span> <span class='ocrx_word' id='word_1_115' title='bbox 598 1012 734 1050; x_wconf 87' lang='lat' dir='ltr'>officio</span> <span class='ocrx_word' id='word_1_116' title='bbox 755 1012 1056 1060; x_wconf 82' lang='lat' dir='ltr'>prouincialis.»</span> <span class='ocrx_word' id='word_1_117' title='bbox 1079 1012 1181 1050; x_wconf 87' lang='lat' dir='ltr'>Sunt</span> <span class='ocrx_word' id='word_1_118' title='bbox 1200 1014 1364 1063; x_wconf 88' lang='lat' dir='ltr'>regulae</span> <span class='ocrx_word' id='word_1_119' title='bbox 1385 1014 1653 1062; x_wconf 88' lang='lat' dir='ltr'>provincialis,</span> <span class='ocrx_word' id='word_1_120' title='bbox 1674 1015 1801 1062; x_wconf 90' lang='lat' dir='ltr'>prima</span> <span class='ocrx_word' id='word_1_121' title='bbox 1823 1025 1917 1052; x_wconf 89' lang='lat' dir='ltr'>cura</span> 
     </span>
     <span class='ocr_line' id='line_1_13' title="bbox 284 1083 1917 1135; baseline 0.002 -15"><span class='ocrx_word' id='word_1_122' title='bbox 284 1095 305 1120; x_wconf 84' lang='lat' dir='ltr'>a</span> <span class='ocrx_word' id='word_1_123' title='bbox 334 1083 377 1123; x_wconf 90' lang='lat' dir='ltr'>P.</span> <span class='ocrx_word' id='word_1_124' title='bbox 408 1083 552 1120; x_wconf 90' lang='lat' dir='ltr'>Lainio</span> <span class='ocrx_word' id='word_1_125' title='bbox 579 1085 842 1132; x_wconf 86' lang='lat' dir='ltr'>compositae,</span> <span class='ocrx_word' id='word_1_126' title='bbox 869 1089 972 1121; x_wconf 88' lang='lat' dir='ltr'>teste</span> <span class='ocrx_word' id='word_1_127' title='bbox 1006 1084 1050 1124; x_wconf 89' lang='lat' dir='ltr'>P.</span> <span class='ocrx_word' id='word_1_128' title='bbox 1075 1083 1220 1131; x_wconf 89' lang='lat' dir='ltr'>Natali,</span> <span class='ocrx_word' id='word_1_129' title='bbox 1246 1085 1285 1122; x_wconf 91' lang='lat' dir='ltr'>in</span> <span class='ocrx_word' id='word_1_130' title='bbox 1307 1084 1419 1127; x_wconf 65' lang='lat' dir='ltr'><em>,CocL</em></span> <span class='ocrx_word' id='word_1_131' title='bbox 1463 1085 1586 1126; x_wconf 82' lang='lat' dir='ltr'>Vatic.</span> <span class='ocrx_word' id='word_1_132' title='bbox 1622 1085 1657 1131; x_wconf 78' lang='grc' dir='ltr'>ό,</span> <span class='ocrx_word' id='word_1_133' title='bbox 1687 1097 1828 1134; x_wconf 64' lang='lat' dir='ltr'>opusc</span> <span class='ocrx_word' id='word_1_134' title='bbox 1859 1097 1917 1135; x_wconf 86' lang='lat'>13,</span> 
     </span>
     <span class='ocr_line' id='line_1_14' title="bbox 285 1155 1917 1204; baseline 0.002 -14"><span class='ocrx_word' id='word_1_135' title='bbox 285 1155 353 1195; x_wconf 78' lang='lat' dir='ltr'>sol,</span> <span class='ocrx_word' id='word_1_136' title='bbox 383 1162 469 1204; x_wconf 80' lang='lat'>135.</span> <span class='ocrx_word' id='word_1_137' title='bbox 494 1155 560 1191; x_wconf 81' lang='lat' dir='ltr'>Ex</span> <span class='ocrx_word' id='word_1_138' title='bbox 582 1156 694 1193; x_wconf 92' lang='lat' dir='ltr'>hisce</span> <span class='ocrx_word' id='word_1_139' title='bbox 714 1155 863 1204; x_wconf 90' lang='lat' dir='ltr'>regulis</span> <span class='ocrx_word' id='word_1_140' title='bbox 883 1155 1150 1204; x_wconf 87' lang='lat' dir='ltr'>depromptae</span> <span class='ocrx_word' id='word_1_141' title='bbox 1177 1157 1430 1204; x_wconf 89' lang='lat' dir='ltr'>potissimum</span> <span class='ocrx_word' id='word_1_142' title='bbox 1457 1157 1618 1195; x_wconf 84' lang='lat' dir='ltr'>fuerunt</span> <span class='ocrx_word' id='word_1_143' title='bbox 1643 1157 1731 1194; x_wconf 92' lang='lat' dir='ltr'>illae</span> <span class='ocrx_word' id='word_1_144' title='bbox 1757 1157 1917 1194; x_wconf 90' lang='lat' dir='ltr'>brevio-</span> 
     </span>
     <span class='ocr_line' id='line_1_15' title="bbox 283 1227 1916 1277; baseline 0.001 -14"><span class='ocrx_word' id='word_1_145' title='bbox 283 1239 359 1273; x_wconf 86' lang='lat' dir='ltr'>res,</span> <span class='ocrx_word' id='word_1_146' title='bbox 380 1238 482 1274; x_wconf 87' lang='lat' dir='ltr'>quas</span> <span class='ocrx_word' id='word_1_147' title='bbox 498 1227 538 1264; x_wconf 92' lang='lat' dir='ltr'>S.</span> <span class='ocrx_word' id='word_1_148' title='bbox 563 1227 804 1264; x_wconf 90' lang='lat' dir='ltr'>Franciscus</span> <span class='ocrx_word' id='word_1_149' title='bbox 824 1227 969 1276; x_wconf 84' lang='lat' dir='ltr'>Borgia</span> <span class='ocrx_word' id='word_1_150' title='bbox 997 1228 1240 1276; x_wconf 88' lang='lat' dir='ltr'>composuit,</span> <span class='ocrx_word' id='word_1_151' title='bbox 1267 1233 1310 1264; x_wconf 90' lang='lat' dir='ltr'>ut</span> <span class='ocrx_word' id='word_1_152' title='bbox 1336 1228 1390 1265; x_wconf 89' lang='lat' dir='ltr'>ait</span> <span class='ocrx_word' id='word_1_153' title='bbox 1416 1227 1570 1265; x_wconf 91' lang='lat' dir='ltr'>Natalis</span> <span class='ocrx_word' id='word_1_154' title='bbox 1591 1228 1706 1275; x_wconf 85' lang='lat' dir='ltr'>ibid.,</span> <span class='ocrx_word' id='word_1_155' title='bbox 1729 1228 1796 1268; x_wconf 83' lang='lat' dir='ltr'>fol.</span> <span class='ocrx_word' id='word_1_156' title='bbox 1833 1230 1916 1277; x_wconf 79' lang='lat'>187,</span> 
     </span>
     <span class='ocr_line' id='line_1_16' title="bbox 283 1297 1917 1346; baseline 0.001 -12"><span class='ocrx_word' id='word_1_157' title='bbox 283 1304 323 1335; x_wconf 86' lang='lat' dir='ltr'>et</span> <span class='ocrx_word' id='word_1_158' title='bbox 342 1298 444 1344; x_wconf 85' lang='lat' dir='ltr'>illae,</span> <span class='ocrx_word' id='word_1_159' title='bbox 465 1309 571 1345; x_wconf 90' lang='lat' dir='ltr'>quae</span> <span class='ocrx_word' id='word_1_160' title='bbox 591 1298 756 1335; x_wconf 89' lang='lat' dir='ltr'>tandem</span> <span class='ocrx_word' id='word_1_161' title='bbox 777 1297 1027 1346; x_wconf 83' lang='lat' dir='ltr'>approbatae</span> <span class='ocrx_word' id='word_1_162' title='bbox 1044 1304 1084 1336; x_wconf 89' lang='lat' dir='ltr'>et</span> <span class='ocrx_word' id='word_1_163' title='bbox 1110 1299 1290 1336; x_wconf 88' lang='lat' dir='ltr'>instituto</span> <span class='ocrx_word' id='word_1_164' title='bbox 1311 1298 1352 1337; x_wconf 88' lang='lat' dir='ltr'>S.</span> <span class='ocrx_word' id='word_1_165' title='bbox 1382 1299 1416 1346; x_wconf 88' lang='lat' dir='ltr'>J.</span> <span class='ocrx_word' id='word_1_166' title='bbox 1445 1299 1618 1337; x_wconf 89' lang='lat' dir='ltr'>insertae</span> <span class='ocrx_word' id='word_1_167' title='bbox 1639 1299 1814 1337; x_wconf 90' lang='lat' dir='ltr'>fuerunt.</span> <span class='ocrx_word' id='word_1_168' title='bbox 1838 1300 1917 1336; x_wconf 89' lang='lat' dir='ltr'>Fo-</span> 
     </span>
     <span class='ocr_line' id='line_1_17' title="bbox 283 1370 1917 1420; baseline 0.001 -14"><span class='ocrx_word' id='word_1_169' title='bbox 283 1370 343 1406; x_wconf 92' lang='lat' dir='ltr'>liis</span> <span class='ocrx_word' id='word_1_170' title='bbox 371 1377 412 1416; x_wconf 81' lang='lat'>15</span> <span class='ocrx_word' id='word_1_171' title='bbox 437 1370 684 1416; x_wconf 87' lang='lat' dir='ltr'>coalescunt,</span> <span class='ocrx_word' id='word_1_172' title='bbox 705 1370 855 1418; x_wconf 89' lang='lat' dir='ltr'>quibus</span> <span class='ocrx_word' id='word_1_173' title='bbox 876 1370 1015 1407; x_wconf 85' lang='lat' dir='ltr'>folium</span> <span class='ocrx_word' id='word_1_174' title='bbox 1035 1382 1161 1408; x_wconf 91' lang='lat' dir='ltr'>unum</span> <span class='ocrx_word' id='word_1_175' title='bbox 1181 1371 1400 1419; x_wconf 88' lang='lat' dir='ltr'>praecedit,</span> <span class='ocrx_word' id='word_1_176' title='bbox 1421 1372 1497 1408; x_wconf 89' lang='lat' dir='ltr'>hac</span> <span class='ocrx_word' id='word_1_177' title='bbox 1517 1371 1671 1409; x_wconf 87' lang='lat' dir='ltr'>Natalis</span> <span class='ocrx_word' id='word_1_178' title='bbox 1691 1371 1917 1420; x_wconf 86' lang='lat' dir='ltr'>inscriptio·</span> 
     </span>
     <span class='ocr_line' id='line_1_18' title="bbox 284 1440 1918 1490; baseline 0.001 -14"><span class='ocrx_word' id='word_1_179' title='bbox 284 1452 334 1478; x_wconf 91' lang='lat' dir='ltr'>ne</span> <span class='ocrx_word' id='word_1_180' title='bbox 352 1446 548 1478; x_wconf 86' lang='lat' dir='ltr'>notatum:</span> <span class='ocrx_word' id='word_1_181' title='bbox 568 1441 842 1488; x_wconf 82' lang='lat' dir='ltr'>«Exemplum</span> <span class='ocrx_word' id='word_1_182' title='bbox 857 1440 1086 1490; x_wconf 90' lang='lat' dir='ltr'>regularum</span> <span class='ocrx_word' id='word_1_183' title='bbox 1098 1441 1407 1488; x_wconf 85' lang='lat' dir='ltr'>antiquiorum.»</span> <span class='ocrx_word' id='word_1_184' title='bbox 1424 1441 1514 1478; x_wconf 85' lang='lat' dir='ltr'>Alia</span> <span class='ocrx_word' id='word_1_185' title='bbox 1529 1453 1663 1479; x_wconf 88' lang='lat' dir='ltr'>manu:</span> <span class='ocrx_word' id='word_1_186' title='bbox 1681 1441 1768 1478; x_wconf 89' lang='lat' dir='ltr'>«De</span> <span class='ocrx_word' id='word_1_187' title='bbox 1783 1441 1918 1479; x_wconf 86' lang='lat' dir='ltr'>officio</span> 
     </span>
     <span class='ocr_line' id='line_1_19' title="bbox 283 1511 1914 1561; baseline 0.001 -13"><span class='ocrx_word' id='word_1_188' title='bbox 283 1512 585 1559; x_wconf 83' lang='lat' dir='ltr'>prouincialiS.»</span> <span class='ocrx_word' id='word_1_189' title='bbox 608 1512 701 1549; x_wconf 91' lang='lat' dir='ltr'>Hoc</span> <span class='ocrx_word' id='word_1_190' title='bbox 723 1512 958 1560; x_wconf 85' lang='lat' dir='ltr'>exemplum</span> <span class='ocrx_word' id='word_1_191' title='bbox 975 1512 1225 1550; x_wconf 87' lang='lat' dir='ltr'>concordare</span> <span class='ocrx_word' id='word_1_192' title='bbox 1245 1512 1407 1550; x_wconf 91' lang='lat' dir='ltr'>videtur</span> <span class='ocrx_word' id='word_1_193' title='bbox 1426 1524 1519 1550; x_wconf 93' lang='lat' dir='ltr'>cum</span> <span class='ocrx_word' id='word_1_194' title='bbox 1535 1512 1614 1559; x_wconf 88' lang='lat' dir='ltr'>illo,</span> <span class='ocrx_word' id='word_1_195' title='bbox 1631 1513 1742 1561; x_wconf 93' lang='lat' dir='ltr'>quod</span> <span class='ocrx_word' id='word_1_196' title='bbox 1758 1513 1798 1550; x_wconf 91' lang='lat' dir='ltr'>in</span> <span class='ocrx_word' id='word_1_197' title='bbox 1819 1511 1914 1554; x_wconf 81' lang='lat' dir='ltr'>Cod.</span> 
     </span>
     <span class='ocr_line' id='line_1_20' title="bbox 297 1582 1917 1632; baseline 0.001 -12"><span class='ocrx_word' id='word_1_198' title='bbox 297 1583 418 1623; x_wconf 67' lang='lat' dir='ltr'>Vatia.</span> <span class='ocrx_word' id='word_1_199' title='bbox 445 1582 470 1621; x_wconf 79' lang='grc' dir='ltr'>ό</span> <span class='ocrx_word' id='word_1_200' title='bbox 497 1589 741 1630; x_wconf 85' lang='lat' dir='ltr'>asservatur,</span> <span class='ocrx_word' id='word_1_201' title='bbox 767 1584 964 1622; x_wconf 89' lang='lat' dir='ltr'>tredecim</span> <span class='ocrx_word' id='word_1_202' title='bbox 991 1584 1098 1620; x_wconf 87' lang='lat' dir='ltr'>enim</span> <span class='ocrx_word' id='word_1_203' title='bbox 1125 1583 1326 1632; x_wconf 89' lang='lat' dir='ltr'>capitibus</span> <span class='ocrx_word' id='word_1_204' title='bbox 1354 1589 1526 1631; x_wconf 86' lang='lat' dir='ltr'>constat,</span> <span class='ocrx_word' id='word_1_205' title='bbox 1546 1585 1689 1622; x_wconf 91' lang='lat' dir='ltr'>iisdem</span> <span class='ocrx_word' id='word_1_206' title='bbox 1721 1584 1845 1622; x_wconf 86' lang='lat' dir='ltr'>titulis</span> <span class='ocrx_word' id='word_1_207' title='bbox 1865 1585 1917 1622; x_wconf 88' lang='lat' dir='ltr'>si-</span> 
     </span>
     <span class='ocr_line' id='line_1_21' title="bbox 287 1655 1916 1706; baseline 0.001 -14"><span class='ocrx_word' id='word_1_208' title='bbox 287 1656 433 1705; x_wconf 88' lang='lat' dir='ltr'>gnatis,</span> <span class='ocrx_word' id='word_1_209' title='bbox 454 1661 494 1692; x_wconf 92' lang='lat' dir='ltr'>et</span> <span class='ocrx_word' id='word_1_210' title='bbox 514 1655 661 1692; x_wconf 90' lang='lat' dir='ltr'>eodem</span> <span class='ocrx_word' id='word_1_211' title='bbox 687 1655 812 1693; x_wconf 91' lang='lat' dir='ltr'>modo</span> <span class='ocrx_word' id='word_1_212' title='bbox 838 1656 1050 1693; x_wconf 90' lang='lat' dir='ltr'>inchoatur</span> <span class='ocrx_word' id='word_1_213' title='bbox 1076 1662 1116 1692; x_wconf 86' lang='lat' dir='ltr'>et</span> <span class='ocrx_word' id='word_1_214' title='bbox 1145 1656 1305 1695; x_wconf 89' lang='lat' dir='ltr'>desinit.</span> <span class='ocrx_word' id='word_1_215' title='bbox 1329 1655 1366 1692; x_wconf 92' lang='lat' dir='ltr'><strong>A</strong></span> <span class='ocrx_word' id='word_1_216' title='bbox 1399 1661 1515 1706; x_wconf 88' lang='lat' dir='ltr'>tergo</span> <span class='ocrx_word' id='word_1_217' title='bbox 1541 1657 1667 1693; x_wconf 90' lang='lat' dir='ltr'>ultimi</span> <span class='ocrx_word' id='word_1_218' title='bbox 1695 1656 1775 1694; x_wconf 89' lang='lat' dir='ltr'>folii</span> <span class='ocrx_word' id='word_1_219' title='bbox 1804 1658 1916 1703; x_wconf 82' lang='lat' dir='ltr'>haec,</span> 
     </span>
     <span class='ocr_line' id='line_1_22' title="bbox 286 1726 1921 1774; baseline 0.001 -10"><span class='ocrx_word' id='word_1_220' title='bbox 286 1727 439 1764; x_wconf 86' lang='lat' dir='ltr'>Natalis</span> <span class='ocrx_word' id='word_1_221' title='bbox 472 1738 595 1764; x_wconf 87' lang='lat' dir='ltr'>manu</span> <span class='ocrx_word' id='word_1_222' title='bbox 625 1732 803 1773; x_wconf 85' lang='lat' dir='ltr'>exarata,</span> <span class='ocrx_word' id='word_1_223' title='bbox 838 1727 1044 1774; x_wconf 88' lang='lat' dir='ltr'>inscriptio</span> <span class='ocrx_word' id='word_1_224' title='bbox 1079 1726 1261 1764; x_wconf 89' lang='lat' dir='ltr'>habetur:</span> <span class='ocrx_word' id='word_1_225' title='bbox 1299 1727 1387 1764; x_wconf 89' lang='lat' dir='ltr'>«De</span> <span class='ocrx_word' id='word_1_226' title='bbox 1421 1727 1796 1767; x_wconf 83' lang='lat' dir='ltr'>instructionibus.»</span> <span class='ocrx_word' id='word_1_227' title='bbox 1831 1727 1921 1765; x_wconf 83' lang='lat' dir='ltr'>Alia</span> 
     </span>
     <span class='ocr_line' id='line_1_23' title="bbox 287 1797 1919 1847; baseline 0.001 -13"><span class='ocrx_word' id='word_1_228' title='bbox 287 1810 420 1836; x_wconf 86' lang='lat' dir='ltr'>manu:</span> <span class='ocrx_word' id='word_1_229' title='bbox 453 1798 649 1835; x_wconf 87' lang='lat' dir='ltr'>«Diuersa</span> <span class='ocrx_word' id='word_1_230' title='bbox 679 1797 1272 1845; x_wconf 86' lang='lat' dir='ltr'>inemendata.»—Sequuntur</span> <span class='ocrx_word' id='word_1_231' title='bbox 1291 1799 1425 1836; x_wconf 87' lang='lat' dir='ltr'>variae</span> <span class='ocrx_word' id='word_1_232' title='bbox 1458 1799 1755 1844; x_wconf 83' lang='lat' dir='ltr'>instructiones,</span> <span class='ocrx_word' id='word_1_233' title='bbox 1776 1800 1919 1847; x_wconf 89' lang='lat' dir='ltr'>partim</span> 
     </span>
     <span class='ocr_line' id='line_1_24' title="bbox 288 1869 1920 1919; baseline 0 -12"><span class='ocrx_word' id='word_1_234' title='bbox 288 1881 526 1907; x_wconf 89' lang='lat' dir='ltr'>communes</span> <span class='ocrx_word' id='word_1_235' title='bbox 563 1870 720 1907; x_wconf 89' lang='lat' dir='ltr'>cunctis</span> <span class='ocrx_word' id='word_1_236' title='bbox 749 1869 1079 1918; x_wconf 89' lang='lat' dir='ltr'>provincialibus,</span> <span class='ocrx_word' id='word_1_237' title='bbox 1114 1871 1258 1917; x_wconf 87' lang='lat' dir='ltr'>partim</span> <span class='ocrx_word' id='word_1_238' title='bbox 1291 1870 1551 1918; x_wconf 88' lang='lat' dir='ltr'>particulares</span> <span class='ocrx_word' id='word_1_239' title='bbox 1585 1882 1658 1919; x_wconf 91' lang='lat' dir='ltr'>pro</span> <span class='ocrx_word' id='word_1_240' title='bbox 1687 1871 1920 1918; x_wconf 88' lang='lat' dir='ltr'>praeposito</span> 
     </span>
     <span class='ocr_line' id='line_1_25' title="bbox 288 1939 1919 1989; baseline 0 -11"><span class='ocrx_word' id='word_1_241' title='bbox 288 1941 523 1989; x_wconf 88' lang='lat' dir='ltr'>provinciali</span> <span class='ocrx_word' id='word_1_242' title='bbox 555 1939 769 1987; x_wconf 87' lang='lat' dir='ltr'>Castellae,</span> <span class='ocrx_word' id='word_1_243' title='bbox 803 1941 965 1978; x_wconf 88' lang='lat' dir='ltr'>relictae</span> <span class='ocrx_word' id='word_1_244' title='bbox 999 1941 1038 1977; x_wconf 90' lang='lat' dir='ltr'>in</span> <span class='ocrx_word' id='word_1_245' title='bbox 1073 1940 1270 1988; x_wconf 86' lang='lat' dir='ltr'>Hispania</span> <span class='ocrx_word' id='word_1_246' title='bbox 1303 1953 1325 1978; x_wconf 87' lang='lat' dir='ltr'>a</span> <span class='ocrx_word' id='word_1_247' title='bbox 1360 1941 1405 1978; x_wconf 89' lang='lat' dir='ltr'>P.</span> <span class='ocrx_word' id='word_1_248' title='bbox 1443 1941 1574 1978; x_wconf 88' lang='lat' dir='ltr'>Natali</span> <span class='ocrx_word' id='word_1_249' title='bbox 1608 1941 1647 1978; x_wconf 92' lang='lat' dir='ltr'>in</span> <span class='ocrx_word' id='word_1_250' title='bbox 1678 1941 1919 1987; x_wconf 90' lang='lat' dir='ltr'>visitatione,</span> 
     </span>
     <span class='ocr_line' id='line_1_26' title="bbox 287 2011 1918 2060; baseline 0.001 -12"><span class='ocrx_word' id='word_1_251' title='bbox 287 2013 402 2049; x_wconf 84' lang='lat' dir='ltr'>annis</span> <span class='ocrx_word' id='word_1_252' title='bbox 429 2013 523 2058; x_wconf 83' lang='lat'>1561</span> <span class='ocrx_word' id='word_1_253' title='bbox 549 2017 588 2048; x_wconf 90' lang='lat' dir='ltr'>et</span> <span class='ocrx_word' id='word_1_254' title='bbox 614 2012 712 2058; x_wconf 82' lang='lat'>1562</span> <span class='ocrx_word' id='word_1_255' title='bbox 739 2011 815 2049; x_wconf 90' lang='lat' dir='ltr'>sub</span> <span class='ocrx_word' id='word_1_256' title='bbox 843 2012 887 2053; x_wconf 82' lang='lat' dir='ltr'>P.</span> <span class='ocrx_word' id='word_1_257' title='bbox 911 2012 1055 2049; x_wconf 87' lang='lat' dir='ltr'>Lainio</span> <span class='ocrx_word' id='word_1_258' title='bbox 1077 2012 1226 2058; x_wconf 88' lang='lat' dir='ltr'>habita,</span> <span class='ocrx_word' id='word_1_259' title='bbox 1247 2017 1291 2049; x_wconf 93' lang='lat' dir='ltr'>ut</span> <span class='ocrx_word' id='word_1_260' title='bbox 1318 2023 1372 2049; x_wconf 83' lang='lat' dir='ltr'>ex</span> <span class='ocrx_word' id='word_1_261' title='bbox 1391 2013 1535 2049; x_wconf 88' lang='lat' dir='ltr'>iisdem</span> <span class='ocrx_word' id='word_1_262' title='bbox 1560 2011 1697 2059; x_wconf 89' lang='lat' dir='ltr'>rebus,</span> <span class='ocrx_word' id='word_1_263' title='bbox 1718 2024 1822 2060; x_wconf 89' lang='lat' dir='ltr'>quae</span> <span class='ocrx_word' id='word_1_264' title='bbox 1842 2018 1918 2049; x_wconf 91' lang='lat' dir='ltr'>tra-</span> 
     </span>
     <span class='ocr_line' id='line_1_27' title="bbox 288 2083 1915 2131; baseline 0 -11"><span class='ocrx_word' id='word_1_265' title='bbox 288 2089 448 2121; x_wconf 90' lang='lat' dir='ltr'>ctantur</span> <span class='ocrx_word' id='word_1_266' title='bbox 469 2089 606 2131; x_wconf 89' lang='lat' dir='ltr'>aperte</span> <span class='ocrx_word' id='word_1_267' title='bbox 633 2084 772 2131; x_wconf 81' lang='lat' dir='ltr'>liquet,</span> <span class='ocrx_word' id='word_1_268' title='bbox 800 2083 956 2120; x_wconf 89' lang='lat' dir='ltr'>Decem</span> <span class='ocrx_word' id='word_1_269' title='bbox 984 2083 1087 2121; x_wconf 86' lang='lat' dir='ltr'>soliis</span> <span class='ocrx_word' id='word_1_270' title='bbox 1108 2084 1184 2120; x_wconf 90' lang='lat' dir='ltr'>hae</span> <span class='ocrx_word' id='word_1_271' title='bbox 1220 2084 1505 2121; x_wconf 87' lang='lat' dir='ltr'>instructiones</span> <span class='ocrx_word' id='word_1_272' title='bbox 1540 2085 1808 2122; x_wconf 89' lang='lat' dir='ltr'>continentur:</span> <span class='ocrx_word' id='word_1_273' title='bbox 1831 2084 1915 2123; x_wconf 92' lang='lat' dir='ltr'>Inc.</span> 
     </span>
     <span class='ocr_line' id='line_1_28' title="bbox 290 2155 1920 2203; baseline 0 -11"><span class='ocrx_word' id='word_1_274' title='bbox 290 2155 863 2196; x_wconf 77' lang='lat' dir='ltr'>«Prouinciales.—Aduierta</span> <span class='ocrx_word' id='word_1_275' title='bbox 897 2155 933 2192; x_wconf 91' lang='lat' dir='ltr'>el</span> <span class='ocrx_word' id='word_1_276' title='bbox 967 2155 1254 2203; x_wconf 72' lang='lat' dir='ltr'>prouincial...»</span> <span class='ocrx_word' id='word_1_277' title='bbox 1277 2155 1387 2193; x_wconf 65' lang='lat' dir='ltr'>Des:</span> <span class='ocrx_word' id='word_1_278' title='bbox 1425 2161 1585 2194; x_wconf 87' lang='lat' dir='ltr'>«...esto</span> <span class='ocrx_word' id='word_1_279' title='bbox 1619 2156 1715 2193; x_wconf 77' lang='lat' dir='ltr'>hara</span> <span class='ocrx_word' id='word_1_280' title='bbox 1749 2167 1826 2193; x_wconf 91' lang='lat' dir='ltr'>con</span> <span class='ocrx_word' id='word_1_281' title='bbox 1860 2155 1920 2193; x_wconf 89' lang='lat' dir='ltr'>los</span> 
     </span>
     <span class='ocr_line' id='line_1_29' title="bbox 287 2224 1303 2275; baseline 0.002 -12"><span class='ocrx_word' id='word_1_282' title='bbox 287 2227 559 2275; x_wconf 82' lang='lat' dir='ltr'>superiores.»</span> <span class='ocrx_word' id='word_1_283' title='bbox 1301 2224 1303 2227; x_wconf 64' lang='grc'>’</span> 
     </span>
    </p>

    <p class='ocr_par' dir='ltr' id='par_1_5' title="bbox 288 2297 1919 2918">
     <span class='ocr_line' id='line_1_30' title="bbox 373 2297 1919 2347; baseline 0.001 -12"><span class='ocrx_word' id='word_1_284' title='bbox 373 2309 432 2344; x_wconf 86' lang='lat'>14.</span> <span class='ocrx_word' id='word_1_285' title='bbox 494 2298 581 2335; x_wconf 86' lang='lat' dir='ltr'>«De</span> <span class='ocrx_word' id='word_1_286' title='bbox 603 2298 738 2335; x_wconf 90' lang='lat' dir='ltr'>officio</span> <span class='ocrx_word' id='word_1_287' title='bbox 761 2298 1132 2346; x_wconf 89' lang='lat' dir='ltr'>superintendentis</span> <span class='ocrx_word' id='word_1_288' title='bbox 1149 2298 1352 2347; x_wconf 87' lang='lat' dir='ltr'>collegii.»</span> <span class='ocrx_word' id='word_1_289' title='bbox 1373 2297 1458 2336; x_wconf 89' lang='lat' dir='ltr'>Sub</span> <span class='ocrx_word' id='word_1_290' title='bbox 1479 2299 1558 2336; x_wconf 91' lang='lat' dir='ltr'>hoc</span> <span class='ocrx_word' id='word_1_291' title='bbox 1578 2298 1706 2345; x_wconf 89' lang='lat' dir='ltr'>titulo,</span> <span class='ocrx_word' id='word_1_292' title='bbox 1727 2299 1766 2335; x_wconf 93' lang='lat' dir='ltr'>in</span> <span class='ocrx_word' id='word_1_293' title='bbox 1786 2299 1919 2336; x_wconf 90' lang='lat' dir='ltr'>indice</span> 
     </span>
     <span class='ocr_line' id='line_1_31' title="bbox 288 2369 1919 2418; baseline 0 -11"><span class='ocrx_word' id='word_1_294' title='bbox 288 2370 435 2417; x_wconf 88' lang='lat' dir='ltr'>posito,</span> <span class='ocrx_word' id='word_1_295' title='bbox 457 2375 633 2417; x_wconf 89' lang='lat' dir='ltr'>quatuor</span> <span class='ocrx_word' id='word_1_296' title='bbox 650 2370 713 2407; x_wconf 87' lang='lat' dir='ltr'>alii</span> <span class='ocrx_word' id='word_1_297' title='bbox 733 2369 835 2407; x_wconf 87' lang='lat' dir='ltr'>tituli</span> <span class='ocrx_word' id='word_1_298' title='bbox 863 2370 902 2406; x_wconf 90' lang='lat' dir='ltr'>in</span> <span class='ocrx_word' id='word_1_299' title='bbox 930 2369 1073 2407; x_wconf 92' lang='lat' dir='ltr'>codice</span> <span class='ocrx_word' id='word_1_300' title='bbox 1100 2371 1365 2418; x_wconf 86' lang='lat' dir='ltr'>reperiuntur,</span> <span class='ocrx_word' id='word_1_301' title='bbox 1389 2381 1494 2417; x_wconf 92' lang='lat' dir='ltr'>quos</span> <span class='ocrx_word' id='word_1_302' title='bbox 1520 2371 1583 2407; x_wconf 93' lang='lat' dir='ltr'>hic</span> <span class='ocrx_word' id='word_1_303' title='bbox 1603 2370 1919 2417; x_wconf 90' lang='lat' dir='ltr'>transcribimus,</span> 
     </span>
     <span class='ocr_line' id='line_1_32' title="bbox 288 2440 1918 2488; baseline 0.001 -11"><span class='ocrx_word' id='word_1_304' title='bbox 288 2452 380 2477; x_wconf 93' lang='lat' dir='ltr'>cum</span> <span class='ocrx_word' id='word_1_305' title='bbox 401 2440 513 2478; x_wconf 90' lang='lat' dir='ltr'>brevi</span> <span class='ocrx_word' id='word_1_306' title='bbox 534 2440 808 2478; x_wconf 89' lang='lat' dir='ltr'>declaratione</span> <span class='ocrx_word' id='word_1_307' title='bbox 829 2441 885 2477; x_wconf 88' lang='lat' dir='ltr'>rei</span> <span class='ocrx_word' id='word_1_308' title='bbox 913 2440 988 2478; x_wconf 92' lang='lat' dir='ltr'>sub</span> <span class='ocrx_word' id='word_1_309' title='bbox 1018 2440 1133 2478; x_wconf 89' lang='lat' dir='ltr'>titulo</span> <span class='ocrx_word' id='word_1_310' title='bbox 1161 2441 1332 2488; x_wconf 89' lang='lat' dir='ltr'>positae.</span> <span class='ocrx_word' id='word_1_311' title='bbox 1362 2446 1439 2481; x_wconf 58' lang='lat' dir='ltr'>Lus</span> <span class='ocrx_word' id='word_1_312' title='bbox 1460 2441 1513 2478; x_wconf 83' lang='lat' dir='ltr'>ita</span> <span class='ocrx_word' id='word_1_313' title='bbox 1536 2441 1671 2478; x_wconf 88' lang='lat' dir='ltr'>habet:</span> <span class='ocrx_word' id='word_1_314' title='bbox 1700 2440 1918 2478; x_wconf 83' lang='lat' dir='ltr'>«Officium</span> 
     </span>
     <span class='ocr_line' id='line_1_33' title="bbox 288 2511 1917 2561; baseline 0.001 -14"><span class='ocrx_word' id='word_1_315' title='bbox 288 2511 658 2559; x_wconf 87' lang='lat' dir='ltr'>superintendentis</span> <span class='ocrx_word' id='word_1_316' title='bbox 680 2512 838 2561; x_wconf 89' lang='lat' dir='ltr'>collegii</span> <span class='ocrx_word' id='word_1_317' title='bbox 865 2511 941 2548; x_wconf 91' lang='lat' dir='ltr'>sub</span> <span class='ocrx_word' id='word_1_318' title='bbox 968 2511 1251 2559; x_wconf 85' lang='lat' dir='ltr'>compendio.»</span> <span class='ocrx_word' id='word_1_319' title='bbox 1274 2511 1320 2548; x_wconf 92' lang='lat' dir='ltr'>In</span> <span class='ocrx_word' id='word_1_320' title='bbox 1345 2511 1473 2548; x_wconf 90' lang='lat' dir='ltr'>tribus</span> <span class='ocrx_word' id='word_1_321' title='bbox 1500 2511 1604 2548; x_wconf 89' lang='lat' dir='ltr'>soliis</span> <span class='ocrx_word' id='word_1_322' title='bbox 1631 2523 1724 2549; x_wconf 93' lang='lat' dir='ltr'>cum</span> <span class='ocrx_word' id='word_1_323' title='bbox 1750 2512 1917 2549; x_wconf 89' lang='lat' dir='ltr'>dimidio</span> 
     </span>
     <span class='ocr_line' id='line_1_34' title="bbox 289 2581 1914 2632; baseline 0 -13"><span class='ocrx_word' id='word_1_324' title='bbox 289 2584 470 2619; x_wconf 87' lang='lat' dir='ltr'>continet</span> <span class='ocrx_word' id='word_1_325' title='bbox 503 2593 554 2631; x_wconf 82' lang='lat'>47</span> <span class='ocrx_word' id='word_1_326' title='bbox 588 2583 762 2632; x_wconf 83' lang='lat' dir='ltr'>regulas.</span> <span class='ocrx_word' id='word_1_327' title='bbox 797 2583 892 2620; x_wconf 86' lang='lat' dir='ltr'>Inc.:</span> <span class='ocrx_word' id='word_1_328' title='bbox 930 2582 986 2622; x_wconf 86' lang='lat' dir='ltr'>«I.</span> <span class='ocrx_word' id='word_1_329' title='bbox 1023 2581 1159 2628; x_wconf 88' lang='lat' dir='ltr'>Curet,</span> <span class='ocrx_word' id='word_1_330' title='bbox 1192 2588 1236 2619; x_wconf 88' lang='lat' dir='ltr'>ut</span> <span class='ocrx_word' id='word_1_331' title='bbox 1269 2583 1329 2620; x_wconf 89' lang='lat' dir='ltr'>sui</span> <span class='ocrx_word' id='word_1_332' title='bbox 1366 2583 1539 2630; x_wconf 90' lang='lat' dir='ltr'>quisque</span> <span class='ocrx_word' id='word_1_333' title='bbox 1575 2583 1775 2623; x_wconf 84' lang='lat' dir='ltr'>officii...»</span> <span class='ocrx_word' id='word_1_334' title='bbox 1802 2583 1914 2624; x_wconf 60' lang='lat' dir='ltr'>Des:</span> 
     </span>
     <span class='ocr_line' id='line_1_35' title="bbox 291 2654 1913 2703; baseline -0.004 -10"><span class='ocrx_word' id='word_1_335' title='bbox 291 2665 381 2702; x_wconf 63' lang='grc'>«47.</span> <span class='ocrx_word' id='word_1_336' title='bbox 406 2654 445 2691; x_wconf 84' lang='lat' dir='ltr'>Si</span> <span class='ocrx_word' id='word_1_337' title='bbox 480 2655 547 2701; x_wconf 89' lang='lat' dir='ltr'>qui</span> <span class='ocrx_word' id='word_1_338' title='bbox 576 2660 669 2692; x_wconf 88' lang='lat' dir='ltr'>sunt</span> <span class='ocrx_word' id='word_1_339' title='bbox 702 2655 843 2692; x_wconf 89' lang='lat' dir='ltr'>tentati</span> <span class='ocrx_word' id='word_1_340' title='bbox 876 2654 941 2691; x_wconf 90' lang='lat' dir='ltr'>vel</span> <span class='ocrx_word' id='word_1_341' title='bbox 976 2654 1154 2701; x_wconf 87' lang='lat' dir='ltr'>inquieti,</span> <span class='ocrx_word' id='word_1_342' title='bbox 1183 2665 1323 2691; x_wconf 86' lang='lat' dir='ltr'>eorum</span> <span class='ocrx_word' id='word_1_343' title='bbox 1344 2654 1562 2702; x_wconf 86' lang='lat' dir='ltr'>specialem</span> <span class='ocrx_word' id='word_1_344' title='bbox 1588 2659 1701 2703; x_wconf 89' lang='lat' dir='ltr'>geret</span> <span class='ocrx_word' id='word_1_345' title='bbox 1735 2665 1913 2694; x_wconf 83' lang='lat' dir='ltr'>curam.»</span> 
     </span>
     <span class='ocr_line' id='line_1_36' title="bbox 289 2725 1915 2774; baseline 0 -12"><span class='ocrx_word' id='word_1_346' title='bbox 289 2732 425 2765; x_wconf 70' lang='lat' dir='ltr'>—2.u³</span> <span class='ocrx_word' id='word_1_347' title='bbox 450 2725 775 2774; x_wconf 88' lang='lat' dir='ltr'>«Compendium</span> <span class='ocrx_word' id='word_1_348' title='bbox 795 2725 1145 2774; x_wconf 89' lang='lat' dir='ltr'>quemadmodum</span> <span class='ocrx_word' id='word_1_349' title='bbox 1165 2726 1220 2762; x_wconf 92' lang='lat' dir='ltr'>uti</span> <span class='ocrx_word' id='word_1_350' title='bbox 1242 2737 1315 2762; x_wconf 88' lang='lat' dir='ltr'>suo</span> <span class='ocrx_word' id='word_1_351' title='bbox 1344 2725 1480 2762; x_wconf 89' lang='lat' dir='ltr'>officio</span> <span class='ocrx_word' id='word_1_352' title='bbox 1501 2725 1650 2762; x_wconf 92' lang='lat' dir='ltr'>debeat</span> <span class='ocrx_word' id='word_1_353' title='bbox 1675 2730 1807 2762; x_wconf 87' lang='lat' dir='ltr'>rector</span> <span class='ocrx_word' id='word_1_354' title='bbox 1833 2725 1915 2764; x_wconf 91' lang='lat' dir='ltr'>col-</span> 
     </span>
     <span class='ocr_line' id='line_1_37' title="bbox 289 2796 1915 2847; baseline -0.001 -13"><span class='ocrx_word' id='word_1_355' title='bbox 289 2798 393 2847; x_wconf 87' lang='lat' dir='ltr'>legii,</span> <span class='ocrx_word' id='word_1_356' title='bbox 408 2798 651 2847; x_wconf 78' lang='lat' dir='ltr'>praesertim</span> <span class='ocrx_word' id='word_1_357' title='bbox 667 2797 737 2835; x_wconf 79' lang='lat' dir='ltr'>vbi</span> <span class='ocrx_word' id='word_1_358' title='bbox 753 2796 1085 2847; x_wconf 78' lang='lat' dir='ltr'>superintendens</span> <span class='ocrx_word' id='word_1_359' title='bbox 1105 2801 1199 2836; x_wconf 81' lang='lat' dir='ltr'>est.»</span> <span class='ocrx_word' id='word_1_360' title='bbox 1219 2796 1348 2843; x_wconf 87' lang='lat' dir='ltr'>Haec,</span> <span class='ocrx_word' id='word_1_361' title='bbox 1365 2808 1470 2844; x_wconf 86' lang='lat' dir='ltr'>quae</span> <span class='ocrx_word' id='word_1_362' title='bbox 1487 2797 1628 2834; x_wconf 89' lang='lat' dir='ltr'>italicis</span> <span class='ocrx_word' id='word_1_363' title='bbox 1644 2797 1782 2834; x_wconf 88' lang='lat' dir='ltr'>litteris</span> <span class='ocrx_word' id='word_1_364' title='bbox 1799 2797 1915 2833; x_wconf 85' lang='lat' dir='ltr'>exhi—</span> 
     </span>
     <span class='ocr_line' id='line_1_38' title="bbox 288 2868 1914 2918; baseline -0.001 -12"><span class='ocrx_word' id='word_1_365' title='bbox 288 2870 446 2915; x_wconf 86' lang='lat' dir='ltr'>bentur,</span> <span class='ocrx_word' id='word_1_366' title='bbox 467 2881 488 2906; x_wconf 89' lang='lat' dir='ltr'>a</span> <span class='ocrx_word' id='word_1_367' title='bbox 510 2869 640 2906; x_wconf 90' lang='lat' dir='ltr'>Natali</span> <span class='ocrx_word' id='word_1_368' title='bbox 662 2870 824 2917; x_wconf 91' lang='lat' dir='ltr'>propria</span> <span class='ocrx_word' id='word_1_369' title='bbox 843 2881 965 2906; x_wconf 89' lang='lat' dir='ltr'>manu</span> <span class='ocrx_word' id='word_1_370' title='bbox 987 2868 1125 2906; x_wconf 90' lang='lat' dir='ltr'>addita</span> <span class='ocrx_word' id='word_1_371' title='bbox 1146 2874 1252 2909; x_wconf 88' lang='lat' dir='ltr'>sunt.</span> <span class='ocrx_word' id='word_1_372' title='bbox 1277 2868 1448 2906; x_wconf 90' lang='lat' dir='ltr'>Duabus</span> <span class='ocrx_word' id='word_1_373' title='bbox 1475 2869 1633 2918; x_wconf 85' lang='lat' dir='ltr'>paginis</span> <span class='ocrx_word' id='word_1_374' title='bbox 1666 2869 1743 2906; x_wconf 92' lang='lat' dir='ltr'>hoc</span> <span class='ocrx_word' id='word_1_375' title='bbox 1770 2879 1914 2905; x_wconf 90' lang='lat' dir='ltr'>monu-</span> 
     </span>
    </p>
   </div>
   <div class='ocr_carea' id='block_1_3' title="bbox 287 2962 566 2967">
    <p class='ocr_par' dir='ltr' id='par_1_6' title="bbox 287 2962 566 2967">
     <span class='ocr_line' id='line_1_39' title="bbox 287 2962 566 2967; baseline 0 0"><span class='ocrx_word' id='word_1_376' title='bbox 287 2962 566 2967; x_wconf 95' lang='lat' dir='ltr'> </span> 
     </span>
    </p>
   </div>
   <div class='ocr_carea' id='block_1_4' title="bbox 359 3016 1867 3064">
    <p class='ocr_par' dir='ltr' id='par_1_7' title="bbox 359 3016 1867 3064">
     <span class='ocr_line' id='line_1_40' title="bbox 359 3016 1867 3064; baseline -0.001 -11"><span class='ocrx_word' id='word_1_377' title='bbox 359 3021 365 3038; x_wconf 83' lang='lat'><strong>¹</strong></span> <span class='ocrx_word' id='word_1_378' title='bbox 421 3017 479 3054; x_wconf 82' lang='lat' dir='ltr'>Cf.</span> <span class='ocrx_word' id='word_1_379' title='bbox 500 3018 734 3052; x_wconf 78' lang='lat' dir='ltr'>Institutum</span> <span class='ocrx_word' id='word_1_380' title='bbox 756 3017 968 3053; x_wconf 75' lang='lat' dir='ltr'>Societatis</span> <span class='ocrx_word' id='word_1_381' title='bbox 978 3017 1077 3064; x_wconf 82' lang='lat' dir='ltr'>Jeszt</span> <span class='ocrx_word' id='word_1_382' title='bbox 1091 3017 1327 3060; x_wconf 86' lang='lat' dir='ltr'>(Florentiae</span> <span class='ocrx_word' id='word_1_383' title='bbox 1342 3017 1454 3053; x_wconf 86' lang='lat' dir='ltr'>annis</span> <span class='ocrx_word' id='word_1_384' title='bbox 1475 3016 1702 3063; x_wconf 89' lang='lat'>1892-1893).</span> <span class='ocrx_word' id='word_1_385' title='bbox 1725 3017 1867 3062; x_wconf 82' lang='lat'>111,50.</span> 
     </span>
    </p>
   </div>
   <div class='ocr_carea' id='block_1_5' title="bbox 1979 0 2028 1080">
    <p class='ocr_par' dir='ltr' id='par_1_8' title="bbox 1979 0 2028 1080">
     <span class='ocr_line' id='line_1_41' title="bbox 1979 0 2028 1080; baseline 0 0"><span class='ocrx_word' id='word_1_386' title='bbox 1979 0 2028 1080; x_wconf 95' lang='lat' dir='ltr'> </span> 
     </span>
    </p>
   </div>
   <div class='ocr_carea' id='block_1_6' title="bbox 2026 2026 2028 3123">
    <p class='ocr_par' dir='ltr' id='par_1_9' title="bbox 2026 2026 2028 3123">
     <span class='ocr_line' id='line_1_42' title="bbox 2026 2026 2028 3123; baseline 0 0"><span class='ocrx_word' id='word_1_387' title='bbox 2026 2026 2028 3123; x_wconf 95' lang='lat' dir='ltr'> </span> 
     </span>
    </p>
   </div>
  </div>
 </body>
</html>
