2028 3426
299 225 370 261 280
772 223 924 259 PArais
952 223 1194 257 Hiaaonvffl
1221 219 1372 255 NADAL

251 334 297 372 et
311 324 519 370 lusatiani
537 326 581 368 in
595 325 796 368 reddit-us
812 322 1140 368 ecclesiasticos
1157 327 1388 377 separatos
1405 327 1450 364 et
1467 318 1599 363 nobis
1615 318 1883 376 applicatos

252 405 355 447 Hoc
378 403 415 446 si
438 403 534 447 fieri
559 417 646 445 non
671 402 827 458 possit,
853 399 1149 456 expediantur
1171 397 1342 441 literae.

341 482 483 525 Curet
505 479 656 530 etiam,
683 486 732 520 ut
756 493 859 520 vasa
883 475 974 518 vini
1003 490 1083 519 sex
1111 474 1303 518 certiora
1331 473 1420 516 sint
1449 472 1595 526 nobis;
1623 472 1747 516 omni
1775 469 1884 516 vero

251 558 401 602 studio
423 565 467 600 et
491 555 723 612 diligentia
747 554 1047 597 contendatur
1071 551 1190 607 apud
1212 564 1458 602 caesarem,
1486 565 1543 594 ne
1566 557 1747 593 careant
1770 563 1883 605 pau-

253 649 380 691 peres
402 636 495 677 suis
518 632 783 681 redditibus,
810 629 990 673 aliunde
1013 627 1298 684 comparatis,
1324 642 1381 671 ne
1409 629 1527 669 hanc
1556 626 1779 682 patiamur
1801 639 1885 668 nos

249 711 536 761 calumniam,
562 709 687 765 quasi
712 715 864 750 nostra
893 707 1125 748 voluntate
1157 704 1219 746 illi
1248 703 1338 747 sint
1367 710 1618 760 prouentus
1646 703 1777 746 nobis
1805 718 1883 759 ap-

250 789 418 845 plicati,
445 796 488 831 et
512 801 731 843 pauperes
754 799 834 827 sua
858 782 1128 827 eleemosina
1150 781 1326 838 priuati.

339 867 460 908 Cura
482 864 579 907 eius
603 863 707 905 huic
730 861 972 904 coniuncta
996 859 1097 910 erit,
1130 866 1179 902 ut
1208 860 1370 902 domus
1398 872 1647 914 pauperum
1676 856 1883 901 Viennae

249 943 488 992 fundetur,
530 949 573 984 et
612 941 776 983 habeat
817 938 1097 980 commodam
1136 936 1320 979 domum
1359 942 1405 978 et
1447 934 1672 986 redditus,
1717 934 1883 989 quibus

250 1020 441 1061 idoneus
470 1017 630 1072 aliquis
659 1030 875 1060 numerus
904 1028 1149 1070 pauperum
1184 1026 1424 1069 puerorum
1456 1011 1513 1055 ali
1546 1019 1681 1066 atque
1709 1010 1883 1054 institui

251 1096 405 1151 possit.

336 1174 462 1223 Item,
503 1186 582 1227 pro
615 1169 992 1213 commensalibus
1024 1169 1246 1211 habeatur
1278 1168 1439 1209 domus
1471 1166 1720 1209 commoda:
1762 1165 1881 1209 idem

248 1259 377 1293 curet
404 1252 591 1304 Pragae.

339 1327 459 1369 Idem
483 1332 610 1368 curet
634 1323 906 1380 Tyrnauiae,
932 1322 968 1366 si
991 1322 1087 1365 fieri
1109 1321 1264 1378 possit.

332 1404 380 1448 Si
419 1417 566 1446 nouae
604 1408 842 1444 occurrant
880 1399 1183 1451 fundationes,
1219 1399 1315 1442 siue
1349 1397 1665 1449 Vratislauiae,
1706 1396 1803 1440 siue
1834 1395 1881 1438 in

247 1480 448 1533 Polonia,
475 1494 568 1524 rem
593 1486 786 1522 tractare
803 1477 982 1534 poterit,
1008 1490 1100 1519 non
1123 1476 1413 1528 concludere3
1440 1476 1520 1519 sed
1537 1474 1681 1531 primo
1699 1487 1880 1530 quoque

244 1567 461 1614 tempore,
487 1571 590 1599 cum
614 1555 688 1612 agi
711 1555 946 1611 negotium
969 1553 1185 1610 coeperit,
1211 1553 1377 1597 scribet
1401 1552 1525 1595 Patri
1547 1550 1750 1609 generali
1773 1565 1880 1607 par-

245 1634 484 1678 ticulatim.

331 1711 435 1754 Alia
457 1711 540 1754 erit
563 1710 660 1754 eius
682 1724 792 1752 cura
814 1707 1140 1760 aedificiorum,
1166 1706 1212 1749 in
1236 1706 1401 1762 quibus
1425 1706 1470 1749 id
1493 1713 1726 1761 sequatur,
1759 1705 1881 1760 quod

240 1804 296 1833 ex
315 1803 385 1831 me
408 1788 627 1831 intellexit
649 1794 694 1830 et
717 1786 983 1842 inscriptum
1006 1785 1173 1829 retulit.

331 1868 457 1910 Haec
480 1880 587 1908 cura
610 1865 675 1908 sic
699 1865 798 1916 erit,
827 1872 874 1906 ut
891 1863 1107 1920 juditium
1132 1862 1442 1906 aedificiorum
1465 1861 1523 1904 sit
1549 1859 1697 1904 Patris
1720 1860 1881 1904 Victo-

242 1943 333 1987 riae
355 1958 409 1986 ex
432 1950 586 1985 nostro
609 1941 901 1998 praescripto:
922 1956 979 1984 an
997 1954 1105 1984 vero
1122 1939 1181 1982 sit
1198 1939 1547 1992 aedificandum,
1568 1937 1652 1982 erit
1670 1937 1879 1980 iuditium

243 2020 545 2076 prouincialis,
570 2020 606 2062 si
635 2033 689 2062 ex
718 2018 926 2075 pecunia,
959 2032 1075 2073 quae
1104 2016 1316 2073 prouenit
1345 2031 1401 2060 ex
1431 2015 1530 2059 iure
1563 2013 1877 2071 collegiorum,

242 2097 570 2140 aedificandum
603 2105 686 2149 est3
719 2096 786 2138 sin
811 2111 865 2140 ex
888 2095 973 2138 alia
994 2093 1206 2151 pecunia,
1233 2108 1367 2149 quam
1393 2095 1444 2136 P.
1474 2091 1675 2136 Victoria
1697 2090 1880 2135 aliunde

242 2173 535 2228 conquisiuit,
568 2173 774 2216 iuditium
804 2172 888 2216 erit
916 2171 1058 2228 ipsius
1088 2173 1139 2215 P.
1173 2170 1406 2215 Victoriae
1440 2169 1622 2225 quando
1660 2167 1718 2212 sit
1754 2167 1879 2212 aedi-

244 2251 487 2293 ficandum.

336 2327 427 2369 Erit
451 2328 534 2370 alia
557 2328 653 2371 eius
676 2342 801 2380 cura,
832 2342 966 2382 quam
997 2327 1110 2369 solet
1141 2327 1310 2369 habere
1339 2331 1621 2381 procurator:
1654 2324 1766 2366 haec
1795 2321 1879 2366 erit

242 2404 466 2459 bipartita.
494 2405 594 2446 Vna
618 2405 701 2448 erit
724 2404 868 2460 posita
886 2404 930 2446 in
954 2403 1108 2445 litibus
1131 2401 1490 2458 propugnandis,
1517 2400 1553 2443 si
1572 2414 1689 2456 quae
1707 2399 1878 2442 incide-

243 2481 348 2531 rint,
373 2490 416 2523 et
441 2483 598 2523 harum
623 2481 707 2524 erit
731 2489 824 2524 tota
852 2495 960 2523 cura
992 2481 1045 2524 P.
1080 2478 1327 2523 Victoriae.
1363 2477 1467 2521 Alia
1488 2492 1592 2533 pars
1622 2475 1878 2519 uersabitur

242 2558 362 2600 circa
385 2558 665 2601 exactionem
689 2557 998 2613 pecuniarum,
1020 2571 1212 2612 quarum
1236 2570 1361 2608 cura,
1387 2569 1444 2597 ne
1463 2553 1651 2596 nimium
1671 2552 1879 2596 facilibus

246 2636 383 2676 rebus
407 2644 624 2690 grauetur
649 2636 699 2677 Ρ.
728 2634 944 2685 Victoria,
971 2634 1015 2675 in
1039 2635 1125 2676 hoc
1147 2632 1232 2676 erit
1253 2632 1415 2688 posita,
1446 2639 1510 2683 ut,
1536 2645 1652 2686 quae
1681 2645 1707 2672 a
1730 2636 1877 2673 recto-

247 2711 369 2753 ribus
388 2711 507 2766 exigi
532 2720 760 2766 poterunt,
781 2719 826 2753 et
844 2710 1060 2753 iudicabit
1085 2702 1365 2765 prouintialis
1381 2723 1405 2751 e
1429 2707 1680 2752 rectoribus
1698 2713 1877 2749 nostro-

242 2803 338 2829 rum
359 2788 654 2843 collegiorum
680 2789 750 2829 uel
769 2787 1137 2830 commensalium
1159 2787 1230 2830 uel
1248 2799 1497 2842 pauperum
1516 2798 1614 2828 esse
1632 2783 1874 2839 exigenda,

242 2866 401 2906 horum
427 2865 662 2917 exactione
686 2863 911 2906 leuabitur
936 2863 988 2906 P.
1015 2862 1231 2906 Victoria.
1803 2916 1811 2924 ⁶

329 2940 373 2983 Si
399 2955 485 2994 qua
509 2948 640 2983 erunt
663 2940 747 2982 alia
771 2939 921 2982 debita
943 2938 1208 2990 difficiliora,
1235 2940 1292 2981 ad
1315 2937 1548 2981 arbitrium
1573 2935 1872 2993 prouintialis,

239 3030 326 3057 non
361 3025 492 3058 erunt
526 3016 749 3071 exigenda
782 3031 806 3058 a
842 3015 1109 3067 rectoribus,
1145 3016 1224 3059 sed
1258 3029 1282 3057 a
1318 3016 1453 3057 Patre
1491 3013 1706 3058 Victoria.
1745 3014 1874 3068 Quas
