2028 3426
692 255 873 290 NOT1T1A
901 262 1090 290 comcUM
1609 266 1655 302 77

45 369 55 374 “
77 361 283 410 signantur
308 358 559 407 paragraphi.
587 357 641 407 3.⁰
664 358 708 394 In
730 358 809 404 illo,
832 363 924 406 post
945 369 1004 403 ea,
1028 368 1133 404 quae
1162 357 1226 393 hic
1256 357 1457 394 habentur
1476 363 1560 395 tum
1582 360 1703 396 latino

33 413 55 483 ὓ,
75 437 159 468 tum
179 430 387 477 hispanico
408 423 607 475 sermone,
635 434 859 476 sequuntur
878 428 954 465 alia
975 428 1027 464 de
1057 428 1259 464 exercitiis
1286 428 1544 475 documenta,
1575 431 1705 467 italica

56 502 222 550 lingua,
244 511 348 547 quae
376 500 542 546 quidem
562 500 626 536 hic
646 511 728 536 non
754 499 966 536 habentur.
987 498 1043 545 4⁰
1066 499 1109 534 In
1131 498 1210 544 illo,
1232 511 1314 535 non
1340 504 1495 535 tantum
1515 500 1555 536 in
1575 502 1703 547 primo

75 571 201 617 titulo,
222 576 383 607 notatur
402 576 543 607 auctor
563 571 706 607 horum
727 570 1076 615 documentorum,
1093 570 1247 606 scilicet
1266 570 1457 618 Ignatius,
1479 575 1520 606 et
1539 571 1703 617 quidem

75 654 195 680 manu
214 641 378 687 Natalis;
400 641 473 678 se'd
494 641 640 678 eadem
660 653 783 678 manu
803 642 965 691 iteratur
993 646 1088 677 nota
1114 663 1116 666 -
1135 641 1227 678 Lus,
1253 641 1304 677 ad
1338 642 1561 690 marginem
1586 643 1704 679 trium

73 713 275 751 titulorum
297 713 415 760 hujus
436 712 682 758 documenti,
704 712 812 749 unde
833 712 952 749 nobis
975 717 1134 749 constat
1153 717 1283 748 totum
1300 711 1439 748 deberi
1455 713 1530 757 ipsi
1552 714 1703 750 auctori

72 784 192 822 libelli
213 784 508 821 exercitiorum.
542 783 607 820 An
627 789 763 820 autem
795 795 888 831 pars
909 784 1042 820 italice
1071 784 1232 831 scripta,
1267 795 1372 830 quae
1401 784 1471 820 vix
1498 784 1704 821 dimidiam

74 860 245 908 occupat
264 855 475 903 pagellam,
496 855 562 891 fol.
584 864 693 903 27or,
714 855 833 892 etiam
855 854 1069 891 tribuenda
1090 854 1139 891 sit
1159 854 1197 891 S.
1219 854 1390 903 IgnatiO,
1425 854 1517 891 licet
1545 854 1598 891 ibi
1620 867 1702 891 non

73 931 293 970 annotetur,
317 937 409 962 cum
443 925 587 962 eadem
606 937 728 962 manu
757 931 796 962 et
816 926 1006 962 continua
1027 930 1219 972 sequatur
1238 926 1434 971 tractatio,
1462 926 1699 963 affirmative

70 997 400 1046 respondendum
421 997 635 1042 credimus,
656 1008 705 1033 eo
725 997 837 1044 quod
871 997 981 1033 initio
1016 997 1141 1033 ultimi
1175 997 1289 1042 tituli,
1316 996 1380 1033 illa
1401 1002 1496 1033 nota
1537 997 1655 1034 «Lus»
1680 1009 1701 1034 a

72 1068 200 1106 Natali
220 1069 404 1116 apposita
425 1068 556 1113 fuerit,
577 1068 711 1115 prouti
728 1079 858 1115 nuper
874 1067 1027 1104 dictum
1047 1072 1119 1104 est.

150 1139 215 1176 Ex
236 1139 297 1176 his
323 1139 489 1188 colliges
515 1139 650 1187 magni
677 1138 948 1175 aestimandas
978 1150 1066 1174 esse
1097 1139 1169 1174 has
1200 1139 1498 1184 annotationes,
1530 1144 1569 1175 et
1598 1140 1700 1176 inter

73 1210 197 1248 sancti
218 1210 455 1247 institutoris
482 1209 693 1246 Societatis
719 1210 866 1257 scripta
886 1209 1170 1254 recensendas;
1192 1209 1284 1246 licet
1304 1210 1409 1246 enim
1431 1209 1482 1246 ab
1504 1209 1580 1246 alio
1601 1221 1701 1246 exa—

57 1286 156 1319 'rata
176 1281 334 1327 fuerint,
357 1280 582 1317 substantia
609 1280 948 1317 documentorum
975 1280 1132 1329 Ignatio
1159 1285 1220 1317 est
1247 1281 1519 1318 adcensenda.
1548 1281 1706 1318 Primus

75 1353 190 1402 igitur
208 1352 346 1389 titulus
366 1353 442 1388 inc.
471 1352 615 1400 «Quod
636 1351 688 1387 ad
716 1352 898 1388 ordinem
928 1352 1080 1397 attinet,
1110 1356 1202 1387 ante
1232 1352 1365 1388 omnia
1394 1352 1701 1388 fundamentum

75 1429 383 1472 proponatur...»
415 1423 511 1460 Des.
544 1423 812 1459 «famulorum
845 1423 1066 1459 ministerio
1101 1423 1246 1459 confici
1281 1423 1451 1460 solent.»
1488 1423 1703 1460 Secundus

72 1495 206 1532 titulus
235 1500 306 1531 est:
339 1495 588 1531 «Directorio
619 1494 669 1530 de
699 1494 759 1531 los
786 1494 1014 1531 exercicios
1041 1493 1092 1530 de
1119 1494 1154 1530 la
1175 1494 1359 1543 segunda
1387 1506 1588 1531 semana.»
1618 1495 1698 1531 Inc.

75 1566 180 1602 «Los
202 1577 351 1613 queen
373 1566 409 1601 la
429 1565 557 1613 prima
578 1577 742 1601 semana
762 1577 815 1601 no
837 1570 1148 1602 mostrassen...»
1170 1565 1268 1602 Des.
1292 1580 1353 1602 «...
1375 1565 1435 1601 los
1457 1571 1632 1613 punctos
1649 1577 1700 1602 en-

56 1637 218 1674 'escrito
246 1638 563 1673 succintamente
591 1641 794 1684 puestos.>
825 1636 988 1673 Tertius
1013 1636 1162 1673 titulus:
1199 1636 1444 1673 ‹Directorio
1475 1647 1617 1673 acerca
1647 1637 1699 1673 de

39 1726 53 1745 μ
72 1707 129 1745 las
164 1708 420 1745 electiones.»
456 1708 538 1744 Inc.
571 1708 910 1744 «Primeramente
940 1719 983 1744 se
1012 1707 1117 1743 deue
1143 1707 1292 1744 insistir
1317 1719 1397 1754 que
1424 1707 1535 1743 entre
1565 1719 1613 1743 en
1642 1707 1703 1744 las

25 1771 47 1829 ‘r
73 1779 360 1826 electioneS...»
382 1779 479 1816 Des.
586 1779 609 1815 ό
630 1779 754 1815 modo
776 1779 827 1815 de
848 1778 961 1824 uiuir,
982 1791 1007 1827 y
1027 1782 1108 1815 assi
1128 1790 1232 1827 uaya
1253 1779 1567 1815 discurriendo.»
1593 1779 1699 1815 Nota

73 1851 233 1887 tertium
266 1852 373 1887 hunc
406 1850 578 1896 titulum,
607 1855 647 1886 et
674 1850 920 1886 documenta
951 1850 1026 1886 sub
1061 1850 1150 1897 ipso
1179 1855 1383 1895 contenta,
1414 1861 1504 1886 esse
1534 1850 1702 1887 omnino>

50 1921 228 1967 eadem,
249 1933 353 1969 quae
374 1922 413 1958 in
441 1923 519 1958 hoc
541 1922 696 1967 codice,
724 1922 763 1958 ff.
793 1931 1029 1969 233v-234r‚
1056 1921 1200 1957 eadem
1226 1933 1348 1957 manu
1376 1922 1522 1968 scripta
1543 1920 1698 1957 haben-

72 1998 144 2030 tur.
172 1993 290 2030 Unde
319 1994 438 2041 hujus
464 1993 714 2029 monumenti
740 1993 889 2040 triplex
915 1997 1049 2029 exstat
1078 1992 1325 2040 exemplum,
1353 2004 1524 2039 quorum
1546 1992 1628 2028 duo
1658 1992 1699 2028 in

74 2065 150 2101 hoc
170 2064 324 2110 codice,
346 2069 385 2100 et
404 2064 565 2100 tertium
584 2064 623 2100 in
645 2064 735 2100 cod.
762 2062 930 2100 Collecta
945 2069 1019 2113 per
1039 2063 1089 2100 P.
1111 2061 1310 2107 Natalem,
1333 2063 1424 2099 loco
1446 2063 1578 2099 citato.
1611 2062 1695 2098 Fo-

73 2135 124 2172 lia
144 2144 333 2184 237—239‚
353 2147 481 2172 vacua
502 2140 606 2172 sunt.

28 2253 30 2260 .
150 2206 236 2243 Fol.
274 2216 511 2253 24or-241v,
549 2206 632 2242 «De
665 2205 788 2242 rebus
821 2205 1128 2253 particularibus
1162 2205 1395 2252 prouinciae
1430 2205 1697 2254 Portugaliae,

43 2317 54 2330 ²
74 2289 175 2325 quae
195 2290 218 2315 a
239 2278 470 2326 praeposito
492 2277 668 2326 generali
687 2277 726 2314 in
746 2277 901 2324 priuata
922 2277 1238 2325 congregatione
1259 2276 1419 2312 fuerunt
1440 2277 1668 2313 constituta.
1688 2300 1691 2303 -

75 2348 188 2385 Plura
219 2349 350 2397 capita
377 2348 430 2385 ibi
459 2353 837 2393 commemorantur,
867 2359 889 2384 a
919 2347 1095 2397 generali
1124 2348 1355 2395 praeposito
1387 2349 1613 2392 constituta,
1645 2348 1696 2384 de

73 2420 371 2457 conditionibus
387 2420 484 2469 regii
501 2420 657 2468 collegii
675 2419 1017 2463 conimbricensis,
1034 2419 1085 2454 de
1100 2419 1329 2455 visitatione
1346 2424 1385 2455 et
1399 2420 1697 2465 reformatione,

31 2494 192 2539 'quarn
218 2503 292 2528 rex
317 2490 599 2536 meditabatur,
619 2490 671 2527 de
697 2490 1020 2526 examinatorum
1042 2489 1252 2535 electione,
1274 2489 1325 2526 de
1346 2489 1557 2526 Societatis
1578 2491 1692 2526 iuris-

46 2561 247 2598 'dictione
272 2562 437 2607 tuenda,
465 2561 517 2598 de
543 2561 700 2598 statutis
720 2553 1075 2605 universitatissde
1103 2559 1291 2596 eborensi
1317 2560 1524 2597 academia
1551 2561 1693 2596 admit—

14 2627 16 2629 ’
52 2632 204 2679 tenda,
224 2639 299 2671 ete.
320 2633 465 2669 Manus
486 2637 547 2669 est
566 2632 722 2678 eadem,
744 2643 848 2678 quae
864 2631 1150 2679 praecedentia
1165 2631 1409 2668 documenta
1426 2632 1476 2667 de
1493 2632 1694 2668 exercitiis

50 2742 51 2745 ,
73 2703 239 2752 scripsit.
261 2704 343 2741 Inc.
368 2703 589 2751 «Imprimis
627 2714 668 2751 13
698 2703 764 2753 dje
790 2702 963 2751 Augusti
990 2707 1124 2739 actum
1150 2702 1222 2739 fuit
1249 2702 1300 2738 de
1327 2702 1685 2739 conditionibus.»

74 2773 166 2811 Des.
194 2792 250 2812 «...
273 2775 437 2822 quando
459 2786 502 2811 se
522 2774 689 2822 pudiere
710 2773 1100 2810 commodamente.»

149 2846 233 2883 Fol.
262 2855 497 2894 242r-247v,
526 2845 923 2881 «Determinaciones
953 2844 1004 2880 de
1031 2843 1091 2880 los
1117 2844 1272 2880 studios
1299 2844 1349 2880 de
1378 2832 1523 2889 Ebora,
1552 2855 1630 2890 que
1658 2843 1693 2879 el

39 2902 41 2904 v
73 2915 199 2952 Padre
228 2922 391 2953 nuestro
421 2916 550 2952 Nadal
579 2915 684 2952 dio.»
715 2915 774 2951 Ea
794 2915 902 2951 edita
923 2914 1049 2950 habes
1070 2914 1173 2950 inter
1193 2919 1363 2959 caetera,
1386 2914 1436 2950 de
1459 2915 1599 2950 studiis
1621 2914 1693 2950 So-

72 2985 237 3032 cietatis,
266 2988 305 3023 in
329 2984 513 3024 Monam.
542 2986 730 3033 Paedag„
761 2997 852 3034 pag.
883 2986 973 3032 684.
1004 2985 1148 3022 Manus
1175 2985 1331 3031 eadem,
1353 2997 1457 3031 quae
1488 2985 1693 3031 superiora

73 3057 240 3104 scripsit,
260 3069 282 3094 a
311 3058 378 3095 fol.
408 3067 495 3103 230.
524 3057 606 3094 Inc.
636 3057 778 3093 «Basta
805 3057 883 3092 seis
911 3059 1011 3092 anos
1038 3067 1132 3103 para
1161 3068 1242 3092 uno
1271 3068 1312 3092 se
1341 3057 1458 3091 hazcr
1484 3056 1693 3092 doctor...»
