2028 3426
301 210 370 255 728
774 207 930 243 PA‘rms
957 206 1202 242 H1ERONYM1
1230 205 1381 241 NADAL

255 319 444 367 stampa;
470 325 542 354 ma
563 310 731 367 perche
756 311 863 365 ogn’
884 323 975 351 una
991 307 1036 350 di
1055 315 1215 363 queste
1233 305 1532 359 annotationi,
1552 308 1637 351 che
1654 321 1767 350 sono
1790 317 1891 362 153,

258 403 314 432 ua
338 389 523 431 fondata
544 402 677 444 sopra
697 387 741 430 la
763 401 847 430 sua
868 385 1085 442 imagine,
1111 385 1310 428 secondo
1338 385 1424 429 che
1461 385 1488 426 l'
1518 383 1705 428 historia
1735 391 1780 428 et
1807 383 1893 426 mi-

255 465 379 510 sterii
402 464 658 521 euangelici
680 463 724 506 di
750 470 867 506 tutta
889 463 929 506 la
953 462 1049 506 uita
1065 463 1139 506 del
1155 462 1393 507 Saluatore
1411 460 1448 505 si
1466 475 1580 504 sono
1603 460 1751 517 potuti
1768 474 1896 504 com-

257 542 423 598 partire
446 551 491 586 et
514 541 690 585 ridurre
718 555 744 583 a
776 547 937 596 questo
966 553 1157 584 numero
1195 540 1251 582 de
1289 538 1568 582 meditationi
1605 545 1652 582 et
1688 537 1894 595 imagini,

258 620 379 674 quali
401 620 429 661 l'
455 626 615 662 autore
646 626 790 662 stesso
824 619 923 662 fece
956 616 1215 674 disegnare,
1253 623 1298 660 et
1331 631 1411 672 per
1442 615 1554 659 farle
1585 615 1825 671 intagliare
1858 615 1895 658 si

259 696 428 741 ricerca
466 696 674 753 maggior
711 709 865 751 spesa3
906 697 1014 751 pero
1053 709 1144 737 non
1182 694 1220 737 si
1259 694 1281 737 ὲ
1321 701 1480 750 potuta
1522 707 1686 736 cauare
1729 707 1755 736 a
1793 693 1896 736 luce

260 776 407 830 quest'
433 788 568 829 opera
591 772 787 829 pretiosa
810 779 856 816 et
878 772 1018 814 molto
1039 770 1309 824 desiderata,
1335 784 1427 813 non
1449 770 1545 813 solo
1567 770 1613 812 in
1637 771 1818 826 Europa
1840 771 1898 813 da

259 865 451 907 persone
475 849 846 906 contemplatiue,
872 864 945 892 ma
967 847 1180 894 etiamdio
1202 849 1406 891 bramata
1428 848 1534 892 nell'
1560 862 1651 891 una
1673 854 1718 890 et
1734 848 1763 890 1’
1784 848 1898 890 altra

261 928 386 971 India
408 928 529 984 dagli
553 927 744 984 operarii
766 927 881 971 della
906 926 1192 983 Compagnia
1221 940 1300 982 per
1337 932 1466 981 poter
1502 938 1588 967 con
1621 923 1697 980 piu
1730 923 1898 969 facilit&

263 1005 519 1062 imprimere
542 1019 619 1060 per
642 1019 798 1049 mezzo
822 1004 927 1047 dell’
953 1003 1140 1060 imagini
1164 1003 1209 1045 in
1233 1002 1338 1058 quei
1361 1001 1502 1045 nuoui
1525 1001 1758 1045 christiani
1792 1000 1897 1044 tutti

260 1082 325 1139 gli
348 1082 532 1125 misterii
556 1081 672 1124 della
696 1081 962 1126 redentione
990 1083 1203 1133 humana,
1240 1079 1361 1136 quali
1394 1094 1473 1136 per
1505 1078 1580 1122 uia
1613 1077 1658 1121 di
1689 1068 1898 1135 predica-

264 1160 385 1203 tione
408 1167 452 1202 et
476 1159 753 1203 catechismo
775 1159 1083 1202 difficilmente
1108 1157 1364 1214 ritengono,
1400 1171 1478 1213 per
1507 1170 1631 1200 esser
1658 1169 1899 1199 commun-

262 1244 416 1279 mente
433 1236 477 1278 di
496 1237 629 1280 basso
647 1235 867 1292 ingegno:
890 1236 951 1278 tal
968 1237 1053 1279 che
1071 1235 1313 1291 protrebbe
1329 1235 1372 1277 la
1389 1234 1481 1278 ΞΡ·
1502 1235 1558 1278 V.
1579 1247 1665 1276 con
1685 1233 1762 1275 tal’
1787 1246 1874 1288 ope
1889 1258 1900 1262 -

263 1328 329 1366 ra,
355 1328 446 1356 non
469 1314 564 1356 solo
588 1327 877 1357 accarezzare
901 1311 1005 1368 quei
1028 1327 1076 1356 re
1103 1319 1148 1357 et
1171 1312 1282 1355 altre
1305 1325 1498 1368 persone
1531 1309 1767 1366 principali
1789 1310 1897 1354 dell'

264 1391 388 1435 Indie
412 1398 718 1434 nuouamente
740 1390 995 1434 conuertite
1012 1390 1099 1432 alla
1116 1397 1271 1432 nostra
1288 1397 1416 1431 santa
1435 1388 1552 1440 fede,
1574 1386 1901 1442 mandandogli

262 1468 308 1510 di
331 1468 478 1524 questi
501 1468 618 1521 libri,
645 1483 716 1511 ma
739 1469 973 1512 consolare
1001 1452 1170 1510 ancora
1198 1466 1524 1522 grandemente
1554 1463 1659 1507 tutti
1698 1463 1762 1520 gli
1800 1470 1902 1506 stu-

263 1538 378 1588 diosi
403 1547 459 1589 de
481 1545 578 1588 suoi
603 1545 831 1590 seminarii
854 1545 969 1588 delle
992 1544 1162 1587 nationi
1180 1544 1224 1586 di
1244 1545 1386 1586 Roma
1403 1549 1447 1586 et
1470 1540 1732 1587 Germania.
1760 1542 1811 1584 L’
1833 1539 1901 1582 in-

264 1623 403 1679 taglio
421 1622 464 1665 di
483 1631 642 1678 queste
659 1609 863 1679 imagini,
884 1637 933 1666 se
951 1623 1106 1664 hanno
1125 1621 1182 1664 da
1199 1635 1338 1672 esser,
1359 1633 1488 1663 come
1505 1620 1535 1661 l’
1555 1632 1693 1675 opera
1711 1617 1898 1669 ricerca,

264 1702 382 1743 bene
405 1700 657 1757 intagliate,
684 1702 861 1743 costera
889 1699 1070 1742 intorno
1100 1714 1126 1741 a
1154 1698 1273 1741 mille
1301 1697 1446 1741 scudi.
1483 1697 1599 1741 Pero
1628 1696 1664 1739 si
1697 1693 1902 1751 supplica

267 1778 564 1822 humilmente
585 1778 628 1820 la
651 1778 742 1822 8.ῑᾶ
769 1779 846 1829 V.,
873 1778 960 1820 che
981 1776 1215 1832 parendoli
1244 1777 1330 1819 che
1362 1776 1390 1817 1’
1422 1789 1558 1830 opera
1590 1773 1620 1816 il
1652 1771 1828 1824 merita,
1865 1770 1903 1814 si

266 1855 404 1911 degni
428 1854 912 1911 parimentefauorirla
936 1868 1024 1896 con
1046 1861 1207 1909 questa
1231 1852 1469 1896 occasione
1496 1854 1524 1894 ¹.

354 1933 612 1988 Inscriptio.
641 1933 671 1989 †
695 1933 819 1976 Smo.
847 1933 965 1975 Dno.
992 1938 1160 1973 nostro.
1187 1932 1274 1974 Per
1296 1931 1354 1972 N.
1383 1930 1434 1972 P.
1458 1929 1640 1980 Hoffeo,
1661 1926 1902 1971 assistente

267 2010 382 2052 della
406 2007 688 2065 Compagnia
712 2008 756 2051 di
779 2008 939 2053 Giesu.

341 2161 349 2179 ¹
403 2158 503 2192 Huic
523 2157 702 2204 petitioni
721 2157 912 2203 benignas
931 2167 1044 2191 aures
1063 2155 1290 2202 praebuisse
1311 2165 1505 2190 summum
1524 2152 1747 2200 pontificem
1768 2155 1903 2198 aperte

270 2223 473 2262 testantur,
495 2228 609 2263 quae,
635 2217 674 2252 in
699 2216 786 2252 libri
811 2216 1070 2262 dedicatione,
1099 2214 1275 2262 ejusdem
1301 2213 1427 2249 editor
1448 2213 1496 2248 P.
1527 2212 1705 2259 Jimenez
1722 2210 1903 2247 Clemen-

269 2277 297 2312 ti
329 2277 418 2311 VIII
448 2277 555 2311 hisce
587 2276 718 2312 verbis
748 2275 1015 2322 profitebatur:
1043 2273 1215 2312 «Omnes
1246 2279 1376 2309 tamen
1402 2271 1655 2308 difficultates
1682 2275 1904 2317 superatae,

268 2336 396 2371 omnia
415 2335 706 2382 impedimenta,
727 2335 884 2371 Christo
904 2335 1083 2381 propitio,
1107 2334 1261 2380 tuisque
1286 2332 1485 2379 auspiciis,
1513 2330 1748 2367 Beatissime
1773 2330 1902 2374 Pater,

269 2397 421 2430 sublata
440 2401 543 2441 sunt;
566 2406 662 2441 opus
680 2394 848 2441 denique
868 2394 1010 2440 ipsum,
1038 2393 1086 2428 ad
1104 2393 1290 2440 pietatem
1316 2399 1356 2427 et
1379 2391 1631 2427 deuotionem
1657 2387 1902 2425 excitandam

270 2455 436 2490 maxime
455 2454 802 2499 accommodatum,
824 2460 890 2489 tuo
917 2453 1074 2489 tandem
1099 2458 1273 2499 tempore
1298 2452 1337 2487 in
1364 2452 1505 2498 vulgus
1530 2448 1672 2497 prodit,
1699 2447 1806 2497 quod
1833 2446 1906 2483 tibi

268 2514 411 2561 alioqui
433 2514 599 2549 maxime
619 2513 876 2549 debebatur.»
1454 2501 1459 2508 ¹
