2028 3426
378 243 449 280 332
851 244 1006 281 PATms
1033 244 1276 280 Hmnouvm
1302 243 1453 279 NADAL

423 347 515 403 Qui
539 354 645 390 sunt
668 346 816 390 idonei
839 347 895 390 ad
919 346 1179 398 conciones,
1205 352 1503 407 exerceamur
1526 345 1572 388 in
1595 345 1697 389 illis.

423 425 541 468 Cum
565 439 644 480 per
666 423 956 468 Germaniam
976 430 1044 467 est
1063 422 1324 466 faciendum
1342 422 1443 476 iter,
1463 423 1501 465 si
1518 422 1615 467 fieri
1633 422 1790 479 possit,
1819 423 1967 467 ferant

332 501 574 544 interulam
597 508 842 552 sottanam,
869 515 1003 555 quam
1026 506 1194 542 vocant
1216 499 1489 553 breuiorem,
1510 507 1554 544 et
1572 500 1850 543 mantellum.
1873 500 1966 556 Qui

333 577 379 620 in
406 592 525 633 equo
548 578 633 620 iter
656 577 844 629 faciunt,
871 591 962 619 non
1001 577 1147 620 ferent
1168 591 1306 620 arma:
1348 576 1576 633 peditibus
1605 584 1755 633 potest
1776 576 1967 620 concedi

333 669 526 710 paruum
551 654 712 698 hastile
735 661 814 697 aut
836 653 1005 709 aliquid
1028 653 1187 704 simile.

426 732 474 776 Si
493 731 781 787 contingeret
798 730 967 786 aliquid
984 730 1082 773 fieri
1099 730 1144 773 in
1156 731 1366 788 collegio,
1378 732 1499 787 quod
1519 738 1640 775 esset
1652 730 1967 775 emendatione

334 808 547 865 dignum,
573 815 618 852 et
641 815 789 851 tamen
814 806 1066 850 nesciretur
1087 808 1270 860 author,
1296 808 1497 851 adhibita
1520 807 1641 851 omni
1659 807 1910 865 diligentia,
1930 807 1967 850 si

336 900 410 929 res
435 900 525 928 non
548 885 778 928 videretur
815 884 1155 937 dissimulanda,
1187 892 1427 941 postquam
1457 884 1561 928 sciri
1599 899 1688 928 non
1717 892 1868 941 potest
1885 899 1966 928 au-

335 965 452 1014 thor,
478 963 636 1005 saltem
660 961 960 1006 contendatur
977 962 1034 1004 ad
1056 962 1437 1006 emendationem:
1463 963 1584 1018 quod
1603 962 1679 1006 fiet
1702 961 1740 1004 si
1757 961 1968 1005 omnibus

335 1038 621 1082 confessariis
644 1038 992 1094 praescribatur,
1019 1046 1066 1080 vt
1089 1038 1135 1081 in
1157 1039 1443 1082 confessione
1466 1039 1750 1096 interrogent
1778 1053 1886 1082 suos
1909 1038 1967 1082 de.

333 1131 385 1158 ea
408 1131 471 1167 re,
499 1124 543 1157 et
566 1116 861 1157 absoluantur
884 1114 1063 1170 quidem
1089 1115 1166 1171 qui
1198 1116 1418 1169 fecerunt3
1460 1117 1539 1159 sed
1563 1123 1714 1160 tamen
1738 1115 1776 1158 si
1800 1115 1964 1159 iterum

332 1192 538 1235 inciderit
557 1192 600 1234 in
623 1191 757 1245 idem,
782 1192 866 1235 erit
888 1192 1122 1235 arbitrium
1142 1193 1408 1236 confessarii
1431 1209 1486 1237 an
1506 1193 1669 1238 iterum
1688 1207 1793 1236 eum
1816 1193 1965 1236 absol-

334 1278 425 1317 uat:
452 1284 608 1311 verum
632 1269 669 1311 si
694 1269 825 1312 tertio
863 1269 1085 1321 inciderit,
1113 1285 1202 1313 non
1232 1270 1316 1313 erit
1345 1271 1669 1322 absoluendus,
1706 1271 1786 1314 sed
1809 1269 1966 1314 remit—

336 1347 498 1389 tendus
521 1346 575 1388 ad
600 1346 895 1402 superiorem,
929 1361 1023 1390 non
1045 1348 1167 1402 quod
1192 1347 1250 1390 sit
1272 1362 1405 1390 casus
1428 1355 1703 1400 reseruatus,
1735 1347 1816 1391 sed
1845 1347 1966 1402 quod

335 1423 372 1466 is
395 1438 485 1465 non
506 1422 713 1466 videatur
736 1424 855 1479 apud
878 1423 1004 1466 illum
1028 1424 1354 1468 confessarium
1379 1425 1612 1481 proficere,
1639 1439 1744 1468 nam
1771 1424 1808 1467 si
1833 1438 1966 1468 casus

335 1507 454 1544 esset
478 1507 756 1553 reseruatus,
783 1500 869 1542 iam
893 1501 949 1543 ab
972 1500 1099 1543 initio
1121 1501 1245 1543 illum
1269 1502 1507 1545 absoluere
1536 1515 1627 1544 non
1652 1501 1890 1557 potuisset.

423 1578 646 1619 Poterunt
684 1577 866 1631 quidem
900 1577 1082 1620 inuitari
1116 1578 1318 1634 hospites
1346 1578 1606 1634 aliquando,
1639 1579 1712 1622 vel
1741 1579 1799 1621 ad
1830 1593 1961 1634 pran-

330 1654 471 1707 dium,
497 1655 569 1697 vel
593 1655 649 1696 ad
684 1668 860 1706 cenam,
886 1655 959 1698 vel
988 1655 1044 1697 ad
1067 1655 1360 1708 ientaculum;
1392 1670 1481 1698 non
1513 1663 1660 1699 tamen
1684 1656 1868 1699 domum
1894 1670 1966 1720 re-

331 1730 421 1786 cipi
440 1732 512 1774 vel
534 1730 808 1787 pernoctari,
834 1732 910 1787 qui
934 1740 1085 1776 autem
1109 1732 1309 1789 hospites
1331 1741 1620 1786 censeantur,
1647 1733 1785 1788 quiue
1807 1732 1968 1776 exiliis

331 1807 460 1863 digni
485 1808 724 1851 videantur
746 1810 834 1851 hoc
858 1809 1023 1861 officio,
1049 1809 1091 1851 id
1118 1809 1335 1853 iudicabit
1358 1810 1579 1866 superior,
1612 1818 1657 1854 et
1681 1819 1830 1867 tamen
1860 1824 1966 1867 pro-

334 1885 556 1937 uincialis‚
579 1900 684 1928 cum
703 1893 771 1928 est
789 1886 833 1928 in
852 1885 1110 1930 visitatione
1127 1894 1205 1930 aut
1221 1887 1266 1929 in
1285 1887 1504 1944 collegiis,
1525 1887 1724 1943 alioquin
1742 1887 1967 1944 intelliget

330 1976 468 2016 quam
493 1962 628 2006 fuerit
650 1964 810 2005 horum
834 1963 1062 2019 hospitum
1085 1963 1295 2006 inuitatio
1319 1965 1548 2019 frequens.

422 2040 553 2093 Quae
572 2040 805 2095 leguntur,
832 2041 903 2083 vel
928 2041 1129 2096 regulae,
1156 2041 1227 2085 vel
1250 2041 1483 2096 epistolae,
1509 2042 1554 2084 in
1589 2041 1846 2095 refectorio,
1873 2044 1966 2085 fra-

334 2116 478 2157 tribus
516 2117 730 2171 legantur
768 2131 822 2159 ex
862 2118 1111 2173 exemplari
1133 2118 1328 2174 collegii,
1370 2134 1460 2161 non
1483 2134 1539 2162 ex
1562 2119 1751 2175 priuatis
1776 2120 1963 2162 fratrum

331 2192 572 2248 exemplis.
1531 2198 1537 2205 “

422 2256 598 2324 Capitia
621 2278 843 2313 nocturna
865 2271 1030 2315 dentur
1061 2271 1253 2327 singulis
1283 2271 1495 2315 fratribus
1525 2280 1569 2317 et
1598 2273 1846 2329 strophiola
1869 2273 1966 2317 sin-

334 2346 454 2402 gulis
473 2347 893 2392 hebdomadibus...

426 2423 712 2477 Intelligatur
735 2440 791 2465 an
811 2439 966 2468 omnes
990 2428 1150 2470 fratres
1171 2428 1369 2470 habeant
1392 2427 1575 2481 rosaria,
1601 2435 1647 2470 et
1669 2428 1746 2484 qui
1770 2443 1861 2472 non
1884 2430 1964 2471 ha-

334 2500 461 2550 bent,
483 2499 568 2546 illis
590 2500 772 2552 dentur,
798 2509 843 2543 et
866 2501 902 2543 si
926 2502 1110 2546 meliora
1139 2517 1231 2545 non
1255 2504 1428 2560 possint
1456 2504 1630 2557 haberi,
1663 2506 1828 2548 dentur
1851 2520 1967 2561 quae

335 2576 409 2618 hic
433 2576 745 2629 inueniuntur3
772 2593 855 2620 nec
880 2580 1263 2634 praetermittatur
1286 2590 1333 2623 vt
1357 2583 1554 2625 habeant
1572 2581 1741 2638 singuli
1764 2582 1966 2626 libellum

332 2667 520 2707 precum
544 2654 675 2697 beate
699 2654 884 2706 Mariae,
911 2657 983 2698 vel
1011 2657 1258 2700 Hortalum
1283 2659 1467 2700 animae
1501 2659 1528 2710 ¹,
1554 2658 1600 2700 in
1623 2673 1714 2713 quo
1737 2659 1872 2702 etiarn
1898 2666 1968 2704 est

334 2728 444 2771 illud
468 2729 683 2773 officium.

422 2807 594 2849 Curent
617 2814 665 2848 vt
689 2807 937 2860 lauacrum,
964 2809 1009 2852 in
1033 2825 1124 2865 quo
1147 2811 1302 2855 lauent
1331 2827 1492 2855 manus
1523 2820 1629 2856 ante
1657 2813 1895 2875 prandium
1921 2820 1967 2857 et

331 2895 523 2926 coenam
550 2883 723 2935 fratres,
758 2884 872 2926 intra
896 2886 1079 2929 domum
1110 2888 1204 2940 fiat,
1238 2887 1312 2930 vbi
1342 2897 1556 2944 poterunt
1585 2889 1963 2933 commodissime.

405 3049 413 3068 ¹
469 3048 568 3084 Vide
590 3060 705 3095 supra
724 3062 817 3097 pag.
843 3050 926 3097 234,
946 3059 1082 3089 annot.
1112 3063 1140 3089 1.
