2028 3426
721 229 898 264 No‘rmA
925 237 1114 264 conicUM
1639 234 1679 268 13

105 333 211 370 char·
231 342 281 367 en
314 330 350 367 el
376 330 514 367 diuino
550 331 751 367 seruitio.»
787 331 868 367 Ine.
903 330 986 367 «La
1018 343 1174 368 summa
1204 332 1463 379 sapientia...»
1495 334 1590 371 Des.
1624 337 1723 372 «...al

105 412 262 440 summo
283 401 488 449 pontifice,
509 401 548 437 ni
569 401 591 437 a
619 406 706 438 otro
734 401 883 450 alguno
905 402 1016 438 fuera
1037 402 1088 438 de
1114 402 1151 439 la
1178 401 1403 450 Compafiia
1431 403 1491 439 sin
1512 405 1678 441 licencia
1705 419 1728 454 y

105 472 381 521 approbacion
401 472 467 508 del
489 472 708 519 superior.»
1520 475 1524 478 ”

182 543 371 590 Sequitur
390 555 515 579 unum
536 542 603 579 fol.
624 555 781 590 purum,
803 548 843 579 et
858 543 1006 579 deinde
1028 543 1103 580 sub
1120 543 1197 580 hoc
1217 544 1345 589 titulo.
1367 544 1448 580 fere
1468 549 1554 581 toto
1576 545 1728 582 Natalis

104 626 225 652 manu
245 614 405 661 scripto:
430 613 663 650 «Asiadidas
693 613 715 649 a'
742 613 800 650 las
827 613 958 662 reglas
979 625 1253 651 communes.»
1277 614 1477 651 habentur
1496 616 1645 652 multae
1666 628 1728 653 re-

104 685 220 735 gulae
253 696 307 720 ex
337 684 632 730 communibus,
663 685 806 732 partim
841 685 1077 721 obliteratae
1110 685 1254 732 partim
1283 685 1523 722 emendatae
1553 686 1603 722 ab
1639 687 1728 734 ipso

105 757 146 794 P.
166 755 310 793 Natali.
331 755 414 792 Ine.
437 756 524 791 «En
545 755 580 791 el
602 755 774 804 collegio
800 756 934 802 todos,
961 768 986 804 y
1012 755 1300 803 specialmente
1327 756 1387 792 los
1415 757 1727 794 humanistas...»

105 828 198 864 Des.
220 826 374 863 Natalis
393 838 527 863 manu:
551 826 905 864 «...demandando
927 839 1002 875 por
1020 838 1133 863 arnor
1152 826 1217 863 del
1244 826 1374 864 Sefior
1394 839 1473 874 que
1500 839 1677 877 rueguen
1709 830 1729 865 εἰ

104 899 203 935 Dios
223 910 298 945 por
317 897 453 934 ellos.»

184 978 218 1018 7.
276 969 449 1017 «Reglas
469 979 706 1005 communes
728 968 751 1004 a
770 968 891 1005 todos
911 969 971 1005 los
993 969 1044 1004 de
1076 979 1208 1005 casa.»
1240 968 1324 1005 Sub
1355 969 1432 1006 hoc
1459 970 1574 1006 titulo
1601 971 1731 1017 posita

104 1045 196 1077 sunt
228 1039 310 1076 duo
345 1039 532 1087 exempla
565 1039 793 1088 regularum
827 1040 1120 1085 communium,
1153 1051 1175 1075 a
1211 1039 1374 1076 duobus
1414 1041 1728 1077 amanuensibus

104 1111 260 1158 scripta.
282 1111 470 1156 Primum,
491 1111 616 1147 multo
637 1111 809 1159 longius,
832 1120 852 1158 7
875 1110 968 1147 folia
989 1111 1177 1158 complet,
1199 1115 1239 1147 et
1258 1110 1393 1158 plures
1413 1112 1573 1160 regulas
1595 1111 1730 1158 habet,

104 1193 207 1229 quae
233 1181 273 1218 in
301 1181 356 1218 2.⁰
383 1181 674 1218 desiderantur.
703 1181 852 1218 Nullibi
878 1182 917 1217 in
939 1182 1017 1218 hoc
1039 1182 1169 1229 primo
1190 1182 1380 1229 exemplo
1401 1188 1569 1230 apparet
1588 1195 1729 1220 manus

104 1253 268 1290 Natalis.
290 1252 523 1289 Secundum
543 1252 670 1289 tribus
693 1253 906 1289 dumtaxat
922 1252 1024 1289 foliis
1041 1264 1133 1289 cum
1150 1252 1315 1289 dimidio
1333 1253 1560 1300 expeditur,
1577 1259 1616 1290 et
1632 1265 1730 1301 pau—

103 1335 172 1361 cas
190 1323 314 1360 habet
333 1324 651 1369 emendationes,
672 1335 842 1370 quarum
869 1324 1026 1371 aliquae
1047 1323 1200 1360 Natalis
1226 1336 1348 1361 manu
1375 1325 1505 1361 factae
1532 1325 1729 1361 videntur.

104 1395 278 1432 Primum
303 1395 512 1442 exemplar
537 1395 685 1442 incipit:
715 1394 889 1443 «Reglas
909 1406 1146 1431 communes
1168 1395 1191 1431 a
1210 1395 1332 1432 todos
1352 1395 1413 1432 los
1434 1396 1485 1432 de
1506 1395 1730 1433 casa—Al-

103 1477 231 1515 gunas
257 1465 394 1502 destas
423 1477 497 1502 son
528 1465 756 1502 ordenadas
785 1465 821 1502 al
852 1465 946 1502 bien
974 1466 1190 1513 spiritual...
1212 1466 1294 1503 Las
1320 1478 1400 1513 que
1421 1478 1464 1503 se
1486 1467 1666 1503 ordenan
1693 1467 1730 1503 al

103 1537 195 1574 bien
216 1537 393 1585 spiritual
414 1549 487 1573 son
509 1542 722 1574 estas—1.
744 1536 886 1573 Todos
908 1549 951 1573 se
971 1537 1211 1574 confesaran
1232 1549 1310 1574 con
1333 1550 1380 1574 su
1403 1538 1591 1574 confesor
1617 1550 1668 1574 en
1691 1538 1725 1574 el

102 1608 231 1646 dia...»
253 1609 348 1645 Des.
372 1608 671 1656 «...leyendolas
692 1608 727 1644 el
747 1620 822 1656 por
837 1612 882 1654 si,
905 1609 928 1645 ό
945 1607 1169 1656 oyendolas
1185 1609 1304 1646 leet.»
1321 1608 1504 1645 Alterum
1522 1609 1732 1657 exemplar

102 1680 178 1717 inc.
201 1679 374 1728 «Reglas
394 1691 669 1717 communes...
691 1679 873 1728 Algunas
894 1680 1180 1727 specialmente
1210 1692 1285 1716 son
1316 1680 1543 1717 ordenadas
1572 1680 1606 1716 al
1637 1680 1730 1717 bien

100 1751 315 1798 spiritual...
339 1751 501 1798 Quanto
523 1750 559 1786 al
580 1751 753 1798 primero
774 1751 838 1787 del
860 1750 952 1787 bien
974 1751 1151 1798 spiritual
1171 1763 1196 1799 y
1216 1752 1393 1799 ynterior
1412 1751 1464 1787 de
1480 1751 1541 1787 los
1556 1751 1728 1798 particu-

100 1822 214 1860 lares.
229 1832 307 1859 -1.
330 1821 444 1859 Cada
462 1833 558 1867 vno,
579 1821 744 1868 quando
765 1823 808 1858 s'e
829 1821 1074 1867 confessare,
1105 1821 1282 1869 despues
1303 1822 1355 1858 de
1376 1822 1505 1858 hecha
1526 1822 1563 1858 la
1583 1822 1599 1838 a
1620 1821 1729 1858 sefial

101 1893 152 1930 de
177 1893 214 1930 la
240 1898 380 1929 sancta
405 1893 428 1941 †
455 1905 481 1941 y
507 1893 543 1929 la
565 1893 795 1929 confession
817 1893 1044 1941 general...»
1067 1893 1163 1930 Des.
1192 1905 1281 1941 «...y
1301 1893 1362 1929 los
1382 1893 1568 1939 nouicios
1589 1905 1641 1929 no
1668 1892 1748 1938 los⁸

100 1964 242 2001 ternan
273 1964 332 2000 sin
360 1975 440 2011 que
460 1964 498 2000 lo
519 1975 617 2011 sepa
643 1964 679 2000 el
706 1964 923 2001 ministro.»
947 1964 1174 2010 Utrumque
1195 1964 1406 2011 exemplar
1431 1964 1469 2000 in
1498 1969 1579 2000 tres
1599 1969 1731 2011 partes

103 2035 353 2083 dispescitur.
381 2035 431 2072 La
452 2036 632 2072 continet
651 2035 823 2084 regulas,
840 2046 944 2082 quae
965 2035 1016 2071 ad
1036 2025 1263 2082 profectum
1283 2035 1531 2083 spiritualem
1551 2035 1729 2084 singulo-

102 2118 189 2143 rum
217 2111 413 2154 spectant.
443 2107 498 2142 2.⁸
519 2117 624 2153 quae
650 2106 701 2142 ad
723 2117 981 2142 communem
1009 2111 1049 2142 et
1068 2107 1313 2143 exteriorem
1334 2106 1657 2143 aedificationem
1676 2106 1730 2142 sa-

103 2178 223 2214 eiunt.
247 2178 300 2226 3³²¹
320 2189 424 2224 quae
446 2177 497 2214 ad
519 2178 699 2225 corporis
718 2177 992 2214 valetudinem
1012 2177 1205 2214 tuendam
1225 2177 1437 2225 pertinent.

182 2249 278 2285 Post
298 2248 523 2285 secundum
542 2253 698 2285 tantum
719 2248 939 2295 exemplar,
960 2248 1161 2285 habentur
1179 2248 1269 2285 illae
1290 2248 1466 2297 regulae,
1488 2260 1591 2295 quae
1613 2248 1732 2284 Nata-

103 2320 150 2356 lis
179 2331 286 2365 cura,
319 2325 363 2356 ut
395 2319 567 2365 videtur,
597 2319 880 2356 communibus
910 2319 1072 2356 additae
1104 2319 1275 2364 fuerunt,
1305 2330 1475 2366 quarum
1505 2318 1732 2355 adversaria

105 2401 224 2438 supra
244 2390 320 2427 sub
341 2402 378 2426 n.
399 2391 425 2426 6
444 2389 655 2427 habentur.
677 2390 804 2426 Multa
824 2401 878 2426 ex
898 2390 982 2426 istis
1003 2390 1151 2426 deinde
1178 2391 1218 2426 in
1244 2390 1383 2426 ultima
1410 2390 1639 2438 regularum
1665 2401 1728 2425 se-

104 2461 276 2498 lectione
297 2466 535 2498 conservata
556 2466 661 2506 sunt,
682 2461 805 2498 multa
825 2466 1044 2508 expuncta.
1065 2461 1158 2498 Hoc
1179 2461 1401 2508 exemplar,
1423 2462 1454 2497 si
1481 2472 1636 2508 paucae
1656 2461 1728 2497 ad-

106 2532 278 2570 ditiones
298 2533 362 2569 vel
381 2526 700 2578 emendationes,
721 2532 873 2568 Natalis
893 2544 1015 2568 manu
1035 2525 1463 2579 tactae‚'excipiantur,
1481 2543 1572 2568 cum
1589 2532 1731 2568 adver-

106 2603 217 2640 sariis
238 2615 358 2651 supra
379 2603 496 2640 dictis
516 2603 749 2640 concordat.
771 2603 816 2639 In
836 2603 1028 2651 margine,
1050 2604 1150 2639 haec
1171 2615 1294 2639 manu
1314 2603 1467 2639 Natalis
1488 2603 1623 2639 addita
1640 2608 1731 2639 sunt

107 2673 267 2711 ultimae
287 2674 463 2723 regulae,
484 2685 588 2721 quae
610 2679 670 2710 est
690 2674 741 2710 de
761 2674 908 2722 regulis
929 2673 1141 2721 cujuslibet
1163 2673 1283 2710 officii
1305 2673 1498 2710 callendis
1519 2678 1559 2710 et
1584 2673 1634 2709 de
1655 2685 1729 2720 pu-

107 2743 210 2781 blica
229 2745 499 2782 accusatione:
523 2745 643 2781 «Esta
664 2744 798 2792 puede
819 2749 900 2780 star
915 2756 965 2780 en
982 2744 1017 2780 el
1035 2744 1168 2781 officio
1185 2744 1251 2780 del
1267 2744 1447 2781 ministro
1463 2755 1488 2791 y
1507 2744 1571 2780 del
1587 2749 1727 2781 rector.

107 2827 133 2864 y
152 2827 205 2852 no
226 2828 270 2852 se
290 2816 479 2853 entiende
499 2815 564 2852 del
584 2821 727 2861 rector,
748 2816 940 2861 ministro,
961 2816 1000 2851 ni
1021 2815 1087 2851 del
1107 2820 1281 2852 maestro
1302 2815 1353 2851 de
1374 2815 1593 2851 novicios»

188 2886 222 2923 8.
281 2886 494 2923 «Notanda
514 2898 560 2923 ac
582 2886 838 2923 observanda
859 2897 913 2922 ex
932 2885 1034 2938 libro
1056 2885 1376 2931 consultationis,
1398 2886 1563 2932 quando
1586 2886 1625 2921 Ρ.
1648 2885 1731 2921 Na-

179 3043 198 3059 a
246 3031 280 3067 el
300 3044 374 3067 ms.
