2028 3426
319 208 388 245 366
790 208 944 243 PATms
970 207 1214 242 Hmnoxvm
1241 207 1392 243 NADAL

273 309 594 367 prouincialem
617 309 715 354 eius
737 308 1014 366 prouinciae,
1039 315 1088 351 vt
1111 316 1293 365 praesto
1316 308 1402 352 sibi
1431 307 1489 352 sit
1517 308 1565 352 in
1595 309 1739 365 primo
1765 309 1906 352 colle-
1970 352 1974 354 ,
1995 298 1997 303 ’

273 387 367 444 gio,
399 401 490 443 quo
519 387 614 443 ipse
642 394 710 430 est
734 393 972 437 venturuS‚
998 393 1043 429 et
1072 385 1198 429 illurn
1227 386 1365 430 ducet
1394 399 1548 429 secum
1571 386 1717 430 donec
1746 385 1831 431 erit
1859 384 1907 428 in

274 465 534 510 visitatione
557 464 675 507 illius
699 463 977 520 prouinciae.

363 542 449 585 Vbi
476 541 668 598 primum
692 540 854 585 viderit
876 539 1217 596 prouincialem,
1242 539 1488 584 ex4hibitis
1515 540 1577 582 illi
1600 539 1695 584 suis
1717 539 1908 596 patenti·
1968 542 2008 602 Γ

274 621 375 671 bus,
402 619 625 674 intelliget
647 634 701 662 ex
724 618 821 674 ipso
843 625 1010 660 statum
1035 617 1174 661 totius
1196 617 1475 674 prouinciae.

363 698 498 747 Tum,
519 695 593 737 vbi
618 694 793 738 venerit
816 695 872 737 ad
895 686 1138 751 collegium
1162 694 1361 750 aliquod,
1387 701 1432 737 et
1455 694 1721 738 salutauerit
1745 695 1909 738 fratres

274 781 320 818 et
345 768 519 825 Pat‘reS,
546 771 760 817 exhibitis
784 770 950 815 rectori
971 771 1110 815 etiam
1133 771 1396 827 patentibus
1419 772 1513 815 suis
1535 771 1692 824 literis,
1719 771 1908 816 interro-

275 849 402 907 gabit
424 849 574 892 statim
595 849 639 891 in
657 849 938 901 vniuersum,
959 849 1039 893 sed
1056 848 1286 905 priuatim,
1306 857 1567 905 Vtrumque,
1588 856 1633 893 et
1651 847 1909 905 prouincia-

277 928 363 969 lem
392 936 436 969 et
466 934 705 978 rectorem,
739 927 795 968 de
822 932 945 968 statu
974 925 1154 982 collegii
1185 926 1322 969 illius.
1355 927 1459 969 Hoc
1487 939 1598 969 vero
1633 925 1786 979 faciet,
1817 939 1908 968 non

277 1011 450 1046 tantum
475 1012 523 1045 vt
547 1003 590 1044 in
622 1018 792 1059 genere
820 1002 1045 1059 intelligat
1077 1004 1133 1048 de
1162 1004 1300 1046 rebus
1327 1003 1525 1060 collegii,
1557 1004 1636 1048 sed
1661 1003 1699 1046 si
1721 1002 1830 1058 quid
1851 1001 1911 1045 sit

279 1081 400 1136 quod
434 1081 599 1123 habeat
635 1087 876 1136 Vrgentem
915 1080 1250 1133 necessitatem,
1290 1088 1338 1123 vt
1376 1081 1527 1124 statim
1565 1080 1628 1123 illi
1662 1080 1726 1124 rei
1763 1079 1905 1136 possit

276 1158 526 1208 attendere,
553 1155 818 1199 nominatim
842 1172 951 1201 vero
973 1157 1011 1200 si
1043 1157 1145 1213 quis
1172 1157 1229 1201 sit
1260 1149 1479 1211 tentatus,
1511 1171 1568 1200 ne
1602 1158 1794 1202 fortasse
1823 1155 1909 1200 sibi

276 1235 391 1278 male
414 1234 622 1277 conscius
645 1234 846 1277 discedat
864 1233 1080 1287 iniussus,
1101 1235 1208 1278 dum
1225 1242 1352 1291 parat
1373 1234 1676 1279 uisitationem
1700 1233 1909 1278 commis-

277 1311 437 1354 sarius.
1381 1300 1385 1315 ’
1528 1358 1531 1361 .

365 1388 538 1430 Indicat
560 1388 720 1431 missas
744 1388 979 1441 celebrari,
1006 1396 1051 1433 et
1073 1389 1302 1433 orationes
1324 1388 1419 1432 fieri
1438 1403 1518 1446 pro
1536 1388 1744 1445 collegio,
1765 1395 1809 1432 et
1827 1402 1910 1444 pro

278 1465 427 1507 fructu
450 1465 738 1518 visitationis,
765 1465 893 1508 initio
915 1466 1053 1509 semel
1076 1480 1249 1519 omnes;
1276 1465 1455 1519 deinde,
1481 1473 1529 1508 vt
1553 1461 1807 1522 applicetur
1820 1479 1911 1507 una

277 1541 410 1585 missa
434 1542 651 1596 quotidie,
677 1542 714 1585 si
736 1542 870 1599 pauci
893 1543 983 1586 sint
999 1544 1274 1596 sacerdotes,
1296 1544 1462 1599 plures,
1483 1557 1574 1598 quo
1591 1550 1724 1586 erunt
1742 1541 1789 1584 hi
1808 1543 1908 1598 plu-

278 1633 365 1662 res.
401 1618 625 1667 Similiter
651 1620 729 1663 fiat
761 1621 818 1664 de
852 1619 1105 1663 orationum
1140 1620 1402 1676 quotidiana
1435 1619 1750 1676 applicatione,
1787 1626 1832 1664 et
1863 1618 1912 1661 in

277 1696 488 1739 omnibus
511 1704 661 1740 tamen
686 1697 834 1740 missis
857 1698 883 1740 5
906 1705 950 1741 et
973 1697 1256 1741 orationibus
1278 1697 1376 1741 aliis
1398 1698 1453 1740 de
1475 1697 1632 1740 eadem
1658 1711 1705 1740 re
1722 1697 1800 1740 fiat
1818 1711 1911 1741 me—

278 1773 435 1827 moria,
461 1774 609 1818 donec
632 1774 690 1816 sit
713 1775 920 1817 absoluta
942 1774 1156 1818 visitatio.

367 1850 543 1894 Deinde
582 1851 725 1906 primo
763 1866 943 1907 quoque
976 1859 1180 1908 tempore
1212 1853 1377 1896 habeat
1409 1850 1787 1905 exhortationem,
1824 1865 1914 1906 qua

278 1927 507 1983 significet
541 1928 760 1971 rationem
794 1943 904 1972 suae
938 1929 1179 1982 missionis,
1204 1937 1250 1972 et
1282 1929 1328 1972 in
1361 1928 1616 1984 frequentia
1650 1930 1837 1972 Patrum
1867 1936 1914 1972 et

282 2005 469 2046 fratrum
493 2012 620 2050 curet
645 2006 737 2062 legi
760 2006 911 2049 literas
933 2014 1141 2062 patentes
1164 2006 1233 2049 sui
1256 2006 1407 2058 officii,
1433 2014 1478 2050 et
1506 2006 1641 2048 simul
1669 2005 1714 2048 in
1745 2006 1913 2048 exhor-

284 2081 452 2124 tatione
476 2091 606 2126 curet
628 2091 677 2125 vt
701 2083 901 2126 omnium
925 2084 1062 2127 animi
1084 2084 1340 2127 excitentur
1369 2085 1427 2126 ad
1449 2082 1791 2127 renouationem
1821 2081 1915 2138 spi—

282 2157 410 2210 ritus,
436 2166 480 2201 et
504 2159 641 2202 totius
664 2160 1023 2204 conuersationis
1046 2160 1284 2217 religiosae
1306 2160 1647 2216 perfectionem.

370 2235 579 2291 Accipiat
602 2236 764 2280 deinde
787 2238 1047 2294 catalogum
1071 2237 1288 2289 omnium,
1313 2245 1537 2292 quotquot
1565 2244 1673 2280 sunt
1701 2236 1746 2278 in
1777 2237 1914 2281 colle-

283 2311 375 2367 gio,
402 2312 593 2367 primum
618 2313 797 2367 quidem
822 2314 868 2356 in
892 2328 982 2369 quo
1004 2313 1188 2357 nomina
1210 2314 1429 2366 omnium,
1462 2313 1610 2357 officia
1638 2322 1684 2356 et
1706 2313 1914 2358 nationes

283 2388 580 2444 explicentur.

374 2468 611 2510 Praeterea
635 2467 768 2510 alium
794 2468 985 2524 accipiat
1007 2468 1217 2521 indicem,
1244 2469 1288 2511 in
1313 2483 1402 2524 quo
1419 2468 1703 2524 explicentur
1721 2467 1912 2510 faculta-

284 2550 366 2595 tes,
392 2544 463 2586 vel
486 2545 730 2597 naturales,
756 2546 827 2587 vel
850 2545 985 2589 etiam
1009 2546 1273 2601 acquisitae,
1299 2546 1371 2589 vel
1393 2545 1726 2598 inclinationes,
1746 2543 1912 2600 quibus

283 2628 390 2662 sunt
412 2620 602 2676 praediti
627 2623 784 2664 Patres
809 2623 879 2665 vel
902 2624 1078 2675 fratres,
1105 2638 1195 2679 quo
1219 2623 1263 2666 in
1287 2637 1457 2680 genere
1479 2630 1600 2665 sunt:

371 2699 581 2741 Facultas
609 2699 680 2740 vel
710 2698 956 2742 inclinatio:
998 2701 1073 2744 Ad
1110 2700 1490 2743 concionandum.
1530 2699 1603 2741 Ad
1644 2699 1908 2756 legendum.

284 2775 357 2815 Ad
381 2776 745 2829 gubernandum.
780 2776 804 2820 6
828 2776 901 2818 Ad
923 2777 1169 2821 exteriores
1192 2777 1393 2822 actiones
1415 2784 1460 2820 et
1483 2776 1668 2833 negotia
1691 2775 1908 2832 gerenda.

284 2849 355 2891 Ad
379 2851 686 2895 confessiones
709 2852 972 2895 audiendas.
1011 2855 1085 2896 Ad
1114 2853 1329 2897 exercitia
1357 2854 1523 2896 danda.
1556 2853 1631 2896 Ad
1653 2851 1914 2908 spirituales

285 2928 685 2988 conuersatione[s]
708 2929 958 2973 habendas.
982 2930 1056 2972 Ad
1079 2931 1299 2973 orandum
1322 2937 1366 2974 et
1389 2930 1806 2986 contemplandum.
