2028 3426
710 268 1147 307 SUPPLEMENTUM-26
1625 266 1693 311 877

205 370 410 414 Visitatis
433 373 614 416 tandem
637 372 749 414 locis
777 372 916 415 sacris
939 373 986 416 S.
1019 373 1054 414 F
1059 370 1246 414 rancisci
1279 371 1335 414 de
1366 370 1521 420 Paula,
1554 367 1743 424 protecti

115 454 223 488 sunt
248 448 475 503 Tropiam,
501 455 545 491 et
567 449 672 491 hinc
691 452 961 502 Messanam,
983 463 1116 503 quam
1134 447 1328 503 ingressi
1351 454 1454 488 sunt
1472 460 1589 488 anno
1614 445 1739 498 1548,

117 523 141 564 8
166 523 236 566 die
260 524 428 579 Aprilis
456 528 516 568 ¹...

208 661 351 702 Paulo
380 668 485 704 ante
514 663 650 704 fiebat
679 664 799 718 apud
826 662 1082 717 viceregem
1113 661 1282 704 mentio
1310 661 1365 703 de
1404 659 1622 702 mittendo
1652 660 1741 700 Pa-

117 742 229 778 trem
250 738 454 781 Natalem
480 738 524 779 in
548 739 750 781 Africam
774 740 806 791 ⁶²,
829 740 948 793 quod
967 752 1069 780 curn
1089 736 1342 793 praecipuis
1361 736 1572 779 Patribus
1589 743 1633 777 et
1652 735 1741 776 fra-

117 812 261 854 tribus
298 815 621 869 proposuisset,
658 831 880 870 quaerens
917 815 1025 870 quid
1062 815 1145 871 ipsi
1184 813 1419 864 sentirent,
1463 812 1611 867 pauci,
1652 811 1742 852 imo

118 892 210 932 fere
240 891 392 933 nullus
421 899 532 944 erat,
559 893 632 934 cui
663 893 893 937 videretur
916 894 1036 947 quod
1065 892 1164 942 iret,
1192 891 1277 933 nisi
1305 890 1386 932 soli
1411 889 1536 932 Patri
1568 895 1737 930 nostro.

117 967 247 1008 Tunc
271 967 417 1022 inquit
442 971 491 1010 P.
521 970 715 1012 Natalis:·
742 970 1009 1024 «Quomodo
1029 976 1075 1011 tu
1094 982 1271 1023 semper
1295 965 1506 1010 dissentis
1524 966 1579 1007 ab
1598 965 1739 1006 aliis?›·

118 1043 204 1085 Cui
235 1046 371 1087 Pater
400 1047 646 1100 respondit:
683 1047 839 1098 «Dico,
872 1047 1032 1101 inquit,
1066 1048 1216 1098 Pater,
1248 1045 1369 1100 quod
1398 1043 1559 1086 sentio.
1594 1043 1649 1085 V.
1690 1043 1740 1083 R.

119 1121 252 1164 faciat
275 1123 396 1176 quod
420 1123 645 1165 Dominus
668 1123 708 1167 ei
732 1122 1012 1178 inspirabit.»
1248 1168 1250 1170 ,

208 1199 425 1254 Magister
454 1200 674 1252 Isidorus,
707 1215 937 1252 romanus,
970 1200 1047 1254 qui
1075 1198 1270 1255 logicam
1301 1197 1468 1240 ibidem
1500 1196 1744 1252 profiteba-

119 1282 207 1328 tur,
236 1275 361 1330 petiit
384 1277 617 1332 congredi,
644 1277 680 1320 si
706 1286 855 1320 tamen
885 1276 947 1319 ita
975 1275 1259 1320 obedientiae
1289 1274 1534 1326 videretur;
1567 1287 1671 1315 narn
1700 1271 1744 1313 in

66 1407 69 1410 ι
118 1351 290 1394 socium
319 1352 404 1394 sibi
433 1353 557 1395 illum
590 1356 641 1396 P.
669 1354 842 1397 Natalis
865 1368 1043 1396 sumere
1065 1353 1263 1396 volebat.
1288 1352 1378 1395 Sed
1400 1350 1640 1392 momordit
1664 1348 1745 1391 Isi-

118 1429 276 1471 dorum
309 1430 600 1482 conscientia,
637 1430 850 1473 dubitans
882 1445 990 1473 num
1023 1437 1180 1472 contra
1211 1431 1359 1472 Deum
1395 1428 1589 1478 fecisset,
1626 1426 1746 1480 quod

119 1513 355 1562 tantopere
378 1507 631 1565 institisset,
659 1515 707 1549 ut
730 1508 794 1549 ire
811 1515 962 1563 posset
980 1522 1084 1549 cum
1104 1509 1156 1549 P.
1178 1500 1354 1549 Natale.
1377 1503 1618 1548 Consuluit
1637 1516 1746 1557 ergo

120 1585 299 1626 Patrem
323 1592 530 1626 nostrum
554 1598 689 1640 super
713 1586 798 1628 hac
821 1599 886 1638 re,
913 1583 987 1626 cui
1011 1590 1208 1628 mentem
1237 1597 1363 1625 suam
1388 1581 1633 1637 aperiebat.
1659 1579 1748 1622 Cui

121 1662 256 1704 Pater
293 1661 466 1703 annuit.
513 1662 630 1704 «Sed
670 1668 836 1713 tamen,
878 1660 1040 1715 inquit,
1082 1675 1172 1703 non
1205 1660 1412 1711 consulo,
1451 1667 1498 1700 ut
1531 1672 1622 1709 eas,
1660 1655 1744 1698 nisi

118 1737 265 1779 adhuc
289 1739 428 1780 semel
457 1738 514 1781 de
543 1738 720 1793 integro
750 1745 872 1780 tuam
896 1736 1517 1791 confessioneni,generale1n
1542 1733 1652 1776 velis
1676 1747 1747 1774 re-

118 1829 330 1857 novare.»

206 1891 333 1934 Fecit
367 1906 477 1947 ergo
511 1893 598 1934 hoc
630 1892 842 1944 Isidorus,
878 1899 923 1935 et
956 1892 1136 1946 quidem
1169 1890 1468 1942 exactissime3
1505 1904 1595 1943 quo
1628 1889 1748 1930 facto

119 1983 275 2011 omnes
305 1968 721 2011 animadverterunt
750 1969 882 2011 solito
911 1969 1036 2010 illum
1066 1982 1165 2011 esse
1187 1952 1433 2011 laetiorem.
1472 1968 1570 2017 «Et,
1602 1964 1748 2019 inquit

122 2047 271 2097 Pater,
297 2045 510 2100 disponas
533 2053 576 2088 te
600 2061 689 2088 non
713 2045 842 2088 aliter
865 2047 920 2088 ad
943 2047 1059 2088 hanc
1083 2044 1425 2100 profectionem,
1452 2057 1584 2098 quam
1610 2042 1647 2084 si
1666 2041 1746 2083 tibi

119 2122 175 2163 ad
197 2129 403 2174 mortem,
430 2137 510 2165 seu
534 2123 812 2177 martyrium,
839 2123 1039 2166 eundum
1062 2136 1160 2165 esse
1183 2128 1382 2176 putares.

208 2198 283 2242 Sic
305 2213 416 2254 ergo
438 2200 554 2241 laeto
578 2199 742 2252 animo,
763 2208 807 2241 et
830 2214 920 2242 una
938 2213 1040 2241 cum
1063 2197 1396 2249 benedictione,
1424 2211 1557 2251 quam
1576 2196 1638 2260 illi
1659 2198 1748 2238 Pa-

119 2283 187 2319 ter
209 2274 348 2327 dedit,
368 2274 574 2318 discessit
591 2290 694 2319 cum
713 2278 849 2319 Patre
867 2275 1017 2319 Natali
1035 2275 1248 2319 Messina.
1271 2275 1363 2318 Sed
1380 2274 1427 2315 in
1446 2273 1747 2328 Lampadosa,

118 2352 243 2394 iuxta
267 2352 482 2403 Africam,
510 2352 628 2407 passi
656 2360 761 2394 sunt
789 2352 1094 2408 naufragium3
1122 2359 1224 2394 octo
1252 2351 1370 2393 enirn
1403 2350 1609 2392 triremes
1639 2348 1749 2391 sub*-

118 2431 458 2484 mergebantur,
486 2438 530 2472 et
553 2443 655 2471 cum
685 2429 770 2471 illis
793 2430 895 2485 plus
919 2444 1053 2484 quam
1078 2428 1198 2470 mille
1222 2428 1412 2471 animae.

207 2508 363 2549 Frater
389 2520 494 2549 vero
523 2513 690 2558 noster,
716 2507 873 2549 volens
901 2521 950 2549 se
979 2520 1250 2549 conservare
1281 2520 1306 2546 a
1339 2510 1622 2559 tempestate,
1659 2517 1749 2545 non

121 2583 280 2638 potuit3
322 2584 400 2625 sed
438 2598 492 2626 ex
526 2582 755 2625 collisione
788 2582 971 2624 navium
1001 2584 1282 2624 confractum
1311 2588 1380 2624 est
1402 2580 1463 2622 illi
1494 2579 1746 2630 brachium,

120 2660 232 2703 adeo
264 2667 309 2701 ut
333 2660 447 2715 pelle
480 2666 654 2701 tanturn
687 2659 863 2714 corpori
901 2660 1180 2702 adhaereret.
1224 2659 1475 2701 Revertens
1512 2663 1664 2699 autem
1704 2655 1749 2697 in

121 2735 270 2779 navim
293 2739 344 2779 Ρ.
367 2736 558 2788 Natalis,
580 2737 636 2779 ad
654 2737 1001 2778 confortandum
1018 2734 1212 2787 socium,
1225 2734 1399 2777 audivit
1416 2732 1749 2776 confessionem

121 2812 234 2865 eius3
266 2827 355 2867 qua
386 2812 528 2863 finita,
562 2811 739 2867 rogavit
768 2811 864 2866 ipse
886 2811 1086 2864 Patrem,
1114 2818 1163 2853 ut
1192 2809 1419 2853 triremem
1437 2808 1559 2853 exire
1597 2808 1750 2859 vellet,

196 2956 205 2975 ¹
258 2953 358 2988 Vide
378 2954 474 2988 Litt.
498 2953 733 2998 Quadrim„
754 2953 783 2996 1,
803 2962 926 2998 94-99,
946 2952 1012 2987 ubi
1038 2951 1188 2987 Natalis
1208 2956 1327 2986 totam
1347 2952 1445 2986 hanc
1464 2950 1752 2995 navigationem

119 3017 292 3047 enarrat.

192 3071 206 3089 ²
255 3071 313 3105 De
331 3071 403 3105 hac
425 3069 576 3105 Natalis
595 3069 847 3116 expeditione
865 3068 916 3103 cf.
938 3068 1066 3115 Epist.
1087 3069 1136 3103 P.
1153 3068 1303 3109 Nadal,
1324 3067 1354 3113 I,
1375 3075 1544 3113 109-119,
1563 3075 1642 3111 125,
1666 3066 1748 3102 138.
