2028 3426
20 3402 21 3405 „
5 3068 23 3388 -⁴.-5ji-J·-nnu-·4¹-›1-„E-uk
10 3006 21 3054 anx„
10 2963 22 2996 ,οὲ
9 2938 19 2949 κ

9 2646 25 2920 -ΗῑῖΑ-Ᾰὲκι-ε,ῃΑ-».,ὲ
17 2616 22 2623 .
8 2287 21 2591 „A<-A..‘-⁴-=.n‚-.„.0.2·
12 2155 20 2271 *2-1-‚2
16 2121 19 2128 Δ
14 2061 19 2095 -..

635 251 907 286 MONUMENTA
933 251 1197 287 ITALIAE—18
1614 265 1677 300 175

103 351 199 395 aliis
221 351 517 407 religionibus
539 359 820 407 competunt,
846 352 931 395 alia
953 359 1059 395 sunt
1098 352 1259 397 aliena.
1299 354 1414 396 Illud
1444 353 1549 397 item
1590 370 1725 399 caue-

105 442 219 479 mus,
240 435 291 469 ut
308 427 385 483 qui
402 427 494 470 sint
511 428 719 483 professi,
745 427 775 470 ii
793 443 884 471 non
909 436 1082 471 tantum
1105 429 1196 471 sint
1217 428 1264 471 in
1282 430 1482 473 moribus
1505 431 1725 487 religiosis

102 503 294 560 probati,
320 505 400 546 sed
423 504 560 546 etiam
583 504 629 546 in
652 504 705 547 iis
729 504 1003 557 ministeriis,
1031 520 1146 560 quae
1174 521 1333 562 gerere
1365 521 1420 549 ex
1447 508 1725 563 professione

75 581 84 590 ‘
102 581 284 633 debent,
309 580 541 624 exercitati
559 582 852 626 sufficienter.
878 583 1010 626 Vnde
1032 583 1097 634 fit,
1127 590 1175 624 ut
1198 583 1323 638 prius
1347 584 1443 627 fieri
1467 586 1724 628 sacerdotes

101 657 309 708 debeant,
343 672 477 712 quam
507 658 713 713 professi.
757 659 1016 714 Religiones
1054 659 1166 703 aliae
1195 667 1411 704 exercent
1448 660 1645 703 nouitios
1680 662 1725 704 in

102 735 255 786 choro,
281 733 328 775 in
351 734 448 777 aliis
471 735 754 784 ceremoniis;
780 750 862 777 nos
886 736 931 777 in
954 735 1007 778 iis
1039 735 1316 787 ministeriis,
1352 752 1469 792 quae
1501 744 1608 779 sunt
1641 753 1723 780 no—

101 809 180 854 stri
201 809 410 862 instituti,
438 819 483 854 et
507 825 623 866 quae
646 819 913 867 praeparent
935 820 1114 855 nostros
1143 814 1200 855 ad
1237 813 1484 857 ministeria
1522 814 1724 857 Societa-

100 886 156 929 tis
177 886 222 928 in
244 887 434 930 salutem
458 887 707 931 animarum
732 889 957 932 obeunda.

186 964 252 1005 Ex
289 964 446 1007 eodem
479 963 714 1019 principio,
740 964 828 1008 Dei
859 965 1069 1009 uidelicet
1101 965 1410 1021 inspiratione,
1438 968 1558 1010 unde
1588 982 1725 1023 supe-

43 1089 46 1093 ,
100 1035 219 1082 riora
241 1040 416 1095 accepit
438 1040 643 1096 Ignatius
666 1048 712 1083 et
741 1041 964 1093 Societas,
992 1042 1163 1097 reliqua
1194 1050 1301 1085 sunt
1338 1044 1593 1099 desumpta,
1626 1043 1723 1086 sine

98 1115 261 1171 quibus
284 1116 358 1158 illa
380 1125 608 1172 praestare
632 1132 721 1159 non
747 1132 983 1173 possemus
1015 1119 1241 1173 religiose3
1268 1128 1419 1175 partes
1447 1120 1618 1164 scilicet
1640 1122 1718 1164 So-

55 1250 58 1251 ⁷
98 1191 286 1245 cietatis,
321 1194 444 1248 quod
477 1195 532 1236 ad
565 1209 781 1249 personas
815 1195 991 1246 attinet,
1027 1204 1075 1237 vt
1108 1197 1379 1239 haberemus
1417 1198 1644 1253 professos
1681 1205 1726 1240 et

99 1269 383 1314 coadiutores
421 1269 700 1325 spirituales,
733 1271 809 1325 qui
848 1271 893 1313 in
931 1273 1067 1315 rebus
1106 1272 1414 1327 spiritualibus
1452 1273 1725 1317 Societatem

58 1336 78 1394 s
98 1345 270 1398 iuuent,
306 1353 401 1388 turn
430 1346 507 1401 qui
536 1347 582 1389 in
612 1347 937 1402 corporalibus,
971 1343 1135 1402 quibus
1165 1363 1329 1404 corpus
1357 1350 1595 1394 Societatis
1618 1365 1725 1392 con-

67 1432 70 1437 “
101 1429 188 1466 stat
209 1423 467 1478 praecipue3
493 1423 793 1466 scholasticos
816 1431 1050 1479 praeterea
1072 1432 1117 1467 et
1139 1425 1358 1468 nouicios.

183 1500 319 1554 Quod
342 1514 452 1542 uero
475 1501 532 1542 ad
553 1501 653 1542 loca
675 1508 866 1556 spectat,
897 1506 942 1542 vt
969 1503 1126 1544 domos
1150 1503 1385 1557 probation
1395 1518 1483 1554 um,
1511 1503 1719 1560 collegia,

95 1576 254 1618 domos
275 1577 518 1632 professas,
545 1586 774 1632 postremo
798 1577 1034 1621 missiones
1057 1579 1316 1621 habeamus.

184 1653 409 1695 Curamus
432 1653 775 1708 diligentissime
804 1661 854 1695 ut
883 1654 1059 1706 nouitii,
1095 1654 1346 1698 distributis
1376 1656 1516 1708 horis,
1548 1671 1725 1713 semper

41 1768 49 1772 .
96 1736 404 1780 exerceantur,
447 1744 568 1771 nunc
606 1729 974 1772 meditationibus
1002 1738 1047 1773 et
1078 1731 1374 1783 orationibus,
1406 1747 1527 1775 nunc
1565 1734 1722 1776 lectio-

95 1805 226 1848 nibus
248 1806 481 1849 audiendis
503 1806 767 1850 catechismi
795 1814 840 1850 et
863 1807 975 1859 aliis,
1002 1822 1118 1862 quae
1141 1808 1260 1851 circa
1280 1808 1538 1852 institutum
1563 1817 1608 1852 et
1629 1810 1722 1852 Vir-

95 1889 240 1924 tutum
258 1883 519 1938 religiosum
542 1898 674 1925 usum
704 1891 959 1935 uersantur,
988 1891 1082 1927 tum
1109 1885 1286 1927 illarum
1308 1885 1555 1928 lectionum
1592 1903 1722 1930 exer—

97 1958 400 2015 citationibus.
434 1960 560 2003 Alias
582 1959 626 2002 in
661 1961 856 2004 seruitiis
888 1961 1148 2004 domesticis
1182 1962 1388 2005 nouicios
1426 1977 1719 2019 occupamus3

48 2065 57 2074 .
97 2035 311 2078 mittimus
340 2037 532 2079 subinde
555 2037 611 2079 ad
633 2037 924 2081 seruiendum
961 2037 1150 2081 infirmis
1178 2038 1223 2080 in
1256 2040 1555 2092 xenodochia3
1588 2055 1723 2096 pere-

96 2111 322 2172 grinatum
353 2113 477 2165 item,
525 2113 686 2169 stipem
719 2113 1069 2157 emendicantes.
1108 2113 1284 2157 Doc'ent
1306 2115 1560 2158 doctrinam
1590 2116 1719 2172 xpia-

96 2203 234 2241 nam.,
261 2197 305 2233 et
328 2190 480 2232 munia
493 2191 548 2233 ad
576 2190 798 2232 iuuandas
816 2191 987 2233 animas
1005 2191 1177 2235 obeunt
1195 2207 1250 2235 ex
1265 2192 1514 2244 nouiciatu,
1533 2194 1590 2235 ad
1608 2208 1722 2248 quae

96 2265 309 2308 talentum
339 2267 612 2322 acceperint.
644 2267 733 2309 Illis
760 2267 902 2322 igitur
939 2282 1175 2323 superesse
1205 2283 1296 2310 non
1334 2275 1485 2324 potest
1525 2276 1718 2324 tempus,

96 2342 208 2395 quod
229 2343 334 2384 aliis
356 2343 584 2384 exercitiis
606 2343 713 2384 dari
727 2344 887 2398 possit.
913 2344 993 2396 Hi,
1016 2348 1060 2384 vt
1082 2345 1340 2396 minimum,
1366 2357 1389 2387 2
1414 2360 1559 2387 annos
1581 2348 1717 2387 conti-

96 2422 260 2460 nentur
289 2419 338 2460 in
366 2420 611 2471 nouiciatu,
636 2433 715 2461 nec
737 2423 834 2461 vota
857 2427 875 2444 ἃ
897 2420 955 2463 47
984 2419 1107 2477 (164)
1131 2428 1235 2462 ante
1262 2420 1461 2464 bienium
1487 2423 1619 2465 edere
1644 2436 1721 2464 co—

71 2500 278 2553 ?guntur,
309 2509 366 2537 ne
403 2495 621 2550 simplicia
658 2495 860 2550 quidem3
893 2503 991 2551 post
1022 2495 1263 2539 biennium
1302 2498 1444 2541 edunt
1483 2497 1717 2553 simplicia.

59 2563 62 2568 ’
97 2570 194 2612 Hae
215 2575 360 2613 autem
371 2573 671 2628 proprietates
694 2572 1013 2627 probationum
1032 2587 1089 2616 ex
1108 2573 1380 2628 proprietate
1400 2574 1718 2618 exercitiorum

76 2635 348 2700 sumuntur,
369 2662 485 2703 quae
502 2649 668 2692 debent
688 2662 903 2691 exercere
925 2648 1067 2691 nostri
1090 2649 1135 2691 in
1159 2649 1402 2693 Societate.
1430 2652 1481 2692 In
1504 2650 1574 2692 his
1599 2650 1718 2693 enim

96 2730 302 2767 accurate
330 2724 376 2766 in
406 2723 636 2766 nouiciatu
660 2725 826 2766 nouitiz'
847 2728 955 2766 sunt
972 2724 1230 2779 exercendi,
1253 2740 1366 2781 quae
1384 2740 1551 2782 gerere
1574 2741 1628 2768 ex
1653 2727 1721 2767 2771-

96 2798 245 2840 stituto
261 2800 430 2842 debent.

183 2876 249 2918 Ex
272 2876 520 2930 nouiciatu,
548 2877 625 2932 qui
651 2884 758 2920 sunt
780 2877 927 2920 daturi
965 2877 1107 2920 literis
1144 2892 1343 2933 operam,
1385 2893 1461 2922 eos
1484 2877 1717 2933 excipiunt

165 2997 183 3014 a
231 2988 341 3033 Quae
360 2989 501 3024 italicis
520 2989 661 3025 litteris
680 3000 824 3024 excusa
844 2995 949 3033 sunt,
965 2989 1114 3025 Natalis
1135 3001 1250 3025 manu
1269 2990 1307 3025 in
1328 2998 1488 3036 utroque
1508 2990 1719 3036 archetypo

97 3042 303 3081 habentur.
