2028 3426
357 249 422 276 112
828 241 982 276 PA'rms
1008 241 1251 282 Hmnorwm
1278 241 1428 277 NADAL

1106 414 1144 457 8

734 511 770 553 Ρ
781 545 790 554 .
826 509 1082 552 NICOLAI
1116 507 1515 552 BOBADILLAE

311 631 616 661 INFORMATIO
641 630 900 661 CARDINALI
927 629 1271 660 ALEXANDRINO
1296 629 1647 659 PROBABILITER
1671 628 1904 658 EXHIBITA
1932 617 1965 652 ²·

402 729 651 774 Verissima
674 728 994 773 informatione
1017 729 1134 773 della
1156 728 1378 781 instanza,
1405 731 1490 772 che
1513 728 1550 771 si
1573 728 1596 772 ὲ
1620 729 1731 770 fatta
1757 742 1836 784 per
1866 742 1960 770 3η-

311 809 391 851 dar
427 808 471 849 in
511 808 716 864 Spagna,
756 814 802 850 et
829 807 948 850 della
976 820 1116 850 causa
1144 806 1188 849 di
1218 808 1280 849 M.
1320 805 1484 849 Pontio
1513 819 1600 848 eon
1638 804 1789 848 alcuni
1826 805 1946 850 della

313 884 614 941 Compagnia.

400 961 561 1006 Gratia
594 970 639 1005 et
667 976 754 1017 pax
783 961 891 1004 Dfii,
919 963 1029 1018 Jesu
1059 960 1165 1016 Xpi.
1198 960 1256 1003 sit
1283 974 1461 1016 semper
1490 959 1743 1002 nobiscum.
1778 960 1957 1002 Amen.'

313 1039 463 1096 Dopoi
487 1041 572 1082 che
594 1040 651 1082 da
673 1039 854 1082 diuerse
875 1039 1024 1081 bande
1047 1038 1283 1080 arriuorno
1305 1037 1352 1080 in
1373 1036 1518 1080 Roma
1539 1035 1740 1092 alquanti
1756 1036 1945 1092 professi

314 1117 432 1160 della
464 1115 748 1172 Compagnia
776 1116 821 1158 di
845 1118 972 1174 Jestl,
1005 1115 1217 1159 chiamati
1249 1130 1331 1170 per
1352 1116 1420 1158 far'
1443 1113 1643 1170 capitolo
1666 1113 1879 1170 generale
1900 1112 1951 1172 in

315 1196 476 1246 Roma,
504 1194 577 1236 nel
601 1194 734 1249 quale
757 1193 794 1237 si
817 1195 1000 1238 doueua
1022 1194 1238 1249 eleggere
1261 1207 1322 1235 un
1346 1191 1577 1248 preposito
1599 1199 1616 1216 ³
1639 1191 1852 1247 generale
1870 1205 1948 1246 per

313 1272 602 1328 gouernarla,
628 1278 674 1315 et
697 1285 810 1314 aneo
833 1285 883 1314 se
905 1271 943 1314 si
966 1272 1206 1314 doueuano
1231 1271 1396 1314 uedere
1415 1277 1459 1313 et
1483 1269 1757 1312 concludere
1774 1269 1816 1312 16
1838 1276 1958 1324 eon-‘

314 1348 540 1392 stitutioni
562 1349 607 1391 di
631 1363 730 1393 essa
753 1348 1054 1405 Compagnia,
1076 1362 1154 1404 per
1170 1347 1291 1403 dipoi
1309 1347 1588 1403 presentarle
1604 1361 1629 1389 3
1647 1347 1695 1390 S.
1717 1346 1809 1390 ὃδὴ
1825 1345 1953 1388 accio

315 1428 356 1469 16
379 1426 671 1481 approbasse,
698 1425 835 1480 quelli
858 1424 1066 1481 professi,
1092 1426 1178 1468 che
1201 1424 1245 1467 di
1264 1425 1449 1480 Spagna
1467 1431 1511 1466 et
1530 1423 1795 1479 Portugallo
1813 1435 1950 1468 erano

317 1503 423 1546 stati
447 1502 661 1545 chiamati
685 1518 711 1546 3
733 1502 859 1545 detto
882 1501 1093 1558 capitolo,
1120 1502 1371 1544 mandorno
1401 1515 1461 1543 un
1486 1501 1654 1543 huomo
1683 1514 1709 1542 a
1736 1506 1866 1555 posta
1894 1499 1970 1546 ad

316 1579 541 1623 escusarsi
564 1581 652 1623 che
674 1594 764 1622 non
788 1586 1019 1635 poteuano
1041 1579 1215 1630 uenire,
1237 1593 1315 1634 per
1333 1592 1470 1621 eausa
1486 1578 1602 1620 delle
1620 1591 1799 1633 guerre.
1822 1577 1951 1631 Que-

317 1667 389 1700 sto
412 1659 601 1709 huomo,
629 1655 896 1700 trouandosi
920 1655 1188 1713 indisposto,
1221 1655 1380 1712 gionto
1408 1657 1492 1698 che
1521 1656 1568 1697 fu
1598 1654 1643 1696 in
1671 1653 1879 1705 Genoua,
1911 1652 1958 1696 01

317 1736 482 1778 mando
505 1735 546 1777 le
569 1719 730 1778 lettere
753 1735 810 1778 de
832 1733 1078 1790 sopradetti
1103 1733 1236 1776 Padri
1262 1732 1468 1789 professi,
1500 1731 1625 1775 30010
1654 1730 1900 1787 sapessimo
1922 1729 1951 1774 il

317 1819 567 1855 eontenuto
601 1810 645 1854 di
677 1826 793 1864 esse,
819 1818 864 1856 et
897 1812 1026 1855 come
1058 1810 1088 1853 il
1121 1810 1344 1874 desiqlerio
1376 1810 1472 1852 loro
1499 1798 1694 1853 'sarebbe
1726 1809 1815 1852 che
1847 1807 1951 1850 tutti

316 1889 471 1944 quelli,
512 1891 597 1933 che
634 1903 725 1945 qua
756 1889 800 1931 in
831 1890 972 1932 Roma
1001 1888 1038 1931 si
1068 1895 1259 1931 trouano
1297 1886 1583 1943 congregati,
1625 1887 1869 1929 andassero
1906 1885 1953 1926 in

318 1968 521 2022 spagna,
548 1981 627 2022 per
650 1967 897 2022 procedere
919 1981 945 2009 a
968 1967 1091 2009 detta
1114 1965 1328 2009 elettione
1351 1972 1396 2008 et
1421 1966 1486 2007 far
1508 1964 1538 2006 il
1561 1963 1756 2020 capitolo
1779 1967 1959 2008 nostr0.'

407 2045 550 2100 sopra
569 2050 730 2099 questo
748 2045 882 2086 furno
900 2042 1169 2099 congregati
1188 2041 1338 2085 alcuni
1355 2041 1584 2094 fiandresi,
1605 2039 1812 2090 alemani,
1834 2040 1955 2082 fran-
2010 2043 2011 2046 ’

320 2121 429 2173 cesi,
455 2121 642 2175 italiam,
669 2121 894 2177 spagnoli,
920 2120 1042 2176 quali
1064 2133 1279 2163 erauamo
1307 2118 1576 2175 congregati
1598 2132 1687 2173 qua
1718 2117 1760 2160 in
1792 2119 1967 2171 Roma,

321 2206 366 2243 et
390 2199 438 2241 fu
462 2205 679 2254 proposto
703 2198 740 2241 si
763 2213 839 2242 era
862 2199 1123 2254 espediente
1146 2198 1286 2240 andar
1309 2196 1355 2240 in
1377 2197 1562 2252 Spagna
1585 2210 1610 2238 3
1634 2196 1701 2237 far
1722 2195 1848 2238 detto
1877 2199 1964 2237 034

320 2276 460 2331 pitolo
483 2258 1007 2319 domandando'licentia
1037 2290 1062 2318 3
1091 2275 1138 2319 S.
1173 2275 1278 2325 S.t=·¹,
1305 2288 1329 2317 e
1359 2289 1407 2317 se
1435 2274 1627 2317 sarebbe
1656 2271 1839 2328 meglio,
1865 2284 1974 2314 non

321 2354 521 2409 potendo
544 2353 681 2407 quelli
704 2353 749 2395 di
772 2354 958 2408 Spagna
982 2359 1026 2396 et
1050 2353 1316 2408 Portugallo
1345 2350 1475 2394 uenir
1503 2351 1544 2392 31
1574 2356 1797 2406 presente,
1829 2347 1978 2392 diffe-

319 2428 381 2470 rir
405 2430 530 2472 detta
555 2429 916 2485 congregatione
939 2444 963 2471 3
986 2428 1193 2485 migliore
1218 2435 1262 2471 et
1285 2427 1362 2484 pin
1386 2427 1575 2483 pacifico
1599 2433 1765 2482 tempo.

412 2507 481 2548 Fu
506 2507 723 2549 concluso
746 2507 803 2548 da
828 2504 949 2558 tutti,
982 2513 1129 2549 eoetto
1162 2506 1217 2548 da
1252 2512 1318 2548 tre
1351 2503 1574 2561 spagnoli,
1610 2505 1710 2556 che,
1745 2502 1782 2546 s]
1817 2516 1898 2558 per
1928 2501 1997 2544 11-

323 2583 486 2640 grandi
510 2582 527 2607 b
550 2583 667 2625 caldi
691 2585 776 2626 che
800 2582 876 2639 gia
898 2597 1052 2635 erano,
1078 2583 1143 2626 sia
1166 2597 1245 2638 per
1267 2583 1309 2627 16
1332 2596 1514 2639 guerre,
1539 2580 1604 2624 sia
1628 2595 1705 2637 per
1721 2580 1752 2622 li
1775 2575 1970 2636 perieoli

393 2721 410 2737 a
456 2710 663 2756 proposito
683 2721 754 2747 ms.
775 2709 838 2744 hic
858 2714 897 2744 et
915 2708 1028 2744 infra.
1080 2729 1116 2735 —
1130 2711 1147 2735 b
1170 2720 1281 2755 gran
1302 2720 1375 2744 ms.

394 2817 402 2838 ¹
456 2817 515 2852 Ex
534 2818 757 2864 apographo
775 2827 937 2861 coaevo,
958 2817 997 2852 in
1015 2817 1151 2852 codice
1181 2817 1241 2852 De
1265 2816 1378 2851 rebus
1401 2826 1540 2862 congr.
1561 2825 1656 2861 gen.
1685 2812 1773 2854 LV,
1797 2811 1944 2859 quadru
1966 2835 1975 2862 ¹-

323 2876 414 2923 pliei
434 2876 516 2923 fol.,
537 2877 687 2921 64r-67r
707 2876 832 2922 (26-28
852 2878 911 2912 bis:
936 2877 1093 2921 148·150
1112 2875 1188 2921 bis).
1209 2876 1346 2911 Manus
1370 2879 1431 2910 est
1455 2874 1602 2920 ignota.
1631 2873 1809 2908 Alterum
1833 2882 1947 2906 exem
2003 2876 2005 2897 ῑ

322 2937 428 2982 plum
447 2935 561 2982 hujus
580 2936 821 2972 monumenti
841 2937 1009 2972 habetur
1026 2936 1066 2971 in
1084 2935 1223 2971 eodem
1242 2934 1392 2980 codice,
1420 2933 1465 2968 ff.
1498 2941 1558 2978 74,
1583 2940 1642 2976 75.
1670 2930 1953 2977 Discrepantia

322 3006 464 3042 paucas
484 2995 586 3030 inter
603 3001 812 3042 utrumque
831 3006 902 3030 suo
922 2996 1006 3031 loco
1027 3000 1220 3030 notamus.
1242 2993 1307 3030 Cf.
1334 2992 1496 3028 Natalis
1513 2990 1794 3038 ephemerideS,
1816 3000 1836 3024 a
1851 2987 1965 3024 nobi
1994 2998 2003 3042 ’,Ἰ

324 3054 448 3089 editas
467 3053 506 3089 in
526 3054 656 3101 Epist.
678 3054 727 3090 P.
749 3054 900 3098 Nadal,
920 3054 966 3098 ΙΙ,
993 3054 1098 3088 12-16
1117 3058 1157 3089 et
1175 3061 1297 3099 50-59.
