2028 3426
378 225 448 262 414
850 216 1004 252 PA‘rms
1029 215 1273 252 Hmnonnu
1300 216 1451 252 NADAL

332 320 440 363 bere
463 318 829 364 secretissimam.
859 319 1119 373 Vtcumque
1146 317 1242 372 fiat,
1273 332 1365 361 non
1394 318 1509 363 solet
1538 325 1688 362 tamen
1719 319 1795 363 illa
1820 319 1918 363 acci

328 403 458 440 extra
485 396 834 440 confessionem.
1955 400 1985 451 RQ

420 474 586 516 Rector
624 480 669 516 et
698 471 900 514 minister
930 470 1210 515 conueniant
1239 471 1355 516 inter
1385 486 1451 525 se,
1477 479 1526 514 vt
1556 486 1733 529 semper
1763 487 1881 517 vnus
1910 489 1969 519 e

331 550 417 593 illis
439 549 692 606 reperiatur
718 550 762 591 in
785 548 931 605 prima
952 563 1125 602 mensa,
1151 556 1197 592 et
1218 549 1331 593 alter
1353 549 1398 592 in
1423 548 1509 602 22²,
1544 549 1589 592 in
1621 550 1810 606 prandio
1842 558 1888 596 et
1919 540 1976 598 iri

326 640 486 672 caena.

417 706 484 747 Ita
508 718 663 747 secum
688 710 899 760 reputent
923 703 1198 760 superiores,
1222 718 1400 760 semper
1429 704 1523 749 fore
1547 705 1720 761 aliquas
1749 705 1985 753 tentatio-3.

331 795 427 833 nes,
454 789 498 825 et
522 781 697 836 aliquos
720 780 1026 836 imperfectos;
1047 788 1214 844 etcum
1232 795 1462 836 nunquam
1481 789 1714 825 cessatura
1730 782 1788 825 sit
1805 772 1985 827 eorurnt'-²¹

327 859 542 910 charitas,
568 866 612 902 et
643 857 878 914 diligentia
908 857 952 900 in
983 857 1194 902 remediis
1216 858 1500 911 adhibendis,
1532 873 1623 902 non
1651 859 1985 917 despondeant}⁴
2014 896 2017 902 .

327 935 528 978 animum
554 942 808 991 propterea,
836 935 965 990 quasi
986 935 1137 978 omnia
1164 936 1281 978 male
1308 937 1488 988 cedant,
1520 950 1604 979 nec
1632 935 1723 979 sint
1752 935 1959 992 inquieti,

325 1026 408 1056 nec
433 1011 506 1056 120
534 1011 740 1067 affligant
762 1026 811 1055 se
839 1026 977 1068 supra
1004 1012 1206 1065 modum,
1232 1014 1312 1056 sed
1333 1020 1517 1068 sperent
1544 1012 1881 1070 longanimiter,
1915 1018 1962 1057 et

325 1089 522 1133 remedia
545 1088 808 1141 adhibeant,
834 1103 951 1144 quae
973 1088 1081 1145 ipsis
1101 1097 1343 1134 occurrent
1361 1104 1441 1146 pro
1459 1104 1506 1133 re
1524 1097 1630 1133 nata
1646 1097 1692 1134 et
1708 1105 1764 1134 ex
1786 1090 1967 1146 instrue„
2012 1120 2015 1129 -

324 1166 551 1209 ctionibus
573 1165 728 1222 colligi
750 1174 980 1222 poterunt.

413 1243 681 1299 Superiores
717 1245 975 1296 aduertant,
1017 1245 1198 1300 quando
1236 1244 1411 1300 syndici
1447 1245 1658 1289 deferunt
1696 1245 1866 1302 aliquid
1903 1247 1969 1290 de·

324 1321 556 1373 fratribus,
582 1328 631 1363 vt
659 1335 750 1364 non
779 1321 869 1364 sint
899 1322 1053 1366 faciles
1082 1322 1126 1364 in
1156 1323 1399 1377 credendo,
1431 1336 1516 1366 nec
1546 1331 1797 1382 sequantur
1829 1323 1961 1369 facile

324 1399 385 1451 id,
411 1399 467 1441 ad
491 1400 615 1454 quod
638 1399 737 1442 illos
761 1406 914 1455 posset
938 1398 1155 1443 inclinare
1178 1399 1279 1442 talis
1306 1400 1480 1443 relatio.
1512 1401 1602 1444 Sed
1626 1407 1786 1444 curent
1808 1399 1959 1456 aliqua

322 1476 409 1519 alia
431 1475 501 1519 via
527 1476 765 1520 veritatem
788 1475 1061 1533 intelligere,
1086 1484 1136 1520 vt
1159 1477 1216 1520 ab
1239 1477 1308 1530 iis,
1334 1477 1411 1533 qui
1444 1484 1590 1534 agunt
1622 1492 1725 1521 cum
1754 1477 1847 1530 illo,
1878 1477 1963 1534 qui

319 1555 538 1597 defertur.
566 1553 663 1596 Erit
684 1553 819 1598 etiam
851 1553 963 1596 vtile
992 1554 1116 1609 loqui
1145 1568 1250 1597 cum
1279 1554 1355 1598 illo
1390 1563 1523 1598 caute
1551 1562 1597 1598 et
1627 1555 1874 1611 explorate,
1907 1561 1958 1598 v't

318 1630 461 1686 possit
490 1630 593 1672 sciri
632 1637 709 1673 aut
738 1630 933 1686 intelligi
964 1631 1020 1673 ab
1051 1631 1215 1675 eodem
1249 1631 1431 1687 aliquid.
1471 1632 1627 1688 Itaque
1659 1631 1706 1674 in
1743 1632 1956 1676 omnibus

321 1709 591 1763 procedatur
627 1722 731 1751 cum
770 1722 937 1764 magna
965 1709 1159 1761 cautela,
1192 1708 1598 1766 circumspectione
1630 1716 1675 1754 et
1706 1710 1958 1766 prouiden-

319 1784 396 1837 tia,
423 1793 467 1828 et
490 1785 772 1838 aduertatur,
792 1800 848 1828 ne
866 1784 927 1837 id,
949 1786 1070 1841 quod
1088 1785 1348 1828 institutum
1366 1793 1434 1829 est
1452 1786 1507 1829 ad
1526 1787 1686 1830 fratres
1708 1786 1950 1839 iuuandos,

319 1869 367 1903 vt
391 1877 416 1904 a
440 1862 640 1917 syndicis
662 1863 925 1906 deferantur
947 1862 1004 1904 ad
1026 1862 1298 1918 superiores,
1324 1870 1526 1906 vertatur
1554 1862 1600 1905 in
1629 1863 1970 1926 detrimentum·

317 1953 490 1983 eorum.
526 1940 574 1981 In
608 1954 655 1983 re
687 1946 838 1982 autem
872 1946 1066 1995 Vrgente
1098 1946 1142 1982 et
1175 1939 1446 1996 periculosa,
1486 1941 1558 1984 vel
1597 1940 1764 1996 alioqui
1801 1940 1970 1997 graui‚·'

317 2017 649 2059 occurrendum
672 2023 740 2059 est
763 2023 807 2058 et
830 2017 886 2058 ad
909 2015 1150 2059 consilium
1174 2031 1308 2059 suum
1331 2016 1623 2060 ordinarium.
1959 2075 1961 2078 .

401 2092 449 2137 Si
473 2092 574 2147 quis
597 2092 767 2137 diceret
791 2108 881 2136 non
904 2107 1037 2148 posse
1060 2108 1109 2137 se
1139 2093 1309 2149 aliquid
1338 2093 1394 2138 Ι2Ι
1426 2095 1590 2148 facere,
1623 2095 1744 2150 quod
1774 2095 1835 2138 illi
1870 2110 1971 2146 su-,

312 2170 465 2225 perior
489 2170 763 2226 iniungeret,
790 2185 880 2213 non
903 2171 1124 2213 continuo
1147 2171 1282 2214 debet
1312 2171 1428 2215 male
1456 2171 1512 2215 de
1543 2171 1620 2214 illo
1647 2171 1848 2217 iudicare
1869 2155 1970 2220 su-fs'

312 2247 476 2302 perior3
519 2261 599 2303 pro
631 2247 847 2301 qualitate
877 2255 1029 2291 tamen
1066 2262 1302 2303 personae,
1338 2256 1488 2304 potest
1517 2256 1650 2293 caute
1679 2257 1724 2294 et
1751 2249 1948 2293 circum-

313 2332 468 2380 specte
498 2324 734 2380 suspicari;
765 2332 809 2367 et
846 2324 933 2367 iam
972 2325 1167 2381 primum
1205 2339 1389 2368 causam
1427 2325 1722 2382 interrogare,
1758 2334 1853 2369 tum
1891 2342 1947 2371 ex

312 2401 426 2457 ipso,
461 2409 556 2444 tum
586 2401 768 2444 aliunde
795 2401 1066 2458 intelligere,
1099 2416 1239 2457 quare
1271 2403 1381 2444 illud
1414 2417 1504 2446 non
1534 2403 1690 2459 possit.
1727 2405 1877 2460 Quam
1908 2405 1946 2448 si

310 2492 464 2523 veram
488 2492 588 2521 esse
611 2478 875 2533 comperiet,
897 2478 1091 2521 mutabit
1114 2478 1176 2520 illi
1195 2479 1556 2534 occupationem,
1578 2480 1663 2522 nisi
1681 2494 1866 2536 prorsus
1889 2496 1945 2526 ex

312 2555 572 2616 infirmitate
595 2554 706 2597 nihil
730 2555 877 2599 facere
899 2554 1055 2610 possit.
1079 2554 1159 2599 Sin
1178 2570 1342 2599 causae
1361 2556 1474 2598 nihil
1495 2556 1569 2609 sit,
1590 2558 1670 2599 sed
1688 2557 1943 2613 impossibi-
1959 2559 1975 2582 '-

310 2633 410 2676 litas
433 2632 640 2676 videatur
662 2632 736 2674 illa
759 2648 814 2676 ex
839 2631 1104 2684 tentatione,
1126 2633 1439 2685 melancholia,
1460 2634 1531 2676 vel
1556 2633 1720 2686 taedio,
1745 2642 1791 2677 et
1813 2634 1943 2678 fasti-

306 2710 398 2760 dio,
424 2710 496 2753 vel
519 2725 574 2753 ex
597 2710 754 2752 fraude
775 2709 873 2752 siue
896 2708 1064 2751 malitia
1088 2708 1290 2751 fortassis
1312 2709 1552 2764 proficisci,
1579 2719 1708 2753 curet
1737 2711 1943 2767 superior

307 2787 513 2831 internae
543 2785 711 2830 mederi
742 2784 1036 2842 aegritudini,
1076 2800 1131 2828 ex
1161 2800 1250 2840 qua
1282 2785 1380 2829 fieri
1408 2795 1578 2841 potest,
1619 2794 1668 2829 vt
1704 2787 1942 2843 proueniat

301 2864 440 2907 etiam
462 2878 621 2908 reuera
644 2863 718 2906 illa
739 2862 934 2906 exterior
956 2862 1232 2918 impotentia.
1262 2863 1395 2917 Quae
1417 2862 1453 2905 si
1477 2863 1640 2919 expelli
1659 2878 1748 2906 non
1770 2871 1936 2920 potest,

303 2949 350 2984 et
373 2941 507 2996 culpa
529 2941 680 2996 aliqua
708 2940 753 2982 id
782 2941 967 2991 faceret,
994 2939 1062 2994 ‚illi
1091 2940 1224 2982 detur
1252 2939 1402 2994 aliqua
1430 2939 1651 2995 probatio,
1684 2955 1818 2996 quam
1848 2956 1938 2985 non

302 3018 444 3073 possit
468 3017 683 3071 auersari,
715 3018 786 3061 vel
815 3016 1003 3059 humilia
1032 3016 1198 3069 officia,
1230 3017 1300 3060 vel
1331 3016 1652 3073 peregrinatio,
1688 3018 1760 3061 vel
1792 3018 1938 3061 serui-
