2028 3426
343 243 413 287 4¹6
816 241 970 276 PA‘rms
996 240 1244 276 Hmnonvm
1273 239 1424 276 NADAL

298 352 475 400 pastus,
502 343 571 388 2.⁰
593 343 728 388 etiam
753 349 1029 399 postpastus,
1058 341 1120 396 3.⁰
1144 340 1280 385 etiam
1304 354 1483 395 carnes,
1507 341 1580 384 vel
1603 340 1765 397 pisces,
1786 340 1857 395 4⁰
1879 341 1943 386 si-

299 423 395 465 mul
418 423 523 474 offa,
552 421 619 476 5.ο
643 421 776 464 simul
807 419 980 471 vinum,
1014 417 1082 461 6.⁰
1110 424 1159 460 vt
1187 418 1321 460 detur
1350 424 1527 461 tantum
1559 417 1689 474 panis
1721 425 1765 462 et
1800 432 1955 475 aqua3‘

300 506 344 544 et
375 499 421 542 in
454 500 610 542 orbem
641 502 875 541 recurrant
912 497 998 538 hae
1026 494 1354 552 poenitentiae3
1388 508 1505 550 quae
1533 493 1570 537 si
1607 509 1698 537 non
1727 502 1943 551 parerent

300 575 681 628 emendationem,
708 573 897 630 grauius
920 578 1039 616 esset
1061 571 1411 628 prouidendum.

393 654 644 708 Catalogus
666 649 1064 693 mortificationum
1087 655 1366 705 proponatur
1388 656 1492 692 octo
1510 648 1672 692 diebus
1694 655 1799 693 ante
1823 656 1940 695 tem-

302 745 388 787 pus
416 729 721 779 vacationum,
754 734 803 769 vt
841 728 1003 770 fratres
1031 725 1201 782 eligere
1230 725 1422 781 possint,
1455 739 1568 781 quas
1599 725 1740 769 velint
1770 727 1942 782 facere,
1970 724 1974 732 ’

302 817 347 852 et
373 806 628 862 superiores
651 804 857 855 definire,
882 817 996 858 quas
1024 802 1114 846 sint
1143 801 1420 845 concessuri.
1453 802 1652 846 Videant
1680 809 1832 846 autem
1862 817 1941 847 su-

303 884 520 941 periores,
547 898 603 926 ne
626 881 715 924 sint
738 880 853 936 largi
876 879 1064 923 nimium
1087 879 1133 922 in
1156 879 1388 923 mittendis
1419 880 1476 922 ad
1506 879 1579 924 125
1609 879 1946 936 peregrinatio-

302 976 400 1005 nes,
427 960 527 1003 Sint
549 966 700 1003 autem
714 958 771 1019 ·in
801 956 962 1000 dandis
991 955 1216 1000 exercitiis
1245 955 1465 1013 largiores
1497 963 1542 1001 et
1570 955 1668 999 aliis
1697 955 1945 1000 mortifica-

305 1038 520 1089 tionibus,
548 1051 663 1091 quae
688 1035 762 1092 agi
791 1041 982 1091 possunt
1010 1034 1148 1077 domi.
1175 1035 1276 1077 Hac
1299 1034 1354 1077 de
1384 1049 1432 1078 re
1455 1033 1644 1078 'videant
1672 1024 1963 1076 admonitio-¹

307 1130 408 1158 nem
435 1114 661 1169 quomodo
689 1111 978 1155 vacationum
1008 1118 1211 1167 tempore
1239 1124 1339 1154 sese
1367 1125 1528 1167 gerere
1557 1111 1753 1154 debeant
1782 1110 1944 1154 nostri.

395 1193 464 1235 Ne
488 1191 597 1233 fiant
620 1188 989 1232 mortificationes
1011 1187 1209 1244 publice,
1235 1194 1282 1230 vt
1312 1187 1594 1244 disciplinae,
1626 1187 1699 1230 vel
1722 1186 1835 1231 aliae
1864 1202 1939 1232 ex-

306 1267 627 1312 traordinariae
660 1274 787 1311 extra
815 1267 1016 1319 domum3
1050 1272 1241 1321 possunt
1271 1272 1439 1319 tamen,
1471 1264 1751 1321 probationis
1778 1263 1942 1321 gratia,

306 1336 377 1388 v'el
413 1346 544 1389 etiarn
578 1343 954 1395 mortificationis,
986 1342 1078 1400 peti
1101 1343 1416 1398 eleemosynae
1450 1341 1649 1385 ostiatim
1672 1350 1705 1394 a,
1731 1348 1965 1398 poterunt:

306 1423 461 1467 haberi
486 1422 530 1464 in
554 1421 714 1478 plateis
737 1420 997 1472 conciones,
1023 1420 1235 1464 incedere
1258 1420 1374 1463 male
1397 1419 1564 1472 vestiti,
1593 1419 1721 1474 sequi
1744 1418 1950 1462 iumenta

306 1501 351 1542 in
377 1501 486 1544 vrbe
516 1513 619 1542 cum
651 1512 805 1551 onere,
837 1497 956 1541 ferre
986 1511 1166 1552 aquam,
1199 1498 1273 1540 vel
1295 1510 1433 1540 onera
1455 1495 1657 1553 publice.
1683 1497 1812 1540 Haec
1840 1510 1946 1539 cum

307 1576 592 1633 superiorum
617 1574 912 1618 concessione
934 1574 1032 1619 fieri
1056 1581 1283 1630 poterunt.

397 1652 696 1698 Poenitentiis
719 1659 766 1697 et
793 1652 996 1708 corporis
1019 1651 1411 1708 castigationibus,
1438 1665 1598 1696 seuera
1621 1649 1944 1708 reprehensio-

307 1746 379 1784 ne,
409 1745 460 1774 ac
484 1731 528 1773 id
567 1745 715 1787 genus
743 1729 858 1782 aliis,
895 1728 1135 1774 exercendi
1159 1736 1265 1772 sunt
1304 1728 1445 1772 nostri
1475 1743 1809 1784 nonnunquam
1839 1727 1958 1776 citra,

310 1809 505 1864 culpam,
532 1808 588 1850 ad
611 1808 756 1850 solum
781 1806 992 1850 videlicet
1024 1805 1267 1862 patientiae
1291 1813 1336 1848 et
1369 1805 1671 1858 obedientiae,
1711 1819 1847 1860 quam
1879 1804 1957 1849 126

308 1899 492 1929 caecam
516 1891 696 1936 vocant,
718 1883 1002 1936 exercitium3
1029 1884 1162 1926 modo
1185 1897 1238 1926 ea
1260 1897 1364 1926 cum
1387 1897 1556 1939 magno
1576 1881 1884 1926 moderamine
1902 1889 1968 1926 et*

309 1961 703 2017 circunspectione
731 1962 859 2013 fiant,
885 1968 930 2003 et
948 1961 1058 2003 fiant
1086 1975 1190 2003 cum
1218 1959 1419 2016 probatis
1447 1959 1669 2016 personis,
1702 1966 1748 2002 et
1776 1958 1845 2011 iis,
1872 1957 1952 2015 qui

310 2040 395 2081 hoc
419 2038 566 2095 ipsum
590 2052 693 2080 cum
719 2039 870 2080 fructu
892 2037 1145 2093 suscepturi
1169 2037 1424 2089 videantur,
1445 2043 1490 2080 et
1512 2036 1609 2079 aliis
1643 2033 1951 2079 aedificationi

310 2130 411 2160 esse
434 2130 581 2171 posse:
614 2115 711 2158 fieri
734 2114 869 2158 etiam
895 2129 1221 2168 nonnunquam
1245 2114 1413 2170 poterit
1441 2128 1545 2157 cum
1579 2113 1692 2166 aliis,
1719 2120 1767 2155 vt
1795 2127 1955 2158 assue-

313 2200 461 2235 scant.

401 2269 560 2313 Solent
585 2268 627 2311 in
655 2268 876 2324 Hispania
913 2268 1028 2310 mitti
1057 2269 1207 2311 bullae
1239 2267 1641 2325 indulgentiarum.
1678 2266 1955 2310 Prohibetur

315 2353 464 2390 autern
490 2361 546 2389 ne
570 2345 671 2400 quis
694 2345 922 2401 impediat,
949 2345 1057 2400 quin
1088 2345 1189 2389 illae
1216 2345 1367 2389 bullae
1390 2344 1686 2401 accipiantur,
1714 2349 1957 2387 numerata

314 2422 486 2466 scilicet
510 2423 815 2477 eleemosyna.
844 2423 945 2465 Hae
969 2430 1119 2465 tamen
1142 2422 1178 2465 si
1203 2437 1228 2465 a
1246 2422 1412 2465 nostris
1430 2421 1761 2478 acciperentur,
1784 2434 1950 2464 conse·

313 2499 391 2555 qui
415 2506 568 2555 posset
586 2499 758 2541 iactura
781 2499 1041 2555 disciplinae
1065 2499 1318 2556 religiosae.
1346 2501 1462 2543 Nam
1487 2514 1541 2543 ex
1561 2498 1777 2542 facultate
1798 2497 1969 2561 bullae-‚⁴

314 2576 480 2632 poterit
503 2575 654 2631 quiuis
677 2591 702 2619 e
725 2575 889 2618 nostris
913 2576 1117 2620 confiteri
1136 2576 1283 2620 cuiuis
1305 2584 1493 2620 externo
1515 2575 1679 2618 idoneo
1711 2575 1947 2618 confessa-

316 2654 396 2696 rio.
423 2654 494 2697 Ne
517 2652 659 2708 igitur
681 2654 799 2694 hanc
824 2652 1041 2695 faciamus
1063 2653 1281 2696 iacturam
1305 2652 1585 2709 disciplinae,
1611 2651 1762 2696 dicere
1785 2663 1953 2707 possu⁴

317 2744 417 2772 mus
458 2737 635 2772 nostros
664 2744 754 2771 non
784 2742 917 2784 posse
948 2729 1115 2771 bullam
1155 2730 1273 2772 illam
1312 2729 1535 2785 accipere,
1578 2726 1951 2784 quandoquidem

315 2821 445 2849 vsum
471 2806 691 2862 pecuniae
720 2805 887 2848 nullius
915 2807 1102 2850 habent.
1134 2806 1401 2862 Superiores
1429 2820 1538 2850 vero
1567 2805 1639 2850 127
1670 2819 1765 2848 non
1790 2810 1952 2850 tenen-

318 2891 390 2926 tur
413 2883 498 2926 illis
521 2884 628 2927 dare
645 2882 902 2939 pecuniam,
923 2882 994 2925 vel
1018 2897 1146 2925 vsum
1171 2883 1407 2939 pecuniae,
1430 2897 1578 2938 neque
1596 2882 1824 2937 cuiquam,
1845 2878 1882 2923 si
1904 2877 1951 2922 id

388 3061 404 3077 a
454 3050 658 3085 hostiatim
680 3061 754 3086 ms,
