2028 3426
325 207 398 242 600
801 207 952 241 PATms
979 207 1222 242 Hmaonnn
1249 206 1310 242 NA
1317 215 1399 243 DAL

280 318 429 352 tamen
452 309 563 353 sciet
596 308 915 359 confessarius,
952 308 1027 363 qui
1054 316 1292 363 postquam
1321 308 1474 351 omnia
1497 309 1771 361 adhibuerit,
1797 323 1912 364 quae

279 386 335 428 ad
366 386 669 430 conscientiae
711 386 854 427 forum
887 392 1092 440 spectare
1125 385 1320 436 nouerit,
1358 385 1532 441 copiam
1566 385 1608 429 ei
1633 385 1768 429 faciat
1799 386 1913 430 scri-

278 461 413 505 bendi
435 468 519 509 624
542 462 822 518 prouinciali,
848 476 899 503 ac
922 462 1054 504 simul
1078 462 1251 506 iubebit
1274 463 1394 504 bono
1417 477 1521 506 eum
1546 477 1646 506 esse
1669 462 1835 515 animo,
1865 471 1911 507 et

276 541 504 595 deponere
526 553 705 583 omnem
737 539 855 581 illam
883 538 1224 594 cogitationem,
1250 538 1441 595 epistola
1463 554 1573 583 vero
1595 540 1652 582 ab
1675 539 1774 596 ipso
1799 554 1913 583 con—

278 617 462 659 fessario
485 616 598 658 mitti
623 615 800 671 poterit3
829 630 1044 671 responso
1068 630 1175 660 vero
1193 625 1397 672 accepto,
1421 616 1594 659 iubebit
1617 616 1679 659 illi
1704 617 1912 672 acquies-

279 708 398 738 cere.

365 774 481 813 Cum
509 771 599 813 sint
633 770 993 825 praeueniendae
1031 770 1307 814 tentationes
1345 771 1551 822 fratrum,
1595 771 1668 813 vbi
1707 771 1914 827 superior

275 857 398 891 certo
419 847 529 890 sciet
554 847 748 902 aliquem
773 847 1038 890 tentandum
1063 863 1118 891 ex
1137 847 1288 903 aliqua
1309 847 1582 899 obedientia,
1604 857 1650 891 et
1671 855 1822 905 speret
1841 856 1912 891 ta-

276 940 379 967 men
412 925 530 967 illam
564 939 695 980 posse
729 923 910 968 vincere
944 924 1258 978 tentationem,
1283 939 1376 968 non
1410 925 1604 977 omittet,
1640 925 1750 980 quin
1791 925 1911 969 illam

278 1002 564 1057 praescribat,
597 1009 641 1044 et
672 1009 820 1044 tamen
851 1001 958 1044 vtile
987 1008 1106 1046 esset
1129 1001 1192 1044 vti
1223 1001 1529 1045 insinuatione
1556 1002 1726 1058 aliqua,
1761 1011 1808 1045 vt
1843 1004 1913 1046 vel

276 1079 466 1122 libenter
495 1078 795 1122 obedientiam
826 1078 945 1121 illam
974 1078 1241 1135 susciperet,
1275 1080 1346 1122 vel
1375 1080 1495 1122 bono
1524 1080 1674 1123 animo
1707 1080 1913 1124 vinceret

276 1155 581 1199 difficultates.

363 1232 412 1276 Si
434 1247 541 1276 vero
563 1240 687 1275 certa
709 1241 829 1277 esset
851 1232 1114 1276 coniectura
1137 1234 1259 1289 quod
1278 1248 1370 1276 non
1394 1241 1514 1277 esset
1537 1234 1772 1277 subiturus
1797 1235 1908 1277 obe—

275 1309 506 1362 dientiam,
529 1323 613 1352 nec
635 1317 931 1365 superaturus
953 1309 1258 1363 difficultates,
1279 1318 1399 1354 esset
1421 1311 1674 1354 consultius
1691 1318 1737 1354 et
1754 1311 1910 1353 Vtilius

277 1395 323 1428 vt
346 1386 407 1428 illi
430 1401 521 1429 non
544 1386 851 1442 imponeretur
869 1388 942 1429 illa
959 1387 1233 1437 obedientia,
1255 1388 1334 1431 sed
1352 1395 1470 1432 esset
1489 1387 1668 1432 animus
1686 1387 1904 1432 adiicien-

274 1465 358 1505 dus
391 1463 508 1507 serio
535 1471 583 1505 vt
611 1462 862 1516 iuuaretur,
887 1465 1032 1508 donec
1056 1464 1175 1507 illam
1200 1472 1245 1508 et
1268 1479 1426 1509 omnes
1449 1464 1731 1509 obedientias
1755 1473 1909 1520 posset

276 1540 405 1583 facile
427 1540 593 1584 subire.
619 1540 678 1584 Iis
708 1549 859 1584 tamen
884 1548 1035 1597 posset
1058 1546 1140 1589 625
1169 1542 1215 1584 id
1243 1541 1456 1598 praecipi,
1482 1542 1605 1596 quod
1635 1557 1724 1586 non
1755 1549 1909 1586 essent

276 1617 454 1672 facturi,
475 1617 511 1660 si
533 1619 742 1661 consulto
764 1618 826 1662 ita
848 1618 1080 1662 uideretur
1099 1620 1328 1675 agendum
1347 1619 1403 1662 ad
1422 1620 1691 1674 captandam
1710 1618 1913 1662 occasio-

276 1710 393 1747 nem,
425 1696 544 1739 vnde.
568 1703 752 1751 possent
780 1695 879 1738 eiici
908 1710 933 1739 e
956 1695 1199 1748 Societate‚
1227 1696 1303 1752 qui
1326 1695 1494 1751 alioqui
1526 1696 1792 1740 viderentur
1829 1695 1909 1740 eii-

279 1771 441 1815 ciendi.

872 1943 934 1972 DE
969 1943 1302 1973 ELEEMOSYNIS

368 2084 512 2125 Nemo
542 2083 725 2126 omnino
757 2098 911 2128 eorum
947 2084 1164 2137 omniurn,
1198 2084 1274 2140 qui
1304 2084 1351 2127 in
1380 2084 1637 2128 obedientia
1667 2086 1909 2134 Societatis

281 2160 440 2202 viuunt
463 2160 669 2216 accipiat,
696 2176 752 2205 ne
777 2162 959 2205 nomine
981 2161 1163 2216 quidem
1186 2162 1517 2218 eleemosynae,
1543 2176 1624 2218 pro
1641 2162 1806 2217 quouis
1824 2162 1908 2204 mi-

278 2237 462 2280 nisterio
485 2237 666 2292 aliquid,
693 2239 814 2293 quod
843 2239 958 2281 sciat
981 2238 1143 2294 quouis
1165 2239 1375 2282 exteriori
1405 2238 1537 2294 signo
1560 2254 1640 2295 pro
1663 2239 1912 2283 ministerio

277 2314 388 2366 dari;
415 2322 459 2357 et
491 2322 639 2358 tamen
662 2314 820 2359 viuent
845 2315 1033 2371 professi
1056 2330 1110 2358 ex
1133 2316 1448 2372 eleemosynis,
1474 2330 1630 2359 eorum
1653 2315 1806 2368 etiam,
1832 2316 1906 2371 qui

278 2391 396 2446 apud
419 2391 538 2446 ipsos
556 2392 846 2445 confitentur,
869 2401 911 2436 et
930 2392 1096 2447 quibus
1117 2393 1461 2436 concionantur.
1483 2393 1689 2449 Collegia
1707 2407 1904 2448 quoque,

278 2468 443 2523 quibus
466 2467 668 2510 redditus
692 2483 780 2510 non
804 2469 1051 2521 sufficiunt,
1078 2485 1134 2513 ex
1155 2469 1455 2526 eleemosynis
1478 2469 1650 2521 viuent,
1679 2468 1814 2513 etiam
1837 2469 1906 2520 iis,

278 2560 390 2599 quas
408 2545 665 2601 vlargientur
687 2545 912 2600 discipuli,
938 2554 1017 2589 aut
1039 2546 1112 2589 alii
1133 2561 1288 2590 eorum
1314 2554 1524 2603 parentes
1547 2547 1619 2590 vel
1643 2554 1828 2589 tutores.
1861 2545 1911 2590 Si

281 2632 431 2666 tamen
453 2621 527 2665 isti
556 2636 714 2665 omnes
743 2622 966 2666 dicerent:
994 2631 1180 2678 propter
1208 2626 1294 2666 hoc
1315 2638 1405 2679 ego
1437 2625 1495 2666 do
1518 2623 1614 2675 tibi,
1640 2638 1731 2665 non
1759 2631 1911 2666 essent

279 2704 358 2745 626
382 2699 687 2755 accipiendae,
714 2707 850 2754 atque
873 2700 985 2742 adeo
1008 2700 1268 2755 Vbicunque
1297 2700 1535 2744 intercedit
1558 2700 1741 2756 signum
1765 2699 1909 2744 sensi—

281 2776 384 2828 bile,
412 2770 533 2831 quod
555 2777 688 2819 detur
710 2791 850 2818 vnum
873 2792 955 2832 pro
979 2778 1135 2829 altero,
1163 2778 1273 2820 illud
1297 2778 1500 2833 accipere
1530 2792 1621 2820 non
1650 2791 1905 2833 possumus.

283 2854 322 2894 V
328 2860 343 2894 t
365 2852 402 2895 si
425 2853 574 2895 statim
599 2860 700 2909 post
722 2854 993 2898 celebratam
1017 2854 1216 2909 missam,
1242 2862 1320 2897 aut
1343 2853 1905 2904 confessionemauditam‚

282 2937 361 2972 aut
399 2930 596 2972 habitam
631 2930 894 2973 concionem
932 2931 1115 2975 daretur
1153 2932 1456 2986 eleemosyna,
1493 2930 1669 2974 etiarnsi
1702 2930 1910 2974 dicerent

278 3007 402 3059 quod
427 3021 517 3048 non
541 3022 620 3062 pro
643 3022 695 3051 ea
718 3008 916 3050 daretur.
1903 2998 1906 3001 ,
