2028 3426
318 222 387 266 708
791 219 946 255 PATms
974 219 1217 254 HOERONYMI
1244 218 1395 254 NADAL

358 327 429 369 216
451 324 624 367 Sensus
647 321 831 364 humilis
854 337 908 365 ex
934 320 1112 363 miseria
1135 327 1425 376 peccatorum
1448 327 1493 364 et
1517 320 1835 364 tentationum.

359 399 646 443 Confidentia
669 399 712 440 in
737 398 966 454 operibus,
992 397 1089 440 siue
1111 396 1318 450 internis,
1344 396 1442 442 siue
1470 397 1684 449 externis,
1717 413 1772 442 ex
1801 398 1914 441 obe-

271 477 442 520 dientia
464 477 511 519 in
535 479 633 520 Deo
656 491 734 531 per
757 475 1007 528 Christum,
1033 483 1078 518 et
1101 490 1191 518 non
1217 481 1430 530 tanquam
1449 489 1505 518 ex
1523 474 1670 517 nobis.

362 556 526 597 Petrus
544 552 800 595 firmitatem
820 559 865 595 et
883 551 1194 604 directionem,
1212 552 1383 595 Paulus
1401 551 1846 608 nobis-ministerium
1866 552 1916 594 in.

273 631 500 675 Societate
523 640 672 672 nostra
698 629 941 684 significat3
968 637 1011 672 et
1034 629 1222 672 adiuuat
1245 636 1434 684 vterque
1462 636 1511 671 vt
1538 628 1758 672 ecclesiae
1786 628 1915 684 prin—

273 723 398 764 ceps,

361 784 584 827 Vitiorum
609 783 1000 827 mortificationem
1025 798 1081 826 ne
1105 783 1304 839 neglige,
1331 784 1410 837 fili,
1437 798 1516 839 per
1532 797 1716 827 sensum
1736 783 1914 839 gratiae

271 861 525 905 vocationis
555 869 676 913 tuae,
707 861 780 903 vel
808 860 1133 903 consolationis
1155 860 1198 902 in
1224 860 1499 903 ministeriis:
1527 859 1607 902 tibi
1629 860 1779 903 omnia
1803 860 1915 903 fiant

271 940 449 991 acerba,
475 938 550 979 vbi
577 936 725 993 magis
748 944 793 981 te
815 937 1103 980 arbitraberis
1125 952 1225 981 esse
1247 951 1475 990 securum;
1501 937 1581 980 sed
1602 939 1721 980 hanc
1750 937 1910 980 morti-

271 1016 526 1059 ficationem
556 1015 683 1058 iuuat
712 1013 1024 1069 quotidianum
1054 1029 1244 1059 examen
1274 1015 1542 1070 particulare
1569 1028 1673 1058 cum
1703 1013 1799 1057 suis
1828 1016 1910 1057 ad>-

269 1093 550 1137 ditionibus:
1361 1140 1363 1142 ,

361 1172 523 1214 Petrus
545 1178 589 1212 et
614 1170 785 1212 Paulus
807 1168 1149 1225 expeditissimi,
1175 1168 1303 1224 quasi
1327 1168 1573 1225 praecincti
1604 1169 1660 1211 ad
1690 1182 1910 1224 magnum

266 1247 562 1291 ministerium
587 1246 633 1288 in
656 1245 847 1289 ecclesia
870 1245 915 1288 in
941 1245 1206 1290 fortitudine
1228 1245 1332 1297 Dei,
1352 1254 1396 1289 et
1414 1245 1666 1297 maiestate,
1688 1246 1909 1300 quemad-

269 1325 452 1367 modum
477 1323 638 1367 iterum
663 1323 806 1367 sensit
828 1323 1009 1377 quidam
1034 1322 1078 1365 in
1104 1323 1277 1378 capella
1300 1322 1394 1365 diui
1420 1322 1559 1366 Petri.

350 1406 420 1447 217
455 1400 729 1444 Obedientia
762 1400 1018 1443 intellectus
1052 1400 1276 1444 exscindit
1308 1408 1353 1443 et
1389 1401 1564 1444 auferet
1590 1400 1718 1455 'quod
1752 1407 1821 1444 est
1860 1400 1904 1442 in

263 1479 355 1520 vita
388 1486 432 1522 et
470 1477 785 1520 difficillimum
814 1484 859 1519 et
889 1476 1273 1520 molestissimum:
1306 1477 1546 1530 iudicium,
1578 1475 1766 1529 scilicet,
1799 1476 1906 1532 quid

261 1555 421 1598 melius
445 1557 593 1598 facere
622 1555 784 1606 debeo,
816 1555 924 1609 quid
955 1553 1207 1606 honestius,
1240 1554 1348 1610 quid
1376 1556 1476 1597 Deo
1506 1554 1753 1611 acceptius;
1787 1562 1832 1597 et
1861 1553 1909 1596 id

260 1633 442 1688 quidem
466 1646 570 1674 cum
593 1646 769 1674 summa
792 1631 1069 1674 authoritate
1092 1645 1145 1673 ac
1167 1632 1269 1674 luce
1292 1628 1527 1685 diuinitus}
1553 1631 1710 1687 vtique
1729 1631 1774 1673 in
1794 1632 1906 1674 obe-

259 1710 428 1753 dientia
457 1725 511 1753 ex
542 1708 681 1751 verbo
707 1708 813 1764 Xpi.
845 1708 964 1764 «Qui
989 1723 1069 1750 vos
1092 1708 1234 1760 audit,
1261 1723 1332 1752 me
1356 1708 1481 1751 audit
1507 1711 1565 1760 ¹»,
1590 1716 1698 1760 etc.,
1727 1716 1822 1751 tum
1848 1724 1903 1752 ex

258 1795 380 1839 voto,
405 1794 495 1830 etc.
521 1788 610 1829 Dat
640 1785 780 1842 igitur
811 1785 940 1828 nobis
971 1785 1227 1841 paradisum
1256 1785 1301 1827 in
1333 1792 1450 1828 terra
1479 1785 1738 1830 obedientia
1767 1785 1903 1828 intel-

257 1864 418 1915 lectus,
451 1870 494 1907 et
525 1862 705 1918 quidem
737 1864 794 1905 ad
823 1862 1120 1905 imitationem
1150 1869 1297 1905 status
1327 1862 1616 1907 innocentiae
1644 1862 1772 1905 ducit
1801 1877 1906 1918 pro-

259 1941 392 1992 xime,
413 1941 535 1995 quod
553 1941 609 1982 ad
628 1940 792 1984 mentis
810 1939 1007 1994 quietem
1027 1940 1204 1984 attinet.
1227 1941 1275 1982 In
1294 1939 1501 1996 paradiso
1518 1939 1638 1982 enim
1657 1939 1772 1983 nihil
1788 1955 1903 1983 con—

259 2018 532 2069 siderabant,
555 2017 772 2059 iudicium
792 2031 883 2059 non
901 2017 1191 2069 exercebant,
1212 2031 1294 2059 cur
1312 2017 1617 2073 praecepisset
1633 2019 1775 2069 Deus,
1796 2025 1904 2071 etc.;

259 2096 338 2138 sed
361 2093 526 2136 diaboli
551 2094 726 2137 malicia
749 2093 823 2135 vbi
848 2093 1040 2149 primum
1065 2093 1371 2137 considerauit
1402 2095 1514 2145 Eua,
1545 2109 1571 2136 a
1600 2094 1797 2138 iustitiae
1831 2110 1902 2138 re-

261 2171 482 2214 ctitudine
505 2170 688 2215 excidit.
1960 2161 1963 2163 ’

347 2249 535 2303 Semper
558 2247 601 2289 in
628 2247 785 2290 timore
809 2248 1037 2290 standum.
1071 2249 1189 2290 Nam
1220 2247 1354 2291 etiam
1386 2247 1423 2290 si
1452 2248 1686 2291 abundent
1714 2248 1903 2294 sensiles

259 2324 448 2380 gratiae,
472 2338 588 2378 quae
606 2323 766 2366 iuuant
783 2323 964 2378 quidem
981 2325 1037 2365 ad
1054 2323 1236 2366 habitus
1251 2323 1468 2366 virtutum
1485 2329 1558 2370 218
1574 2326 1903 2380 comparandos

258 2411 302 2444 et
333 2400 463 2444 facile
491 2401 784 2452 exercendos,
817 2410 967 2443 tamen
996 2409 1043 2442 vt
1073 2408 1225 2443 nostra
1258 2408 1325 2444 est
1359 2400 1562 2456 operatio
1593 2409 1639 2444 et
1671 2416 1780 2444 vsus
1813 2402 1897 2444 ha-

259 2479 436 2521 bituum
456 2476 529 2520 vel
551 2477 817 2534 gratiarum,
843 2477 904 2520 ita
935 2493 1111 2534 semper
1142 2477 1390 2520 timendum
1421 2493 1478 2522 ne
1507 2485 1661 2521 nostra
1689 2493 1746 2521 ex
1774 2487 1904 2535 parte

257 2555 456 2598 desimus
492 2556 608 2606 Deo,
649 2554 837 2608 eiusque
876 2553 1140 2610 operationi,
1188 2554 1566 2609 inuocandusque
1607 2569 1786 2611 semper
1829 2566 1902 2598 est

260 2635 404 2688 Xpus.
432 2632 478 2674 in
503 2631 664 2675 timore
689 2644 740 2673 ac
765 2631 869 2674 fide.

347 2711 413 2752 Ex
435 2724 571 2753 sensu
595 2708 774 2752 interno
796 2708 1070 2764 cognitionis
1091 2708 1190 2758 Dei,
1212 2723 1406 2764 magnus
1426 2716 1674 2764 prouentus
1691 2708 1892 2764 spiritus.

344 2786 494 2837 Fides,
521 2784 722 2828 omnium
746 2786 965 2826 bonarum
990 2784 1310 2839 operationum¹
1328 2793 1373 2827 et
1396 2785 1542 2827 omnis
1564 2785 1900 2828 iustificationis

256 2863 538 2918 principium,
560 2862 680 2917 quod
698 2876 751 2905 ex
771 2875 906 2904 sensu
925 2861 1022 2903 eius
1039 2860 1324 2914 intelligitur.
1346 2862 1461 2903 Nam
1480 2862 1714 2905 charitatis
1733 2876 1898 2905 sensus=

329 3030 335 3047 ¹
393 3031 512 3075 Luc„
534 3030 585 3074 X,
608 3030 663 3068 ιὸ.
