2028 3426
643 227 915 262 MONUMENTA
945 226 1211 261 I‘rALIAE—lo
1630 235 1692 272 147

7 366 9 369 .
71 374 79 380 ,
112 331 278 376 sentiat
299 331 349 372 P.
377 331 458 372 ΒΟ.
480 343 579 378 esse
596 329 762 372 debere
779 327 1059 379 charitatem3
1083 328 1204 381 quod
1233 327 1271 371 si
1292 327 1354 369 ita
1377 327 1668 382 intelligeret,
1691 334 1740 370 ut

110 407 309 450 charitas
331 406 541 462 princeps
565 411 685 448 esset
705 404 752 446 in
774 404 1091 459 gubernando,
1118 410 1323 447 uteretur
1353 417 1461 445 uero
1495 402 1741 444 uirtutibus

114 483 335 535 omnibus,
361 496 413 525 ac
436 481 667 533 ministris,
689 481 765 535 qui
788 481 844 523 ad
867 487 1035 523 rectam
1058 480 1433 536 gubernationem
1449 486 1570 522 ,sunt
1594 487 1638 521 et
1662 494 1740 522 ne-

114 559 293 605 cessarii
310 566 354 602 et
380 557 528 611 utiles,
554 569 650 599 non·
671 558 778 600 sede
801 563 993 600 uacante
1016 556 1179 608 solum,
1205 557 1285 599 sed
1302 570 1534 610 nunquam
1558 570 1648 597 non
1668 556 1741 596 de-

39 655 76 689 5,
115 638 230 680 beret
251 636 508 691 gubernare
537 633 796 676 huiusmodi
833 635 1030 676 charitas
1067 635 1156 675 hoc
1183 632 1395 676 satellitio
1427 639 1594 675 ornata.
1629 633 1738 684 Sed,

112 728 215 756 cum
237 726 324 767 ego
347 710 728 754 commeminerim
753 713 805 754 P.
834 713 932 763 130„
958 725 1061 753 cum
1091 709 1235 753 obiter
1266 717 1283 734 ³·
1311 716 1429 752 esset
1457 709 1741 765 praepositus

110 788 293 845 collegii
314 787 620 843 neapolitani,
647 787 709 830 ita
731 782 914 829 solitum
939 788 1194 843 gubernare
1225 787 1400 837 fratres,
1429 782 1493 837 ut,
1520 786 1741 842 neglectis

114 865 325 910 omnibus
349 864 536 920 regulis,
562 879 641 919 per
665 864 931 907 charitatem
963 871 1137 906 tantum
1168 863 1338 906 diceret
1366 863 1513 905 omnia
1544 863 1736 918 agenda;

114 957 232 986 nunc
251 957 360 986 uero
385 948 429 984 et
458 942 649 997 regulas,
662 948 707 984 et
735 940 1088 984 constitutiones
1117 955 1273 982 omnes
1302 939 1489 995 rejiciat,
1522 939 1738 983 vicarium

92 1021 317 1076 abroget,
343 1032 498 1061 omnes
527 1017 780 1073 superiores
809 1018 1038 1073 explodat,
1067 1017 1290 1071 relinquat
1318 1016 1363 1058 in
1394 1031 1560 1072 magna
1590 1017 1738 1071 Baby-

94 1096 214 1138 ,lone
257 1094 545 1146 Societatem,
586 1108 775 1148 eamque
813 1093 922 1137 uelit
960 1093 1266 1138 aristocratice
1304 1093 1566 1148 gubernari,
1609 1092 1737 1135 facile

51 1171 65 1182 “
112 1172 266 1228 colligi
280 1174 422 1226 potest
444 1185 522 1226 per
544 1185 641 1214 eam
665 1169 682 1195 b
712 1170 979 1213 charitatem
1020 1170 1144 1212 illum
1178 1184 1373 1213 censere
1393 1170 1734 1225 gubernandam

112 1262 212 1291 esse
234 1247 505 1291 Societatem
529 1246 802 1298 Vniuersam,
828 1261 943 1301 quae
967 1253 1012 1288 et
1034 1246 1142 1288 alias
1167 1246 1358 1288 uirtutes
1381 1254 1425 1289 et
1447 1245 1736 1288 administros

113 1323 320 1379 negligit:
360 1325 477 1366 hanc
514 1338 622 1366 vero
658 1323 922 1365 charitatem
961 1323 1063 1377 quis
1102 1324 1343 1378 agnoscat?
1379 1324 1495 1364 hanc
1533 1321 1734 1377 politiam

108 1399 210 1454 quis
233 1401 391 1455 probet
415 1402 450 1441 0?
473 1401 563 1443 Sed
586 1400 959 1452 haec'hactenus;
986 1400 1086 1454 plus
1110 1399 1218 1442 satis
1241 1385 1278 1441 si
1300 1414 1392 1441 rem
1416 1398 1558 1454 ipsam
1581 1406 1626 1440 et
1648 1412 1732 1440 nos

47 1508 51 1512 -
107 1484 376 1532 spectemus.
404 1476 585 1520 Vtinam
609 1475 718 1518 satis
742 1477 881 1518 multa
904 1476 959 1519 ad
979 1476 1079 1518 Ba!

884 1595 958 1636 1ss
1090 1631 1094 1639 .

475 1679 535 1718 P.
586 1677 938 1733 JOANNIS
994 1676 1357 1719 POLANCI

715 1766 718 1771 '
772 1778 1074 1808 ATTESTATIO

618 1866 775 1904 ROMAE,
799 1866 842 1902 25
860 1867 1053 1900 JANUARII
1074 1857 1164 1902 1558
1187 1858 1210 1891 ⁶.

103 1940 301 1976 Polancus
319 1943 355 1976 et
374 1941 534 1975 Natalis
552 1943 720 1976 mentem
740 1940 888 1975 summi
903 1940 1118 1987 pontificis,
1138 1942 1184 1975 de
1205 1952 1372 1975 numero
1387 1939 1661 1986 professorum
1680 1940 1734 1974 ad

267 1999 619 2046 congregationem
643 2001 1001 2041 convocandorum,
1026 1999 1162 2035 Lainii
1177 1995 1309 2045 jussit,
1336 2000 1567 2045 exquirunt.

877 2081 959 2166 Jirs.

134 2185 140 2190 ⁴
193 2206 282 2248 Alli
306 2217 358 2260 25
384 2207 439 2248 de
456 2207 641 2248 Genaro
670 2206 795 2259 1558,
822 2205 1078 2247 andassimo
1097 2206 1140 2247 al
1157 2207 1264 2248 ΚΜ
1282 2205 1510 2248 cardinale
1527 2204 1705 2247 Alexan
1721 2230 1731 2234 -

105 2282 234 2325 drino
256 2284 289 2336 ⁶²,
315 2297 399 2325 con
424 2281 580 2324 ordine
602 2282 658 2323 de
681 2289 836 2323 nostro
860 2282 1006 2324 Padre
1028 2281 1215 2333 vicario,
1241 2281 1271 2323 il
1291 2283 1342 2324 P.
1366 2283 1500 2323 Mtro.
1523 2281 1669 2324 Nadal
1687 2286 1732 2323 et

134 2416 137 2418 -
175 2406 192 2422 a
244 2395 396 2439 Obiter,
414 2394 587 2429 additum
620 2394 658 2428 in
689 2393 862 2439 margine
893 2393 1051 2429 Polanci
1083 2405 1211 2428 manu.
1263 2394 1328 2420 —b
1354 2393 1472 2427 illam
1498 2403 1631 2438 apogr.
1684 2411 1730 2416 —-

103 2461 122 2480 *e
146 2454 251 2489 Haec
270 2464 410 2489 novem
426 2453 546 2488 verba
565 2458 655 2487 sunt
672 2452 828 2487 Polanei
848 2464 963 2487 manu
978 2452 1017 2499 in
1035 2452 1210 2497 margine
1227 2451 1371 2486 addita.
1398 2450 1548 2486 Natalis
1568 2450 1730 2496 scripse-

105 2516 173 2546 rat:
194 2513 302 2548 chec
323 2524 419 2548 uero
433 2511 580 2558 politia
601 2523 648 2546 ue
666 2523 691 2545 a
709 2511 982 2546 saecularibus
1000 2511 1161 2557 quidem
1176 2511 1346 2557 probari
1360 2513 1501 2556 potest.

176 2612 185 2633 ¹
237 2613 293 2647 Ex
316 2609 570 2658 autographo,
589 2610 628 2646 in
652 2611 786 2646 codice
813 2612 874 2646 De
898 2612 1013 2647 rebus
1042 2623 1181 2659 congr.
1199 2623 1292 2658 gen.
1326 2611 1361 2645 I·
1373 2611 1416 2657 V,
1436 2610 1550 2644 unico
1574 2609 1652 2654 fol„
1686 2618 1727 2652 14

62 2693 68 2698 -
102 2670 178 2714 (46,
201 2671 278 2717 182,
303 2673 397 2715 112).
419 2671 625 2715 Nonnulla,
647 2681 745 2716 quae
761 2669 800 2704 in
817 2671 888 2705 hoc
907 2676 1156 2705 monumento
1170 2669 1249 2715 legi
1267 2680 1344 2704 non
1363 2674 1541 2715 possunt,
1562 2679 1607 2702 eo
1624 2667 1727 2714 quod

109 2739 306 2775 perperam
324 2741 346 2764 a
369 2729 457 2764 libri
475 2727 735 2773 compositore
760 2733 891 2763 assuta
909 2728 1027 2764 fuerit
1044 2730 1140 2764 haec
1163 2729 1309 2773 charta,
1330 2727 1431 2762 intra
1455 2726 1617 2761 uncinos
1640 2738 1727 2772 sup·

99 2788 245 2833 *plenda
262 2788 457 2824 duximus.
477 2786 653 2831 Quanam
672 2800 765 2823 vero
784 2789 988 2824 occasione
1006 2789 1078 2823 hoc
1092 2788 1277 2834 scriptum
1292 2788 1482 2822 Polancus
1502 2786 1726 2820 lucubrave-

106 2846 169 2893 rit,
189 2847 310 2882 videri
327 2851 457 2893 potest
475 2846 515 2880 in
541 2845 685 2881 Natal.
706 2848 920 2893 ephemer„
939 2848 1066 2893 Epist.
1089 2848 1137 2883 P.
1163 2846 1314 2887 Nadal,
1333 2845 1385 2890 11,
1416 2854 1471 2890 14,
1491 2852 1549 2888 54;
1570 2848 1608 2877 et
1626 2842 1726 2888 apud

105 2904 349 2951 Sacchinum,
369 2907 441 2942 loc.
463 2904 554 2949 cit.‚
575 2910 677 2950 part.
701 2905 749 2950 Il,
769 2906 837 2941 lib.
861 2915 891 2950 1,
912 2919 950 2941 n.
970 2907 1029 2951 76.

175 2964 205 2985 2'
238 2964 275 2999 Is
300 2969 382 2999 erat
412 2962 577 2997 Michael
608 2962 801 2999 Gislerius
826 2964 1058 3011 (Ghislieri),
1079 2969 1214 3011 postea
1244 2962 1421 3010 pontifex
1448 2971 1628 2995 romanus
1653 2959 1727 2994 sub

55 3058 59 3071 ι
103 3022 261 3058 nomine
278 3023 338 3058 Pii
358 3025 405 3059 V.
