2028 3426
737 213 916 249 No‘rmA
943 222 1132 250 conicum
1655 229 1694 265 15

120 315 172 353 do
192 327 217 363 y
239 315 290 352 de
311 315 520 362 qualquier
539 327 738 353 manera.»
762 315 848 353 Fol.
869 325 932 361 9v:
958 316 1062 352 «Las
1082 327 1199 353 cosas
1220 329 1299 364 que
1320 330 1394 354 son
1415 321 1742 358 encomendadas

119 387 154 423 al
174 397 328 423 mesmo
349 386 540 431 Polanco,
561 397 679 423 como
700 386 986 434 procurador.»
1015 392 1105 424 Lum
1123 387 1343 425 «Procurar
1358 389 1500 426 ciertas
1522 392 1737 438 gracias...»

118 463 236 496 20.¹¹¹¹¹
259 457 344 493 «De
364 457 422 493 135
443 458 750 494 constitutiones
770 457 835 494 del
855 458 938 495 Sto.
959 458 1220 505 Sepulchro.»
1238 459 1482 506 Sequuntur,
1498 462 1536 497 in
1554 462 1655 499 foliis
1677 474 1740 501 10-

121 538 178 574 12,
207 529 245 565 hi
271 528 382 564 tituli:
417 527 564 565 «Otros
594 528 749 565 officios
779 540 858 576 que
889 540 931 565 se
958 534 1200 567 cometten...
1232 530 1254 566 a
1284 530 1568 569 Polanco...»-
1588 533 1672 570 «De
1702 535 1739 570 lo

116 611 194 647 que
214 610 264 647 ay
284 610 334 635 en
355 610 450 635 casa
471 610 550 646 que
571 600 926 646 proueer.»——<‹En
948 600 1006 636 las
1027 611 1144 637 cosas
1170 601 1668 648 temporales.»-—«Fuera
1689 606 1740 641 de

56 679 60 684 ·
114 670 280 707 Roma.»
312 669 545 717 Sequuntur
572 670 673 707 tituli
706 671 909 708 variorum
943 671 1217 719 collegiorum.
1249 672 1344 709 Des.
1381 673 1447 711 fol.
1488 683 1543 719 13:
1583 687 1739 722 ‹<...para

111 745 190 778 tres
221 741 244 777 ό
274 746 417 787 quatro
448 741 471 777 ό
500 741 623 778 11135.»
656 742 722 777 Ex
751 742 872 778 rebus
899 742 938 778 in
965 738 1043 779 hoc
1070 743 1290 779 memoriali
1312 745 1525 790 annotatis,
1546 745 1643 782 illud
1664 746 1738 782 sub

113 824 261 849 annum
297 818 394 857 1552
429 813 621 859 scriptum
650 812 772 849 fuisse
801 813 972 859 videtur,
1002 818 1219 860 antequam
1249 814 1402 851 scilicet
1431 816 1738 854 constitutiones

75 911 77 913 .
111 889 224 920 extra
244 882 397 919 Urbem
416 883 776 932 promulgarentur.

187 964 224 999 9.
282 953 456 1002 «Reglas
476 965 573 1001 para
593 954 793 991 exercitar
812 954 873 991 105
894 954 1079 991 subditos
1100 967 1150 991 en
1177 955 1213 992 la
1241 955 1480 993 obediencia
1500 970 1525 1005 y
1547 964 1653 996 otras
1674 972 1736 996 re-

109 1025 205 1075 glaS,
227 1025 278 1061 ad
305 1032 440 1071 1554.»
464 1024 547 1061 Sub
568 1026 645 1062 hoc
666 1025 780 1062 titulo
801 1025 1001 1062 habentur
1025 1027 1133 1063 varia
1159 1028 1323 1072 monita,
1345 1027 1397 1064 de
1426 1029 1593 1075 ratione,
1616 1042 1737 1077 quam

108 1096 383 1133 moderatores
418 1107 578 1132 servare
613 1096 765 1133 debent
791 1108 886 1146 erga
921 1097 1119 1143 subditos,
1140 1103 1179 1134 et
1204 1099 1243 1134 hi
1274 1110 1369 1147 erga
1395 1099 1494 1136 illos.
1523 1100 1737 1138 Habentur

108 1173 314 1216 praeterea
333 1167 498 1216 regulae
517 1167 754 1213 modestiae,
775 1180 856 1204 non
878 1169 1010 1215 prouti
1037 1174 1179 1216 postea
1206 1169 1447 1207 emendatae
1474 1171 1646 1218 fuerunt,
1663 1174 1736 1209 sed

107 1239 233 1286 prima
254 1250 348 1275 cura
369 1239 563 1287 digestae.
584 1239 666 1276 Inc.
691 1238 828 1276 «Cada
849 1244 992 1285 rector,
1013 1241 1207 1286 ministro,
1228 1247 1404 1278 maestro
1421 1242 1473 1278 de
1487 1244 1734 1290 novicios...»

106 1309 200 1346 Des.
225 1322 314 1357 «...y
342 1321 566 1357 supremos,
593 1323 618 1358 y
652 1322 770 1347 como
800 1312 1065 1358 superiores.»
1095 1311 1202 1348 Inter
1228 1313 1328 1349 haec
1355 1314 1507 1350 monita
1539 1314 1739 1351 habentur

107 1380 306 1428 quaedam
326 1386 467 1417 notatu
487 1381 622 1430 digna,
643 1380 791 1428 quibus
811 1382 875 1418 hic
900 1382 1038 1418 titulus
1067 1382 1273 1429 praefixus
1303 1383 1386 1420 fuit:
1411 1371 1570 1421 «Modo.
1584 1385 1636 1422 de
1655 1391 1735 1422 tra-

104 1456 165 1488 tar
185 1452 209 1488 ό
229 1453 420 1500 negociar
440 1463 517 1488 con
540 1452 774 1499 qualquiera
796 1453 991 1499 superior,
1019 1464 1098 1500 que
1126 1454 1214 1490 hizo
1240 1459 1405 1491 nuestro
1433 1455 1563 1492 Padre
1590 1456 1626 1492 el
1651 1456 1734 1492 De-

106 1522 281 1559 ciembre
303 1530 439 1569 1554.»
462 1523 545 1560 Ine.
569 1523 641 1559 «El
662 1535 741 1570 que
763 1524 813 1559 ha
834 1523 885 1560 de
906 1528 1028 1560 tratar
1055 1535 1131 1560 con
1159 1536 1206 1561 su
1232 1526 1426 1572 superior,
1447 1531 1559 1574 traya
1586 1527 1642 1563 las
1664 1539 1733 1564 co-

103 1605 167 1630 sas
187 1593 429 1643 digestas...»
452 1594 548 1631 Des.
578 1595 857 1642 «...prouecho
885 1595 1062 1642 spiritual
1090 1595 1141 1631 de
1163 1595 1220 1632 las
1249 1596 1413 1633 animas.
1445 1597 1593 1634 Finis.»
1616 1599 1732 1635 Haec

99 1665 319 1711 instructio,
339 1665 391 1702 ad
418 1666 595 1714 linguam
621 1666 793 1702 italicam
820 1677 1030 1712 conversa,
1058 1667 1231 1703 habetur
1250 1668 1289 1703 in
1317 1667 1461 1705 codice
1482 1667 1652 1706 Miscell.
1685 1670 1732 1706 de

102 1736 200 1772 Inst.
223 1736 256 1781 l,
279 1749 316 1773 n.
337 1738 373 1773 6.
401 1737 467 1773 Ad
494 1737 646 1774 calcem
675 1738 793 1785 hujus
821 1737 1004 1785 opusculi
1026 1743 1087 1774 est
1111 1738 1413 1776 «Distributio...
1435 1751 1457 1776 a
1484 1740 1535 1776 1.⁰
1558 1741 1623 1777 die
1641 1741 1730 1788 Julii

105 1808 202 1856 1576
221 1819 293 1855 pro
314 1808 423 1844 uictu
445 1813 483 1845 et
510 1809 658 1845 amictu
683 1809 954 1856 procuratoris
980 1809 1179 1858 generalis
1207 1815 1246 1846 et
1272 1809 1446 1847 duorum
1472 1811 1726 1849 Sociorum.»

107 1878 338 1925 Sequuntur
364 1879 462 1916 aliae
490 1891 710 1927 expensae,
742 1880 896 1916 Romae
923 1891 945 1916 a
975 1885 1236 1927 procuratore
1266 1881 1490 1927 faciendae,
1518 1887 1558 1918 et
1583 1882 1729 1919 tabella

104 1955 350 1987 scutatorum
371 1962 392 1987 a
414 1951 580 2000 singulis
600 1951 818 1998 provinciis
839 1951 891 1987 illi
913 1951 1214 1988 solvendorum.
1750 1941 1754 1945 ⁸

186 2032 243 2057 10.
303 2022 453 2058 «Modo
475 2022 527 2058 de
548 2027 670 2058 tratar
691 2022 726 2058 el
747 2022 930 2069 superior
949 2033 1027 2059 con
1048 2023 1107 2059 los
1129 2023 1279 2059 Padres
1299 2035 1325 2070 y
1347 2024 1606 2064 hermanOS.»
1629 2024 1730 2062 Sunt

102 2093 300 2139 quaedam
321 2093 484 2142 regulae
505 2093 556 2129 de
577 2093 701 2129 modo
723 2093 990 2142 gubernandi,
1013 2094 1239 2130 secundum
1258 2095 1456 2131 rationem
1472 2096 1639 2132 instituti
1655 2096 1724 2133 So-

99 2164 251 2201 cietatis
269 2164 378 2211 Jesu.
403 2164 519 2200 Initio
540 2165 653 2209 haec,
675 2163 829 2200 Natalis
849 2176 983 2209 manu,
1004 2169 1141 2200 notata
1158 2164 1369 2201 habentur:
1389 2166 1473 2202 «R»
1498 2163 1726 2217 [Regulae?]

75 2273 79 2276 ,
105 2233 182 2270 «1²»
213 2233 453 2285 [Ignatius?].
477 2235 561 2271 «L»
593 2233 791 2286 [Laineff]
822 2235 906 2272 Sex
932 2235 1036 2272 foliis
1063 2236 1140 2272 hae
1160 2236 1324 2284 regulae
1345 2237 1614 2283 continentur,
1636 2243 1675 2274 et
1706 2249 1727 2273 a

98 2305 272 2352 Jimenez
293 2311 484 2343 exaratae
504 2306 666 2343 fuerunt
685 2310 726 2342 et
744 2317 767 2342 a
794 2306 924 2343 Natali
952 2306 1202 2351 emendatae,
1224 2312 1345 2354 prout
1364 2319 1445 2344 una
1463 2308 1589 2355 ipsius
1610 2314 1725 2345 auto-

99 2377 250 2425 grapha
284 2377 514 2413 emendatio
540 2377 718 2413 indicare
745 2377 916 2423 videtur3
944 2389 1037 2414 nam
1065 2377 1177 2423 aliae,
1204 2379 1343 2427 ignota
1369 2390 1491 2416 manu
1523 2384 1726 2424 exaratae,

98 2448 359 2494 reperiuntur.
381 2448 466 2486 Ine.
493 2458 552 2484 «Ι.
574 2447 809 2484 Acue'rdese
837 2448 873 2484 el
900 2449 1153 2496 superior...»
1181 2448 1277 2485 Des.
1307 2456 1423 2496 «54...
1447 2450 1485 2486 lo
1507 2461 1586 2497 que
1606 2451 1643 2486 le
1662 2462 1724 2487 re-

98 2517 221 2554 fieren
241 2519 301 2554 sin
321 2530 420 2567 gran
445 2523 619 2555 recato.»
652 2519 748 2555 Post
773 2519 906 2566 aliqua
933 2519 1026 2566 fojia
1055 2531 1167 2567 pura,
1195 2519 1367 2557 habetur
1391 2520 1559 2557 alterum
1585 2532 1724 2558 exem-

99 2588 208 2635 plum
229 2589 463 2626 earumdem
496 2589 737 2638 regularum,
767 2589 819 2626 ab
853 2591 994 2639 ignoto
1028 2590 1188 2627 librario
1216 2591 1422 2638 scriptum,
1446 2597 1540 2639 post
1573 2592 1724 2629 Natalis

99 2660 418 2706 emendationes,
439 2672 541 2708 quas
563 2661 729 2708 quidem
749 2661 930 2698 librarius
951 2661 1150 2699 adhibuit.

183 2741 197 2767 1
210 2741 239 2768 1.
299 2731 383 2768 «La
403 2731 530 2768 forma
550 2744 576 2780 y
597 2731 725 2768 orden
741 2743 821 2779 que
843 2732 1070 2781 guardaran
1091 2733 1152 2770 105
1172 2733 1410 2770 secretarios
1427 2733 1478 2769 de
1495 2733 1531 2770 13
1547 2732 1721 2781 Compa-

99 2804 175 2848 fn'a,
201 2803 390 2839 mientras
417 2809 460 2839 se
495 2803 593 2839 haze
628 2803 665 2838 el
699 2802 834 2840 officio
867 2803 932 2840 del
961 2805 1215 2841 secretario.»
1250 2804 1398 2852 Supra,
1424 2805 1561 2853 ignota
1586 2816 1720 2850 manu,

96 2878 262 2910 exarata
282 2879 343 2910 est
362 2874 464 2910 haec
490 2874 707 2921 inscriptio:
738 2874 808 2911 «Ρ.
832 2874 1047 2911 Ρο131160.»
1076 2875 1158 2912 Inc.
1188 2885 1249 2912 «1.
1271 2875 1333 2911 En
1362 2875 1422 2912 105
1452 2875 1669 2911 sacrificios
1695 2888 1719 2923 y

98 2944 372 2982 oraciones...»
393 2944 494 2981 Des.
524 2945 632 2982 «...13
665 2945 800 2982 buena
830 2945 1114 2993 expedicion.»
1143 2945 1245 2982 Tres
1274 2947 1442 2995 paginas
1468 2951 1624 2982 tantum
1646 2946 1716 2982 ha-

97 3013 176 3052 bet.
197 3015 242 3051 In
261 3015 318 3061 4³
338 3015 439 3052 haec
460 3015 576 3052 adest
595 3016 813 3064 inscriptio:
837 3000 923 3052 «De
944 3016 1079 3054 officio
1106 3017 1345 3054 secretarii.»
1373 3016 1518 3053 Manus
1543 3027 1632 3053 esse
1658 3016 1717 3053 vi-
