2028 3426
370 183 438 226 506
841 186 995 221 Purus
1021 185 1265 220 Hxssnonvm
1291 183 1442 219 NADAL

1990 0 2028 194 Ξ

320 299 438 340 quae
462 287 531 331 2.1Ξι
555 300 682 343 parte
705 286 1079 330 constitutionum
1111 286 1321 329 habetur:
1347 294 1533 340 possent
1563 291 1716 328 tamen
1738 283 1955 330 adiuuare
2011 294 2021 344 ‘j

321 363 378 406 ad
400 362 732 418 executionem,
757 370 801 409 et
824 364 880 406 ad
903 363 1042 406 dubia
1066 363 1278 414 tollenda,
1311 362 1497 418 regulae
1525 360 1644 413 illae,
1678 375 1794 417 quae
1824 360 1954 403 addi-

321 447 392 483 tae
414 448 520 484 sunt
543 441 588 484 in
611 441 796 497 antiquo
822 440 1007 484 rectoris
1029 439 1199 492 officio,
1225 446 1270 483 et
1292 438 1549 490 instructio,
1576 452 1693 493 quae
1721 437 1950 494 superius,
2017 446 2021 452 '

321 517 395 559 fol.
418 529 472 571 77
502 520 529 570 ¹,
549 523 630 564 397
647 518 750 560 data
773 525 840 573 est
863 516 1188 573 superioribus,
1208 516 1265 558 de
1287 529 1342 559 eo
1359 516 1738 571 quemadmodum
1757 515 1952 559 debeant

318 608 422 638 cum
445 595 639 638 subditis
662 610 711 638 se
734 609 908 649 gerere,
935 601 979 638 et
1003 593 1113 637 illud
1136 601 1385 649 praeterea,
1412 593 1535 648 quod
1564 592 1627 643 hi,
1659 591 1736 648 qui
1761 606 1850 635 non
1880 605 1954 634 sa·
2005 644 2009 650 Δ

318 672 565 723 tisfaciunt,
594 686 682 714 non
705 671 967 727 simpliciter
989 670 1089 715 eiici
1112 671 1295 722 debent,
1317 669 1423 725 quia
1440 683 1530 712 non
1549 668 1850 721 satisfaciunt,
1871 668 1952 713 sed
2011 676 2014 681 '

315 749 422 803 quia
449 749 643 793 finaliter
672 764 762 791 non
790 747 1092 799 satisfaciunt,
1124 750 1211 791 hoc
1240 755 1325 800 est,
1357 747 1527 789 nullam
1557 761 1681 802 spem
1715 747 1948 802 praebent,
1987 772 2007 804 ·.

316 834 394 869 aut
416 840 513 868 eam
540 825 849 881 perexiguam,
874 826 998 880 quod
1020 824 1225 868 adiuuari
1249 823 1438 880 possint,
1464 823 1549 867 nisi
1579 838 1683 866 cum
1710 837 1874 879 magna
1903 830 1949 866 et

315 903 669 946 extraordinaria
691 901 978 946 difficultate.
1000 901 1157 945 Maiori
1177 909 1327 944 autem
1347 901 1560 944 facilitate
1579 899 1741 956 expelli
1760 907 1950 956 possunt
2003 899 2013 906 ”

313 988 358 1023 et
394 981 561 1024 debent
600 980 651 1032 ii,
693 979 769 1035 qui
807 987 914 1023 sunt
951 978 1205 1022 scandalosi
1244 992 1328 1023 nec
1365 978 1679 1030 emendantur;
1720 976 1949 1020 difficilius

313 1069 465 1101 autem
489 1056 634 1113 pueri,
661 1072 793 1112 quam
819 1057 1018 1113 grandes
1048 1063 1212 1108 aetate,
1239 1055 1345 1111 quia
1368 1055 1519 1098 minus
1546 1054 1715 1097 iudicio
1731 1053 1948 1098 'videntur

312 1135 478 1186 valere,
505 1142 550 1178 et
572 1135 680 1177 dum
705 1135 974 1186 tolerantur,
1000 1141 1045 1178 et
1068 1132 1376 1190 poenitentiae
1406 1132 1494 1175 illis
1515 1127 1836 1187 iniunguntur,
1867 1145 1947 1174 eos

311 1211 522 1254 lucrifieri
545 1226 680 1267 saepe
702 1220 981 1268 compertum
1006 1219 1091 1263 est,
1117 1225 1201 1254 nec
1225 1225 1325 1253 raro
1348 1209 1592 1265 contingit,
1618 1216 1683 1261 vt,
1704 1208 1781 1263 qui
1803 1208 1946 1252 maio-

312 1289 371 1331 ris
394 1288 483 1331 sint
512 1288 760 1331 habilitatis
788 1288 933 1345 pueri,
966 1287 1115 1344 magis
1146 1296 1404 1331 transuerse
1431 1293 1588 1343 agant,
1614 1292 1751 1341 atque
1780 1285 1809 1327 ii
1837 1292 1945 1328 sunt

310 1366 456 1422 magis
478 1365 740 1422 adiuuandi,
766 1380 850 1409 nec
872 1365 1225 1421 despondendus
1248 1364 1427 1406 animus
1449 1364 1505 1406 de
1529 1363 1615 1406 illis
1637 1369 1707 1405 est
1731 1362 1875 1405 facile.

399 1443 490 1498 Qui
513 1443 570 1485 ad
593 1442 867 1487 Societatem
891 1442 1186 1498 recipiuntur,
1219 1449 1265 1484 et
1294 1448 1559 1484 constantes
1587 1447 1694 1482 sunt
1725 1438 1771 1481 in
1804 1452 1943 1482 voca-

309 1519 446 1572 tione,
473 1520 679 1562 nituntur
702 1534 812 1564 vero
836 1528 883 1562 vt
905 1519 951 1561 in
973 1518 1184 1562 omnibus
1206 1533 1255 1562 se
1276 1518 1618 1561 accommodent
1635 1521 1717 1562 398
1735 1515 1943 1559 instituto

306 1597 547 1641 Societatis
569 1605 615 1641 et
637 1596 938 1650 obedientiae,
963 1596 999 1639 si
1024 1596 1218 1652 aliquam
1243 1595 1559 1639 difficultatem
1590 1593 1837 1650 patiantur,
1870 1593 1943 1636 vel

307 1674 476 1727 iudicii,
503 1675 575 1718 vel
597 1673 959 1726 consuetudinis,
987 1688 1121 1729 quam
1146 1672 1389 1716 habuerint
1411 1672 1457 1714 in
1481 1673 1652 1724 seculo,
1684 1671 1806 1727 quod
1827 1670 1943 1714 solet

307 1751 361 1794 iis
384 1752 584 1804 euenire,
606 1751 683 1807 qui
705 1751 847 1795 adulti
870 1752 926 1794 ad
950 1765 1032 1794 nos
1055 1758 1294 1803 venerunt;
1321 1751 1379 1794 de
1402 1749 1474 1792 his
1497 1763 1586 1791 non
1606 1756 1844 1804 propterea
1860 1748 1933 1792 de-

306 1830 602 1884 spondendus
624 1836 692 1873 est
715 1828 907 1880 animus,
934 1836 979 1873 et
1002 1842 1161 1884 parum
1184 1827 1458 1883 sperandum
1481 1827 1538 1870 de
1567 1825 1676 1882 ipsis
1706 1823 1935 1867 iuuandis.

309 1904 410 1949 Sint
428 1919 592 1961 magna
611 1905 847 1958 charitate,
869 1913 913 1949 et
931 1903 1306 1961 magnanimitate
1323 1902 1593 1959 superiores;
1611 1916 1767 1945 verum
1784 1916 1940 1957 quam-

308 1982 385 2025 diu
408 1982 498 2025 sint
521 1983 774 2025 sustinendi
797 1982 841 2024 in
865 1982 1109 2034 Societate,
1136 1981 1180 2024 id
1204 1980 1421 2023 iudicabit
1443 1980 1663 2035 superior,
1689 1978 1766 2035 qui
1795 1979 1940 2021 facul-

307 2066 445 2102 tatem
469 2058 723 2104 dimittendi
745 2059 971 2112 habuerit;
997 2066 1042 2102 et
1064 2059 1121 2103 de
1143 2058 1213 2100 his
1235 2057 1435 2112 quidem,
1461 2056 1538 2111 qui
1561 2054 1820 2098 huiusmodi
1850 2054 1938 2098 dif-

308 2136 533 2179 ficultates
550 2135 798 2192 patiuntur,
820 2150 997 2191 semper
1014 2143 1133 2179 esset
1151 2135 1458 2178 consulendus
1476 2132 1782 2189 prouincialis,
1802 2131 1938 2175 etiam

307 2212 343 2254 si
367 2213 610 2256 haberetur
631 2212 797 2267 alioqui
823 2214 1014 2255 facultas
1036 2211 1306 2257 dimittendi.

396 2290 444 2334 Si
467 2290 753 2346 contingeret
775 2290 969 2345 aliquem
993 2291 1139 2334 bonae
1162 2289 1274 2345 spei,
1300 2296 1344 2332 et
1368 2288 1444 2345 qui
1468 2288 1578 2331 satis
1601 2287 1831 2332 videretur
1854 2300 1935 2329 no-

306 2374 399 2409 stro
421 2366 628 2409 instituto
652 2375 800 2423 aptus,
821 2366 964 2409 inscio
981 2366 1214 2422 superiore
1231 2366 1482 2418 discedere,
1503 2367 1762 2417 reducatur,
1783 2363 1819 2407 si
1839 2363 1936 2408 fieri

307 2444 487 2499 poterit,
512 2444 569 2486 ad
591 2443 851 2498 collegium,
876 2450 919 2486 et
943 2443 1180 2499 pristinum
1204 2442 1444 2486 obediendi
1474 2450 1660 2494 statum,
1693 2442 1829 2497 idque
1857 2441 1936 2483 fiat
1976 2488 1982 2492 ,

307 2520 431 2564 omni
455 2520 605 2563 studio
627 2528 672 2563 et
693 2519 944 2576 diligentia,
972 2519 1015 2561 vi
1037 2520 1170 2565 etiam
1195 2519 1412 2572 adhibita,
1439 2519 1475 2563 si
1498 2534 1612 2575 opus
1635 2518 1708 2571 sit,
1734 2531 1934 2574 praeser-

309 2597 385 2640 tim
409 2597 446 2641 si
470 2598 643 2654 absque
666 2598 878 2640 scandalo
907 2597 974 2639 vis
995 2601 1075 2642 399
1099 2597 1304 2641 adhiberi
1334 2611 1467 2653 posse
1496 2596 1739 2640 videretur.
1775 2597 1935 2638 Posset

305 2674 458 2730 itaque
480 2676 553 2719 vel
575 2688 654 2731 per
677 2682 871 2726 nostros,
896 2674 967 2716 vel
990 2673 1123 2717 etiam
1147 2688 1227 2729 per
1244 2674 1471 2717 seculares
1489 2674 1589 2729 capi
1608 2680 1653 2716 et
1669 2672 1791 2726 duci;
1813 2673 1934 2727 quod

304 2752 339 2795 si
364 2752 580 2795 reductus
602 2752 803 2806 domum,
829 2765 919 2793 non
942 2749 1073 2793 facile
1095 2751 1152 2792 ad
1174 2750 1477 2794 obediendum
1509 2751 1826 2801 adduceretur,
1859 2763 1932 2792 se-

305 2836 544 2873 moueatur
566 2830 622 2871 ab
645 2827 834 2871 aliorum
862 2827 1108 2879 consortio,
1143 2841 1194 2870 ac
1227 2826 1271 2869 in
1304 2827 1517 2870 cubiculo
1551 2827 1701 2881 aliquo
1733 2833 1928 2878 maneat,

376 2998 384 3016 ⁸
438 2997 532 3041 Pag.
551 2994 634 3040 397.
