<?xml version="1.0" encoding="UTF-8"?>
<!DOCTYPE html PUBLIC "-//W3C//DTD XHTML 1.0 Transitional//EN"
    "http://www.w3.org/TR/xhtml1/DTD/xhtml1-transitional.dtd">
<html xmlns="http://www.w3.org/1999/xhtml" xml:lang="en" lang="en">
 <head>
  <title>
</title>
<meta http-equiv="Content-Type" content="text/html;charset=utf-8" />
  <meta name='ocr-system' content='tesseract 3.04.00' />
  <meta name='ocr-capabilities' content='ocr_page ocr_carea ocr_par ocr_line ocrx_word'/>
</head>
<body>
  <div class='ocr_page' id='page_1' title='image "./epistolaephieron11nada/epistolaephieron11nada_0880.png"; bbox 0 0 2028 3426; ppageno 0'>
   <div class='ocr_carea' id='block_1_1' title="bbox 307 233 1279 285">
    <p class='ocr_par' dir='ltr' id='par_1_1' title="bbox 307 233 1279 285">
     <span class='ocr_line' id='line_1_1' title="bbox 307 233 1279 285; baseline -0.007 -9"><span class='ocrx_word' id='word_1_1' title='bbox 307 241 376 285; x_wconf 77' lang='lat'>854</span> <span class='ocrx_word' id='word_1_2' title='bbox 886 237 1024 271; x_wconf 75' lang='lat' dir='ltr'>EpisT.</span> <span class='ocrx_word' id='word_1_3' title='bbox 1054 235 1097 270; x_wconf 92' lang='lat' dir='ltr'>P.</span> <span class='ocrx_word' id='word_1_4' title='bbox 1127 233 1279 270; x_wconf 73' lang='lat' dir='ltr'>NADAL</span> 
     </span>
    </p>
   </div>
   <div class='ocr_carea' id='block_1_2' title="bbox 260 332 1969 2696">
    <p class='ocr_par' dir='ltr' id='par_1_2' title="bbox 260 332 1900 704">
     <span class='ocr_line' id='line_1_2' title="bbox 260 332 1895 399; baseline -0.006 -13"><span class='ocrx_word' id='word_1_5' title='bbox 260 350 450 399; x_wconf 85' lang='lat' dir='ltr'>spectet,</span> <span class='ocrx_word' id='word_1_6' title='bbox 476 340 584 395; x_wconf 90' lang='lat' dir='ltr'>quid</span> <span class='ocrx_word' id='word_1_7' title='bbox 608 346 842 395; x_wconf 90' lang='lat' dir='ltr'>sequatur,</span> <span class='ocrx_word' id='word_1_8' title='bbox 868 337 904 381; x_wconf 91' lang='lat' dir='ltr'>si</span> <span class='ocrx_word' id='word_1_9' title='bbox 929 352 1018 393; x_wconf 89' lang='lat' dir='ltr'>qua</span> <span class='ocrx_word' id='word_1_10' title='bbox 1040 346 1109 380; x_wconf 92' lang='lat' dir='ltr'>est</span> <span class='ocrx_word' id='word_1_11' title='bbox 1132 335 1394 388; x_wconf 84' lang='lat' dir='ltr'>declarati03</span> <span class='ocrx_word' id='word_1_12' title='bbox 1422 349 1512 378; x_wconf 91' lang='lat' dir='ltr'>non</span> <span class='ocrx_word' id='word_1_13' title='bbox 1537 333 1621 388; x_wconf 90' lang='lat' dir='ltr'>vis,</span> <span class='ocrx_word' id='word_1_14' title='bbox 1646 332 1799 386; x_wconf 90' lang='lat' dir='ltr'>Pater,</span> <span class='ocrx_word' id='word_1_15' title='bbox 1824 333 1895 376; x_wconf 88' lang='lat' dir='ltr'>in-</span> 
     </span>
     <span class='ocr_line' id='line_1_3' title="bbox 262 413 1895 485; baseline -0.006 -23"><span class='ocrx_word' id='word_1_16' title='bbox 262 420 482 475; x_wconf 84' lang='lat' dir='ltr'>telligere,</span> <span class='ocrx_word' id='word_1_17' title='bbox 510 427 557 460; x_wconf 87' lang='lat' dir='ltr'>vt</span> <span class='ocrx_word' id='word_1_18' title='bbox 580 419 696 485; x_wconf 81' lang='lat' dir='ltr'>bene</span> <span class='ocrx_word' id='word_1_19' title='bbox 720 430 831 472; x_wconf 85' lang='lat' dir='ltr'>agas</span> <span class='ocrx_word' id='word_1_20' title='bbox 856 414 1084 471; x_wconf 85' lang='lat' dir='ltr'>transigas</span> <span class='ocrx_word' id='word_1_21' title='bbox 1103 421 1205 457; x_wconf 88' lang='lat' dir='ltr'>tuas</span> <span class='ocrx_word' id='word_1_22' title='bbox 1221 426 1454 457; x_wconf 91' lang='lat' dir='ltr'>censuras.</span> <span class='ocrx_word' id='word_1_23' title='bbox 1482 413 1636 467; x_wconf 89' lang='lat' dir='ltr'>ltaque</span> <span class='ocrx_word' id='word_1_24' title='bbox 1659 425 1895 455; x_wconf 83' lang='lat' dir='ltr'><strong>necessum</strong></span> 
     </span>
     <span class='ocr_line' id='line_1_4' title="bbox 263 489 1898 548; baseline -0.007 -8"><span class='ocrx_word' id='word_1_25' title='bbox 263 505 330 541; x_wconf 90' lang='lat' dir='ltr'>est</span> <span class='ocrx_word' id='word_1_26' title='bbox 355 504 398 539; x_wconf 86' lang='lat' dir='ltr'>te</span> <span class='ocrx_word' id='word_1_27' title='bbox 423 496 604 537; x_wconf 88' lang='lat' dir='ltr'>tandem</span> <span class='ocrx_word' id='word_1_28' title='bbox 630 494 674 536; x_wconf 91' lang='lat' dir='ltr'>in</span> <span class='ocrx_word' id='word_1_29' title='bbox 697 493 934 548; x_wconf 90' lang='lat' dir='ltr'>scopulum</span> <span class='ocrx_word' id='word_1_30' title='bbox 959 491 1190 535; x_wconf 88' lang='lat' dir='ltr'>offendere</span> <span class='ocrx_word' id='word_1_31' title='bbox 1211 496 1255 533; x_wconf 79' lang='lat' dir='ltr'>et</span> <span class='ocrx_word' id='word_1_32' title='bbox 1279 489 1570 545; x_wconf 83' lang='lat' dir='ltr'>naufragium</span> <span class='ocrx_word' id='word_1_33' title='bbox 1601 495 1705 531; x_wconf 90' lang='lat' dir='ltr'>tuae</span> <span class='ocrx_word' id='word_1_34' title='bbox 1734 502 1898 532; x_wconf 88' lang='lat' dir='ltr'>censu-</span> 
     </span>
     <span class='ocr_line' id='line_1_5' title="bbox 263 565 1900 625; baseline -0.007 -9"><span class='ocrx_word' id='word_1_35' title='bbox 263 588 354 625; x_wconf 82' lang='lat' dir='ltr'>rae,</span> <span class='ocrx_word' id='word_1_36' title='bbox 382 571 553 623; x_wconf 89' lang='lat' dir='ltr'>iudicii,</span> <span class='ocrx_word' id='word_1_37' title='bbox 580 569 776 613; x_wconf 88' lang='lat' dir='ltr'>nominis</span> <span class='ocrx_word' id='word_1_38' title='bbox 799 568 864 612; x_wconf 85' lang='lat' dir='ltr'>tui</span> <span class='ocrx_word' id='word_1_39' title='bbox 888 571 1053 613; x_wconf 89' lang='lat' dir='ltr'>facere.</span> <span class='ocrx_word' id='word_1_40' title='bbox 1080 568 1171 612; x_wconf 90' lang='lat' dir='ltr'>Sed</span> <span class='ocrx_word' id='word_1_41' title='bbox 1190 581 1423 622; x_wconf 90' lang='lat' dir='ltr'>nunquam</span> <span class='ocrx_word' id='word_1_42' title='bbox 1442 567 1556 610; x_wconf 91' lang='lat' dir='ltr'>haec</span> <span class='ocrx_word' id='word_1_43' title='bbox 1574 566 1694 622; x_wconf 91' lang='lat' dir='ltr'>apud</span> <span class='ocrx_word' id='word_1_44' title='bbox 1711 579 1782 608; x_wconf 91' lang='lat' dir='ltr'>me</span> <span class='ocrx_word' id='word_1_45' title='bbox 1800 565 1900 620; x_wconf 86' lang='lat' dir='ltr'>plus</span> 
     </span>
     <span class='ocr_line' id='line_1_6' title="bbox 263 641 1799 704; baseline -0.006 -11"><span class='ocrx_word' id='word_1_46' title='bbox 263 651 482 693; x_wconf 64' lang='lat' dir='ltr'>valebunt</span> <span class='ocrx_word' id='word_1_47' title='bbox 505 663 640 704; x_wconf 86' lang='lat' dir='ltr'>quarn</span> <span class='ocrx_word' id='word_1_48' title='bbox 665 646 879 698; x_wconf 88' lang='lat' dir='ltr'>charitas,</span> <span class='ocrx_word' id='word_1_49' title='bbox 906 660 995 702; x_wconf 88' lang='lat' dir='ltr'>qua</span> <span class='ocrx_word' id='word_1_50' title='bbox 1017 659 1105 702; x_wconf 85' lang='lat' dir='ltr'>ego</span> <span class='ocrx_word' id='word_1_51' title='bbox 1128 653 1171 687; x_wconf 93' lang='lat' dir='ltr'>te</span> <span class='ocrx_word' id='word_1_52' title='bbox 1194 657 1443 700; x_wconf 89' lang='lat' dir='ltr'>prosequor</span> <span class='ocrx_word' id='word_1_53' title='bbox 1466 642 1511 686; x_wconf 93' lang='lat' dir='ltr'>in</span> <span class='ocrx_word' id='word_1_54' title='bbox 1534 642 1619 685; x_wconf 84' lang='grc' dir='ltr'>Χ.ο</span> <span class='ocrx_word' id='word_1_55' title='bbox 1644 643 1760 686; x_wconf 89' lang='lat' dir='ltr'>Iesu.</span> <span class='ocrx_word' id='word_1_56' title='bbox 1793 641 1799 698; x_wconf 85' lang='grc' dir='ltr'>Ι</span> 
     </span>
    </p>

    <p class='ocr_par' dir='ltr' id='par_1_3' title="bbox 260 709 1969 2696">
     <span class='ocr_line' id='line_1_7' title="bbox 354 709 1969 781; baseline -0.007 -11"><span class='ocrx_word' id='word_1_57' title='bbox 354 729 610 777; x_wconf 85' lang='lat' dir='ltr'>Postremo,</span> <span class='ocrx_word' id='word_1_58' title='bbox 637 725 759 781; x_wconf 88' lang='lat' dir='ltr'>quod</span> <span class='ocrx_word' id='word_1_59' title='bbox 782 723 998 780; x_wconf 89' lang='lat' dir='ltr'>intelligis</span> <span class='ocrx_word' id='word_1_60' title='bbox 1020 722 1147 778; x_wconf 89' lang='lat' dir='ltr'>loqui</span> <span class='ocrx_word' id='word_1_61' title='bbox 1170 736 1252 765; x_wconf 90' lang='lat' dir='ltr'>nos</span> <span class='ocrx_word' id='word_1_62' title='bbox 1274 723 1331 766; x_wconf 92' lang='lat' dir='ltr'>de</span> <span class='ocrx_word' id='word_1_63' title='bbox 1359 735 1513 764; x_wconf 91' lang='lat' dir='ltr'>amore</span> <span class='ocrx_word' id='word_1_64' title='bbox 1536 720 1628 773; x_wconf 89' lang='lat' dir='ltr'>illo,</span> <span class='ocrx_word' id='word_1_65' title='bbox 1654 719 1732 775; x_wconf 89' lang='lat' dir='ltr'>qui</span> <span class='ocrx_word' id='word_1_66' title='bbox 1755 718 1902 762; x_wconf 89' lang='lat' dir='ltr'>chari-</span> <span class='ocrx_word' id='word_1_67' title='bbox 1964 709 1969 711; x_wconf 37' lang='lat'>⁸</span> 
     </span>
     <span class='ocr_line' id='line_1_8' title="bbox 263 797 1902 858; baseline -0.005 -12"><span class='ocrx_word' id='word_1_68' title='bbox 263 812 369 856; x_wconf 81' lang='lat' dir='ltr'>tate,</span> <span class='ocrx_word' id='word_1_69' title='bbox 391 817 506 858; x_wconf 89' lang='lat' dir='ltr'>quae</span> <span class='ocrx_word' id='word_1_70' title='bbox 524 802 669 844; x_wconf 84' lang='lat' dir='ltr'>virtus</span> <span class='ocrx_word' id='word_1_71' title='bbox 687 808 754 845; x_wconf 88' lang='lat' dir='ltr'>est</span> <span class='ocrx_word' id='word_1_72' title='bbox 775 801 1003 856; x_wconf 89' lang='lat' dir='ltr'>theologa,</span> <span class='ocrx_word' id='word_1_73' title='bbox 1020 797 1336 856; x_wconf 83' lang='lat' dir='ltr'>proficiscitur3</span> <span class='ocrx_word' id='word_1_74' title='bbox 1353 805 1397 841; x_wconf 91' lang='lat' dir='ltr'>et</span> <span class='ocrx_word' id='word_1_75' title='bbox 1415 797 1704 848; x_wconf 91' lang='lat' dir='ltr'>confitemur,</span> <span class='ocrx_word' id='word_1_76' title='bbox 1726 804 1771 840; x_wconf 88' lang='lat' dir='ltr'>et</span> <span class='ocrx_word' id='word_1_77' title='bbox 1794 810 1902 838; x_wconf 79' lang='lat' dir='ltr'>con—</span> 
     </span>
     <span class='ocr_line' id='line_1_9' title="bbox 260 873 1902 934; baseline -0.005 -11"><span class='ocrx_word' id='word_1_78' title='bbox 260 881 541 923; x_wconf 78' lang='lat' dir='ltr'>tirmauirnus</span> <span class='ocrx_word' id='word_1_79' title='bbox 563 879 609 921; x_wconf 89' lang='lat' dir='ltr'>in</span> <span class='ocrx_word' id='word_1_80' title='bbox 633 877 960 934; x_wconf 87' lang='lat' dir='ltr'>superioribus,</span> <span class='ocrx_word' id='word_1_81' title='bbox 983 877 1056 932; x_wconf 93' lang='lat' dir='ltr'>pie</span> <span class='ocrx_word' id='word_1_82' title='bbox 1075 891 1157 919; x_wconf 89' lang='lat' dir='ltr'>nos</span> <span class='ocrx_word' id='word_1_83' title='bbox 1174 875 1219 918; x_wconf 91' lang='lat' dir='ltr'>id</span> <span class='ocrx_word' id='word_1_84' title='bbox 1238 876 1438 927; x_wconf 88' lang='lat' dir='ltr'>credere,</span> <span class='ocrx_word' id='word_1_85' title='bbox 1460 889 1624 930; x_wconf 80' lang='lat' dir='ltr'><strong>nempe</strong></span> <span class='ocrx_word' id='word_1_86' title='bbox 1641 873 1684 916; x_wconf 92' lang='lat' dir='ltr'>in</span> <span class='ocrx_word' id='word_1_87' title='bbox 1710 873 1796 916; x_wconf 91' lang='lat' dir='ltr'>illis</span> <span class='ocrx_word' id='word_1_88' title='bbox 1818 875 1902 916; x_wconf 90' lang='lat' dir='ltr'>ho—</span> 
     </span>
     <span class='ocr_line' id='line_1_10' title="bbox 261 950 1900 1012; baseline -0.006 -11"><span class='ocrx_word' id='word_1_89' title='bbox 261 958 471 1008; x_wconf 84' lang='lat' dir='ltr'>minibus,</span> <span class='ocrx_word' id='word_1_90' title='bbox 499 957 574 1011; x_wconf 88' lang='lat' dir='ltr'>qui</span> <span class='ocrx_word' id='word_1_91' title='bbox 600 970 679 1012; x_wconf 91' lang='lat' dir='ltr'>pro</span> <span class='ocrx_word' id='word_1_92' title='bbox 702 954 818 997; x_wconf 90' lang='lat' dir='ltr'>virili</span> <span class='ocrx_word' id='word_1_93' title='bbox 848 961 952 997; x_wconf 90' lang='lat' dir='ltr'>curn</span> <span class='ocrx_word' id='word_1_94' title='bbox 983 952 1056 996; x_wconf 53' lang='lat' dir='ltr'>X}</span> <span class='ocrx_word' id='word_1_95' title='bbox 1086 954 1186 997; x_wconf 92' lang='lat' dir='ltr'>Iesu</span> <span class='ocrx_word' id='word_1_96' title='bbox 1217 952 1365 1009; x_wconf 89' lang='lat' dir='ltr'>gratia</span> <span class='ocrx_word' id='word_1_97' title='bbox 1388 951 1675 1004; x_wconf 88' lang='lat' dir='ltr'>annituntur,</span> <span class='ocrx_word' id='word_1_98' title='bbox 1701 958 1749 992; x_wconf 92' lang='lat' dir='ltr'>vt</span> <span class='ocrx_word' id='word_1_99' title='bbox 1779 950 1900 992; x_wconf 85' lang='lat' dir='ltr'>illam</span> 
     </span>
     <span class='ocr_line' id='line_1_11' title="bbox 262 1027 1901 1090; baseline -0.005 -12"><span class='ocrx_word' id='word_1_100' title='bbox 262 1042 578 1090; x_wconf 76' lang='lat' dir='ltr'>assequantur,</span> <span class='ocrx_word' id='word_1_101' title='bbox 606 1034 676 1075; x_wconf 89' lang='lat' dir='ltr'>vel</span> <span class='ocrx_word' id='word_1_102' title='bbox 706 1039 997 1084; x_wconf 88' lang='lat' dir='ltr'>conseruent,</span> <span class='ocrx_word' id='word_1_103' title='bbox 1024 1029 1318 1074; x_wconf 78' lang='lat' dir='ltr'>sacramentis</span> <span class='ocrx_word' id='word_1_104' title='bbox 1341 1028 1570 1080; x_wconf 87' lang='lat' dir='ltr'>adhibitis,</span> <span class='ocrx_word' id='word_1_105' title='bbox 1597 1027 1901 1071; x_wconf 85' lang='lat' dir='ltr'>meditationi—</span> 
     </span>
     <span class='ocr_line' id='line_1_12' title="bbox 263 1103 1898 1166; baseline -0.004 -13"><span class='ocrx_word' id='word_1_106' title='bbox 263 1115 365 1166; x_wconf 83' lang='lat' dir='ltr'>bus,</span> <span class='ocrx_word' id='word_1_107' title='bbox 407 1110 563 1163; x_wconf 83' lang='lat' dir='ltr'>sacris,</span> <span class='ocrx_word' id='word_1_108' title='bbox 605 1109 903 1161; x_wconf 89' lang='lat' dir='ltr'>orationibus,</span> <span class='ocrx_word' id='word_1_109' title='bbox 929 1107 1136 1164; x_wconf 83' lang='lat' dir='ltr'>diligenti</span> <span class='ocrx_word' id='word_1_110' title='bbox 1174 1106 1324 1150; x_wconf 91' lang='lat' dir='ltr'>cordis</span> <span class='ocrx_word' id='word_1_111' title='bbox 1354 1120 1406 1148; x_wconf 88' lang='lat' dir='ltr'>ac</span> <span class='ocrx_word' id='word_1_112' title='bbox 1436 1119 1653 1149; x_wconf 90' lang='lat' dir='ltr'>sensuum</span> <span class='ocrx_word' id='word_1_113' title='bbox 1677 1103 1898 1155; x_wconf 90' lang='lat' dir='ltr'>custodia,</span> 
     </span>
     <span class='ocr_line' id='line_1_13' title="bbox 262 1181 1904 1236; baseline -0.005 -5"><span class='ocrx_word' id='word_1_114' title='bbox 262 1188 522 1232; x_wconf 78' lang='lat' dir='ltr'>huiusmodi</span> <span class='ocrx_word' id='word_1_115' title='bbox 551 1187 671 1231; x_wconf 92' lang='lat' dir='ltr'>enim</span> <span class='ocrx_word' id='word_1_116' title='bbox 701 1185 809 1229; x_wconf 91' lang='lat' dir='ltr'>solis</span> <span class='ocrx_word' id='word_1_117' title='bbox 839 1188 921 1229; x_wconf 88' lang='lat' dir='ltr'>has</span> <span class='ocrx_word' id='word_1_118' title='bbox 950 1184 1196 1228; x_wconf 84' lang='lat' dir='ltr'>electiones</span> <span class='ocrx_word' id='word_1_119' title='bbox 1225 1182 1633 1235; x_wconf 88' lang='lat' dir='ltr'>communicamus,</span> <span class='ocrx_word' id='word_1_120' title='bbox 1661 1182 1706 1224; x_wconf 91' lang='lat' dir='ltr'>in</span> <span class='ocrx_word' id='word_1_121' title='bbox 1736 1181 1904 1236; x_wconf 89' lang='lat' dir='ltr'>quibus</span> 
     </span>
     <span class='ocr_line' id='line_1_14' title="bbox 261 1258 1902 1322; baseline -0.005 -14"><span class='ocrx_word' id='word_1_122' title='bbox 261 1266 368 1322; x_wconf 85' lang='lat' dir='ltr'>quid</span> <span class='ocrx_word' id='word_1_123' title='bbox 408 1266 570 1308; x_wconf 87' lang='lat' dir='ltr'>mirum</span> <span class='ocrx_word' id='word_1_124' title='bbox 615 1264 652 1307; x_wconf 90' lang='lat' dir='ltr'>si</span> <span class='ocrx_word' id='word_1_125' title='bbox 696 1263 963 1307; x_wconf 89' lang='lat' dir='ltr'>charitatem</span> <span class='ocrx_word' id='word_1_126' title='bbox 1008 1261 1221 1305; x_wconf 89' lang='lat' dir='ltr'>virtutem</span> <span class='ocrx_word' id='word_1_127' title='bbox 1268 1261 1528 1316; x_wconf 86' lang='lat' dir='ltr'>theologam</span> <span class='ocrx_word' id='word_1_128' title='bbox 1567 1258 1902 1302; x_wconf 84' lang='lat' dir='ltr'>constituamus</span> 
     </span>
     <span class='ocr_line' id='line_1_15' title="bbox 261 1336 1901 1398; baseline -0.005 -13"><span class='ocrx_word' id='word_1_129' title='bbox 261 1345 380 1387; x_wconf 78' lang='lat' dir='ltr'>vnde</span> <span class='ocrx_word' id='word_1_130' title='bbox 403 1343 592 1398; x_wconf 82' lang='lat' dir='ltr'>eligant.</span> <span class='ocrx_word' id='word_1_131' title='bbox 620 1342 737 1385; x_wconf 92' lang='lat' dir='ltr'>Nam</span> <span class='ocrx_word' id='word_1_132' title='bbox 761 1340 869 1396; x_wconf 90' lang='lat' dir='ltr'>quid</span> <span class='ocrx_word' id='word_1_133' title='bbox 893 1339 1103 1396; x_wconf 89' lang='lat' dir='ltr'>primarie</span> <span class='ocrx_word' id='word_1_134' title='bbox 1125 1339 1197 1383; x_wconf 86' lang='lat' dir='ltr'>vel</span> <span class='ocrx_word' id='word_1_135' title='bbox 1222 1337 1468 1381; x_wconf 88' lang='lat' dir='ltr'>restituunt</span> <span class='ocrx_word' id='word_1_136' title='bbox 1492 1343 1790 1387; x_wconf 89' lang='lat' dir='ltr'>sacramenta,</span> <span class='ocrx_word' id='word_1_137' title='bbox 1830 1336 1901 1379; x_wconf 91' lang='lat' dir='ltr'>vel</span> 
     </span>
     <span class='ocr_line' id='line_1_16' title="bbox 264 1412 1906 1477; baseline -0.005 -14"><span class='ocrx_word' id='word_1_138' title='bbox 264 1422 457 1477; x_wconf 82' lang='lat' dir='ltr'>augent?</span> <span class='ocrx_word' id='word_1_139' title='bbox 499 1421 664 1462; x_wconf 88' lang='lat' dir='ltr'>Nonne</span> <span class='ocrx_word' id='word_1_140' title='bbox 712 1417 1000 1461; x_wconf 79' lang='lat' dir='ltr'>charitatem?</span> <span class='ocrx_word' id='word_1_141' title='bbox 1049 1417 1124 1459; x_wconf 86' lang='lat' dir='ltr'>Ad</span> <span class='ocrx_word' id='word_1_142' title='bbox 1166 1415 1284 1458; x_wconf 90' lang='lat' dir='ltr'>idem</span> <span class='ocrx_word' id='word_1_143' title='bbox 1323 1422 1474 1457; x_wconf 87' lang='lat' dir='ltr'>autem</span> <span class='ocrx_word' id='word_1_144' title='bbox 1520 1427 1604 1456; x_wconf 89' lang='lat' dir='ltr'>suo</span> <span class='ocrx_word' id='word_1_145' title='bbox 1637 1412 1784 1469; x_wconf 89' lang='lat' dir='ltr'>gradu</span> <span class='ocrx_word' id='word_1_146' title='bbox 1819 1412 1906 1455; x_wconf 86' lang='lat' dir='ltr'>alia</span> 
     </span>
     <span class='ocr_line' id='line_1_17' title="bbox 263 1489 1906 1552; baseline -0.007 -11"><span class='ocrx_word' id='word_1_147' title='bbox 263 1499 422 1541; x_wconf 90' lang='lat' dir='ltr'>iuuant</span> <span class='ocrx_word' id='word_1_148' title='bbox 447 1498 519 1541; x_wconf 72' lang='lat'>226</span> <span class='ocrx_word' id='word_1_149' title='bbox 544 1505 588 1541; x_wconf 92' lang='lat' dir='ltr'>et</span> <span class='ocrx_word' id='word_1_150' title='bbox 612 1497 686 1539; x_wconf 90' lang='lat' dir='ltr'>illa</span> <span class='ocrx_word' id='word_1_151' title='bbox 709 1496 806 1552; x_wconf 89' lang='lat' dir='ltr'>ipsa</span> <span class='ocrx_word' id='word_1_152' title='bbox 829 1502 897 1539; x_wconf 89' lang='lat' dir='ltr'>est</span> <span class='ocrx_word' id='word_1_153' title='bbox 920 1494 965 1536; x_wconf 92' lang='lat' dir='ltr'>in</span> <span class='ocrx_word' id='word_1_154' title='bbox 990 1493 1161 1550; x_wconf 90' lang='lat' dir='ltr'>primis,</span> <span class='ocrx_word' id='word_1_155' title='bbox 1195 1508 1311 1549; x_wconf 88' lang='lat' dir='ltr'>quae</span> <span class='ocrx_word' id='word_1_156' title='bbox 1328 1500 1346 1517; x_wconf 55' lang='grc' dir='ltr'>ἃ</span> <span class='ocrx_word' id='word_1_157' title='bbox 1374 1491 1568 1548; x_wconf 87' lang='lat' dir='ltr'>seipsam</span> <span class='ocrx_word' id='word_1_158' title='bbox 1587 1489 1728 1532; x_wconf 90' lang='lat' dir='ltr'>nutrit</span> <span class='ocrx_word' id='word_1_159' title='bbox 1747 1497 1791 1532; x_wconf 87' lang='lat' dir='ltr'>et</span> <span class='ocrx_word' id='word_1_160' title='bbox 1812 1503 1906 1532; x_wconf 89' lang='lat' dir='ltr'>arn-</span> 
     </span>
     <span class='ocr_line' id='line_1_18' title="bbox 263 1567 1904 1631; baseline -0.006 -13"><span class='ocrx_word' id='word_1_161' title='bbox 263 1575 431 1631; x_wconf 86' lang='lat' dir='ltr'>plificat</span> <span class='ocrx_word' id='word_1_162' title='bbox 454 1576 619 1617; x_wconf 90' lang='lat' dir='ltr'>adhuc:</span> <span class='ocrx_word' id='word_1_163' title='bbox 649 1573 757 1628; x_wconf 91' lang='lat' dir='ltr'>quid</span> <span class='ocrx_word' id='word_1_164' title='bbox 787 1572 866 1614; x_wconf 89' lang='lat' dir='ltr'>tibi</span> <span class='ocrx_word' id='word_1_165' title='bbox 890 1571 1033 1614; x_wconf 91' lang='lat' dir='ltr'>videri</span> <span class='ocrx_word' id='word_1_166' title='bbox 1062 1577 1211 1627; x_wconf 91' lang='lat' dir='ltr'>potest</span> <span class='ocrx_word' id='word_1_167' title='bbox 1232 1569 1446 1620; x_wconf 90' lang='lat' dir='ltr'>alienum,</span> <span class='ocrx_word' id='word_1_168' title='bbox 1473 1567 1509 1610; x_wconf 93' lang='lat' dir='ltr'>si</span> <span class='ocrx_word' id='word_1_169' title='bbox 1528 1581 1726 1610; x_wconf 89' lang='lat' dir='ltr'>amorem</span> <span class='ocrx_word' id='word_1_170' title='bbox 1745 1574 1904 1611; x_wconf 88' lang='lat' dir='ltr'>exerat</span> 
     </span>
     <span class='ocr_line' id='line_1_19' title="bbox 264 1643 1902 1705; baseline -0.007 -10"><span class='ocrx_word' id='word_1_171' title='bbox 264 1652 482 1695; x_wconf 89' lang='lat' dir='ltr'>diuinitus</span> <span class='ocrx_word' id='word_1_172' title='bbox 505 1652 722 1704; x_wconf 87' lang='lat' dir='ltr'>infusum,</span> <span class='ocrx_word' id='word_1_173' title='bbox 739 1649 813 1693; x_wconf 92' lang='lat' dir='ltr'>cui</span> <span class='ocrx_word' id='word_1_174' title='bbox 831 1665 886 1694; x_wconf 85' lang='lat' dir='ltr'>ex</span> <span class='ocrx_word' id='word_1_175' title='bbox 904 1647 1145 1705; x_wconf 84' lang='lat' dir='ltr'>hypothesi</span> <span class='ocrx_word' id='word_1_176' title='bbox 1163 1648 1360 1690; x_wconf 90' lang='lat' dir='ltr'>coeleste</span> <span class='ocrx_word' id='word_1_177' title='bbox 1377 1644 1610 1688; x_wconf 89' lang='lat' dir='ltr'>charitatis</span> <span class='ocrx_word' id='word_1_178' title='bbox 1627 1659 1679 1687; x_wconf 91' lang='lat' dir='ltr'>ac</span> <span class='ocrx_word' id='word_1_179' title='bbox 1698 1643 1902 1686; x_wconf 87' lang='lat' dir='ltr'>diuinum</span> 
     </span>
     <span class='ocr_line' id='line_1_20' title="bbox 265 1721 1910 1783; baseline -0.007 -10"><span class='ocrx_word' id='word_1_180' title='bbox 265 1745 364 1773; x_wconf 84' lang='lat' dir='ltr'>esse</span> <span class='ocrx_word' id='word_1_181' title='bbox 387 1730 586 1772; x_wconf 88' lang='lat' dir='ltr'>infusum</span> <span class='ocrx_word' id='word_1_182' title='bbox 609 1735 678 1771; x_wconf 90' lang='lat' dir='ltr'>est</span> <span class='ocrx_word' id='word_1_183' title='bbox 701 1741 780 1783; x_wconf 93' lang='lat' dir='ltr'>per</span> <span class='ocrx_word' id='word_1_184' title='bbox 802 1726 1021 1782; x_wconf 88' lang='lat' dir='ltr'>Spiritum</span> <span class='ocrx_word' id='word_1_185' title='bbox 1045 1732 1270 1776; x_wconf 88' lang='lat' dir='ltr'>sanctum,</span> <span class='ocrx_word' id='word_1_186' title='bbox 1293 1723 1369 1779; x_wconf 92' lang='lat' dir='ltr'>qui</span> <span class='ocrx_word' id='word_1_187' title='bbox 1392 1722 1454 1765; x_wconf 91' lang='lat' dir='ltr'>illi</span> <span class='ocrx_word' id='word_1_188' title='bbox 1477 1723 1619 1764; x_wconf 87' lang='lat' dir='ltr'>datus</span> <span class='ocrx_word' id='word_1_189' title='bbox 1633 1722 1722 1764; x_wconf 88' lang='lat' dir='ltr'>est?</span> <span class='ocrx_word' id='word_1_190' title='bbox 1745 1721 1910 1763; x_wconf 91' lang='lat' dir='ltr'>Nonne</span> 
     </span>
     <span class='ocr_line' id='line_1_21' title="bbox 267 1797 1906 1853; baseline -0.007 -4"><span class='ocrx_word' id='word_1_191' title='bbox 267 1808 392 1850; x_wconf 77' lang='lat' dir='ltr'>vides</span> <span class='ocrx_word' id='word_1_192' title='bbox 414 1809 530 1849; x_wconf 90' lang='lat' dir='ltr'>hanc</span> <span class='ocrx_word' id='word_1_193' title='bbox 553 1820 654 1850; x_wconf 87' lang='lat' dir='ltr'>esse</span> <span class='ocrx_word' id='word_1_194' title='bbox 676 1804 914 1848; x_wconf 83' lang='lat' dir='ltr'>veritatem</span> <span class='ocrx_word' id='word_1_195' title='bbox 939 1802 1228 1853; x_wconf 85' lang='lat' dir='ltr'>catholicam,</span> <span class='ocrx_word' id='word_1_196' title='bbox 1249 1803 1367 1844; x_wconf 90' lang='lat' dir='ltr'>hanc</span> <span class='ocrx_word' id='word_1_197' title='bbox 1389 1813 1494 1843; x_wconf 90' lang='lat' dir='ltr'>esse</span> <span class='ocrx_word' id='word_1_198' title='bbox 1516 1798 1737 1842; x_wconf 89' lang='lat' dir='ltr'>rationem</span> <span class='ocrx_word' id='word_1_199' title='bbox 1757 1797 1906 1841; x_wconf 91' lang='lat' dir='ltr'>meriti</span> 
     </span>
     <span class='ocr_line' id='line_1_22' title="bbox 267 1874 1912 1939; baseline -0.007 -12"><span class='ocrx_word' id='word_1_200' title='bbox 267 1886 323 1927; x_wconf 89' lang='lat' dir='ltr'>de</span> <span class='ocrx_word' id='word_1_201' title='bbox 352 1883 602 1939; x_wconf 85' lang='lat' dir='ltr'>condigno,</span> <span class='ocrx_word' id='word_1_202' title='bbox 634 1881 912 1925; x_wconf 90' lang='lat' dir='ltr'>contrarium</span> <span class='ocrx_word' id='word_1_203' title='bbox 943 1894 1051 1924; x_wconf 88' lang='lat' dir='ltr'>vero</span> <span class='ocrx_word' id='word_1_204' title='bbox 1080 1880 1369 1923; x_wconf 90' lang='lat' dir='ltr'>lutheranum</span> <span class='ocrx_word' id='word_1_205' title='bbox 1401 1891 1501 1920; x_wconf 91' lang='lat' dir='ltr'>esse</span> <span class='ocrx_word' id='word_1_206' title='bbox 1531 1884 1576 1920; x_wconf 90' lang='lat' dir='ltr'>et</span> <span class='ocrx_word' id='word_1_207' title='bbox 1600 1875 1686 1918; x_wconf 89' lang='lat' dir='ltr'>iam</span> <span class='ocrx_word' id='word_1_208' title='bbox 1718 1874 1822 1918; x_wconf 93' lang='lat' dir='ltr'>olim</span> <span class='ocrx_word' id='word_1_209' title='bbox 1855 1876 1912 1917; x_wconf 91' lang='lat' dir='ltr'>ab</span> 
     </span>
     <span class='ocr_line' id='line_1_23' title="bbox 267 1944 1910 2012; baseline -0.007 -7"><span class='ocrx_word' id='word_1_210' title='bbox 267 1961 456 2005; x_wconf 89' lang='lat' dir='ltr'>ecclesia</span> <span class='ocrx_word' id='word_1_211' title='bbox 480 1944 730 2002; x_wconf 80' lang='lat' dir='ltr'>or&#39;thodoxa</span> <span class='ocrx_word' id='word_1_212' title='bbox 746 1958 1032 2001; x_wconf 85' lang='lat' dir='ltr'>damnatum?</span> <span class='ocrx_word' id='word_1_213' title='bbox 1056 1956 1148 2012; x_wconf 76' lang='lat' dir='ltr'>Qui</span> <span class='ocrx_word' id='word_1_214' title='bbox 1169 1955 1311 2012; x_wconf 89' lang='lat' dir='ltr'>igitur</span> <span class='ocrx_word' id='word_1_215' title='bbox 1333 1954 1379 1996; x_wconf 93' lang='lat' dir='ltr'>in</span> <span class='ocrx_word' id='word_1_216' title='bbox 1404 1953 1627 2011; x_wconf 83' lang='lat' dir='ltr'>charitate</span> <span class='ocrx_word' id='word_1_217' title='bbox 1650 1959 1735 2003; x_wconf 92' lang='lat' dir='ltr'>est,</span> <span class='ocrx_word' id='word_1_218' title='bbox 1758 1966 1813 1995; x_wconf 85' lang='lat' dir='ltr'>ex</span> <span class='ocrx_word' id='word_1_219' title='bbox 1836 1950 1910 1994; x_wconf 86' lang='lat' dir='ltr'>illa</span> 
     </span>
     <span class='ocr_line' id='line_1_24' title="bbox 266 2029 1910 2093; baseline -0.007 -12"><span class='ocrx_word' id='word_1_220' title='bbox 266 2039 312 2081; x_wconf 88' lang='lat' dir='ltr'>in</span> <span class='ocrx_word' id='word_1_221' title='bbox 340 2046 469 2081; x_wconf 84' lang='lat' dir='ltr'>actus</span> <span class='ocrx_word' id='word_1_222' title='bbox 492 2036 726 2093; x_wconf 89' lang='lat' dir='ltr'>egreditur</span> <span class='ocrx_word' id='word_1_223' title='bbox 747 2036 860 2079; x_wconf 88' lang='lat' dir='ltr'>adeo</span> <span class='ocrx_word' id='word_1_224' title='bbox 883 2035 1118 2086; x_wconf 84' lang='lat' dir='ltr'>coelestes,</span> <span class='ocrx_word' id='word_1_225' title='bbox 1145 2034 1258 2076; x_wconf 90' lang='lat' dir='ltr'>adeo</span> <span class='ocrx_word' id='word_1_226' title='bbox 1276 2031 1472 2083; x_wconf 90' lang='lat' dir='ltr'>diuinos,</span> <span class='ocrx_word' id='word_1_227' title='bbox 1494 2037 1543 2072; x_wconf 91' lang='lat' dir='ltr'>vt</span> <span class='ocrx_word' id='word_1_228' title='bbox 1567 2029 1705 2072; x_wconf 89' lang='lat' dir='ltr'>vitam</span> <span class='ocrx_word' id='word_1_229' title='bbox 1728 2043 1809 2085; x_wconf 92' lang='lat' dir='ltr'>per</span> <span class='ocrx_word' id='word_1_230' title='bbox 1832 2042 1910 2072; x_wconf 92' lang='lat' dir='ltr'>eos</span> 
     </span>
     <span class='ocr_line' id='line_1_25' title="bbox 269 2107 1912 2170; baseline -0.007 -12"><span class='ocrx_word' id='word_1_231' title='bbox 269 2123 497 2159; x_wconf 90' lang='lat' dir='ltr'>aeternam</span> <span class='ocrx_word' id='word_1_232' title='bbox 535 2120 776 2156; x_wconf 87' lang='lat' dir='ltr'>mereatur.</span> <span class='ocrx_word' id='word_1_233' title='bbox 807 2114 908 2170; x_wconf 91' lang='lat' dir='ltr'>Jam</span> <span class='ocrx_word' id='word_1_234' title='bbox 942 2125 1051 2154; x_wconf 91' lang='lat' dir='ltr'>vero</span> <span class='ocrx_word' id='word_1_235' title='bbox 1085 2110 1174 2162; x_wconf 90' lang='lat' dir='ltr'>alii,</span> <span class='ocrx_word' id='word_1_236' title='bbox 1208 2109 1284 2164; x_wconf 93' lang='lat' dir='ltr'>qui</span> <span class='ocrx_word' id='word_1_237' title='bbox 1314 2110 1433 2151; x_wconf 85' lang='lat' dir='ltr'>hanc</span> <span class='ocrx_word' id='word_1_238' title='bbox 1466 2107 1678 2150; x_wconf 88' lang='lat' dir='ltr'>virtutem</span> <span class='ocrx_word' id='word_1_239' title='bbox 1714 2120 1804 2148; x_wconf 92' lang='lat' dir='ltr'>non</span> <span class='ocrx_word' id='word_1_240' title='bbox 1839 2119 1912 2147; x_wconf 91' lang='lat' dir='ltr'>as-</span> 
     </span>
     <span class='ocr_line' id='line_1_26' title="bbox 269 2180 1912 2247; baseline -0.008 -11"><span class='ocrx_word' id='word_1_241' title='bbox 269 2200 538 2247; x_wconf 89' lang='lat' dir='ltr'>sequuntur,</span> <span class='ocrx_word' id='word_1_242' title='bbox 558 2192 614 2234; x_wconf 91' lang='lat' dir='ltr'>ad</span> <span class='ocrx_word' id='word_1_243' title='bbox 637 2204 736 2233; x_wconf 88' lang='lat' dir='ltr'>earn</span> <span class='ocrx_word' id='word_1_244' title='bbox 765 2191 771 2245; x_wconf 77' lang='grc'>1</span> <span class='ocrx_word' id='word_1_245' title='bbox 800 2189 897 2232; x_wconf 88' lang='lat' dir='ltr'>aliis</span> <span class='ocrx_word' id='word_1_246' title='bbox 920 2187 1080 2232; x_wconf 89' lang='lat' dir='ltr'>mediis</span> <span class='ocrx_word' id='word_1_247' title='bbox 1103 2186 1316 2243; x_wconf 89' lang='lat' dir='ltr'>primum,</span> <span class='ocrx_word' id='word_1_248' title='bbox 1343 2185 1441 2227; x_wconf 91' lang='lat' dir='ltr'>aliis</span> <span class='ocrx_word' id='word_1_249' title='bbox 1464 2184 1639 2227; x_wconf 87' lang='lat' dir='ltr'>artibus</span> <span class='ocrx_word' id='word_1_250' title='bbox 1657 2180 1912 2225; x_wconf 90' lang='lat' dir='ltr'>deducendi</span> 
     </span>
     <span class='ocr_line' id='line_1_27' title="bbox 271 2257 1917 2323; baseline -0.007 -11"><span class='ocrx_word' id='word_1_251' title='bbox 271 2277 393 2323; x_wconf 85' lang='lat' dir='ltr'>sunt,</span> <span class='ocrx_word' id='word_1_252' title='bbox 419 2277 466 2311; x_wconf 89' lang='lat' dir='ltr'>vt</span> <span class='ocrx_word' id='word_1_253' title='bbox 489 2268 623 2312; x_wconf 88' lang='lat' dir='ltr'>etiarn</span> <span class='ocrx_word' id='word_1_254' title='bbox 644 2282 722 2323; x_wconf 89' lang='lat' dir='ltr'>per</span> <span class='ocrx_word' id='word_1_255' title='bbox 744 2266 865 2309; x_wconf 88' lang='lat' dir='ltr'>illam</span> <span class='ocrx_word' id='word_1_256' title='bbox 883 2265 1093 2321; x_wconf 86' lang='lat' dir='ltr'>illiusque</span> <span class='ocrx_word' id='word_1_257' title='bbox 1112 2270 1240 2307; x_wconf 89' lang='lat' dir='ltr'>actus</span> <span class='ocrx_word' id='word_1_258' title='bbox 1259 2262 1429 2319; x_wconf 90' lang='lat' dir='ltr'>eligere</span> <span class='ocrx_word' id='word_1_259' title='bbox 1446 2260 1635 2318; x_wconf 79' lang='lat' dir='ltr'>possint.</span> <span class='ocrx_word' id='word_1_260' title='bbox 1659 2261 1787 2303; x_wconf 93' lang='lat' dir='ltr'>Haec</span> <span class='ocrx_word' id='word_1_261' title='bbox 1805 2257 1917 2302; x_wconf 87' lang='lat' dir='ltr'>satis</span> 
     </span>
     <span class='ocr_line' id='line_1_28' title="bbox 271 2335 1912 2401; baseline -0.009 -11"><span class='ocrx_word' id='word_1_262' title='bbox 271 2361 370 2390; x_wconf 84' lang='lat' dir='ltr'>esse</span> <span class='ocrx_word' id='word_1_263' title='bbox 394 2346 553 2401; x_wconf 85' lang='lat' dir='ltr'>opinor</span> <span class='ocrx_word' id='word_1_264' title='bbox 576 2345 632 2387; x_wconf 92' lang='lat' dir='ltr'>ad</span> <span class='ocrx_word' id='word_1_265' title='bbox 655 2346 772 2387; x_wconf 89' lang='lat' dir='ltr'>hanc</span> <span class='ocrx_word' id='word_1_266' title='bbox 797 2351 920 2386; x_wconf 87' lang='lat' dir='ltr'>tuam</span> <span class='ocrx_word' id='word_1_267' title='bbox 943 2355 1201 2386; x_wconf 89' lang='lat' dir='ltr'>censuram.</span> <span class='ocrx_word' id='word_1_268' title='bbox 1226 2342 1296 2385; x_wconf 92' lang='lat' dir='ltr'>De</span> <span class='ocrx_word' id='word_1_269' title='bbox 1328 2354 1417 2395; x_wconf 89' lang='lat' dir='ltr'>qua</span> <span class='ocrx_word' id='word_1_270' title='bbox 1441 2349 1592 2382; x_wconf 89' lang='lat' dir='ltr'>tamen</span> <span class='ocrx_word' id='word_1_271' title='bbox 1615 2337 1757 2380; x_wconf 90' lang='lat' dir='ltr'>multa</span> <span class='ocrx_word' id='word_1_272' title='bbox 1779 2335 1912 2380; x_wconf 91' lang='lat' dir='ltr'>etiarn</span> 
     </span>
     <span class='ocr_line' id='line_1_29' title="bbox 272 2411 1913 2478; baseline -0.007 -13"><span class='ocrx_word' id='word_1_273' title='bbox 272 2424 315 2465; x_wconf 84' lang='lat' dir='ltr'>in</span> <span class='ocrx_word' id='word_1_274' title='bbox 340 2422 653 2478; x_wconf 85' lang='lat' dir='ltr'>sequentibus,</span> <span class='ocrx_word' id='word_1_275' title='bbox 680 2428 816 2476; x_wconf 90' lang='lat' dir='ltr'>atque</span> <span class='ocrx_word' id='word_1_276' title='bbox 839 2420 950 2462; x_wconf 91' lang='lat' dir='ltr'>illud</span> <span class='ocrx_word' id='word_1_277' title='bbox 973 2419 1017 2461; x_wconf 92' lang='lat' dir='ltr'>in</span> <span class='ocrx_word' id='word_1_278' title='bbox 1047 2418 1217 2474; x_wconf 86' lang='lat' dir='ltr'>primis,</span> <span class='ocrx_word' id='word_1_279' title='bbox 1244 2417 1280 2460; x_wconf 90' lang='lat' dir='ltr'>si</span> <span class='ocrx_word' id='word_1_280' title='bbox 1312 2416 1540 2460; x_wconf 88' lang='lat' dir='ltr'>certitudo</span> <span class='ocrx_word' id='word_1_281' title='bbox 1570 2413 1706 2457; x_wconf 91' lang='lat' dir='ltr'>huius</span> <span class='ocrx_word' id='word_1_282' title='bbox 1739 2411 1913 2469; x_wconf 87' lang='lat' dir='ltr'>gratiae</span> 
     </span>
     <span class='ocr_line' id='line_1_30' title="bbox 276 2487 1915 2555; baseline -0.007 -13"><span class='ocrx_word' id='word_1_283' title='bbox 276 2500 430 2544; x_wconf 88' lang='lat' dir='ltr'>haberi</span> <span class='ocrx_word' id='word_1_284' title='bbox 449 2515 539 2543; x_wconf 91' lang='lat' dir='ltr'>non</span> <span class='ocrx_word' id='word_1_285' title='bbox 557 2498 714 2555; x_wconf 87' lang='lat' dir='ltr'>possit,</span> <span class='ocrx_word' id='word_1_286' title='bbox 736 2512 816 2554; x_wconf 90' lang='lat' dir='ltr'>pro</span> <span class='ocrx_word' id='word_1_287' title='bbox 835 2496 956 2552; x_wconf 91' lang='lat' dir='ltr'>quali</span> <span class='ocrx_word' id='word_1_288' title='bbox 974 2502 1152 2552; x_wconf 90' lang='lat' dir='ltr'>pugnat</span> <span class='ocrx_word' id='word_1_289' title='bbox 1171 2496 1465 2538; x_wconf 90' lang='lat' dir='ltr'>vehementer</span> <span class='ocrx_word' id='word_1_290' title='bbox 1483 2491 1667 2547; x_wconf 86' lang='lat' dir='ltr'>quidam</span> <span class='ocrx_word' id='word_1_291' title='bbox 1685 2505 1740 2534; x_wconf 87' lang='lat' dir='ltr'>ex</span> <span class='ocrx_word' id='word_1_292' title='bbox 1757 2487 1915 2532; x_wconf 87' lang='lat' dir='ltr'>ordine</span> 
     </span>
     <span class='ocr_line' id='line_1_31' title="bbox 279 2565 1914 2631; baseline -0.008 -12"><span class='ocrx_word' id='word_1_293' title='bbox 279 2586 356 2620; x_wconf 83' lang='lat' dir='ltr'>tuo</span> <span class='ocrx_word' id='word_1_294' title='bbox 383 2580 412 2631; x_wconf 83' lang='lat'>⁴,</span> <span class='ocrx_word' id='word_1_295' title='bbox 439 2575 739 2620; x_wconf 86' lang='lat' dir='ltr'>communiter</span> <span class='ocrx_word' id='word_1_296' title='bbox 763 2588 871 2616; x_wconf 91' lang='lat' dir='ltr'>num</span> <span class='ocrx_word' id='word_1_297' title='bbox 895 2573 1016 2628; x_wconf 90' lang='lat' dir='ltr'>quod</span> <span class='ocrx_word' id='word_1_298' title='bbox 1046 2571 1263 2615; x_wconf 90' lang='lat' dir='ltr'>indicium</span> <span class='ocrx_word' id='word_1_299' title='bbox 1286 2569 1376 2613; x_wconf 90' lang='lat' dir='ltr'>sint</span> <span class='ocrx_word' id='word_1_300' title='bbox 1399 2583 1561 2613; x_wconf 88' lang='lat' dir='ltr'>sensus</span> <span class='ocrx_word' id='word_1_301' title='bbox 1583 2566 1743 2622; x_wconf 90' lang='lat' dir='ltr'>aliquis</span> <span class='ocrx_word' id='word_1_302' title='bbox 1765 2566 1798 2607; x_wconf 78' lang='lat'>².</span> <span class='ocrx_word' id='word_1_303' title='bbox 1824 2565 1914 2609; x_wconf 85' lang='lat' dir='ltr'>Sed</span> 
     </span>
     <span class='ocr_line' id='line_1_32' title="bbox 279 2649 1124 2696; baseline -0.006 0"><span class='ocrx_word' id='word_1_304' title='bbox 279 2654 409 2696; x_wconf 86' lang='lat' dir='ltr'>aliam</span> <span class='ocrx_word' id='word_1_305' title='bbox 432 2654 537 2696; x_wconf 88' lang='lat' dir='ltr'>huic</span> <span class='ocrx_word' id='word_1_306' title='bbox 560 2651 850 2695; x_wconf 89' lang='lat' dir='ltr'>coniunctam</span> <span class='ocrx_word' id='word_1_307' title='bbox 873 2649 1124 2693; x_wconf 90' lang='lat' dir='ltr'>audiamus.</span> 
     </span>
    </p>
   </div>
   <div class='ocr_carea' id='block_1_3' title="bbox 282 2735 542 2740">
    <p class='ocr_par' dir='ltr' id='par_1_4' title="bbox 282 2735 542 2740">
     <span class='ocr_line' id='line_1_33' title="bbox 282 2735 542 2740; baseline 0 0"><span class='ocrx_word' id='word_1_308' title='bbox 282 2735 542 2740; x_wconf 95' lang='lat' dir='ltr'> </span> 
     </span>
    </p>
   </div>
   <div class='ocr_carea' id='block_1_4' title="bbox 352 2771 938 2808">
    <p class='ocr_par' dir='ltr' id='par_1_5' title="bbox 352 2771 938 2808">
     <span class='ocr_line' id='line_1_34' title="bbox 352 2771 938 2808; baseline -0.007 -1"><span class='ocrx_word' id='word_1_309' title='bbox 352 2784 368 2800; x_wconf 71' lang='lat' dir='ltr'>a</span> <span class='ocrx_word' id='word_1_310' title='bbox 419 2773 484 2807; x_wconf 88' lang='lat' dir='ltr'>Bis</span> <span class='ocrx_word' id='word_1_311' title='bbox 503 2773 576 2807; x_wconf 88' lang='lat' dir='ltr'>hoc</span> <span class='ocrx_word' id='word_1_312' title='bbox 598 2772 709 2808; x_wconf 88' lang='lat' dir='ltr'>verb.</span> <span class='ocrx_word' id='word_1_313' title='bbox 730 2776 790 2806; x_wconf 88' lang='lat' dir='ltr'>est</span> <span class='ocrx_word' id='word_1_314' title='bbox 809 2771 848 2804; x_wconf 90' lang='lat' dir='ltr'>in</span> <span class='ocrx_word' id='word_1_315' title='bbox 868 2779 938 2804; x_wconf 88' lang='lat' dir='ltr'>ms.</span> 
     </span>
    </p>
   </div>
   <div class='ocr_carea' id='block_1_5' title="bbox 418 2844 542 2848">
    <p class='ocr_par' dir='ltr' id='par_1_6' title="bbox 418 2844 542 2848">
     <span class='ocr_line' id='line_1_35' title="bbox 418 2844 542 2848; baseline 0 0"><span class='ocrx_word' id='word_1_316' title='bbox 418 2844 542 2848; x_wconf 95' lang='lat' dir='ltr'> </span> 
     </span>
    </p>
   </div>
   <div class='ocr_carea' id='block_1_6' title="bbox 284 2862 1917 3089">
    <p class='ocr_par' dir='ltr' id='par_1_7' title="bbox 284 2862 1917 3036">
     <span class='ocr_line' id='line_1_36' title="bbox 354 2862 1915 2912; baseline -0.009 -3"><span class='ocrx_word' id='word_1_317' title='bbox 354 2874 360 2893; x_wconf 90' lang='lat'><strong>¹</strong></span> <span class='ocrx_word' id='word_1_318' title='bbox 417 2873 648 2908; x_wconf 79' lang='lat' dir='ltr'>Ambrosius</span> <span class='ocrx_word' id='word_1_319' title='bbox 665 2871 899 2907; x_wconf 84' lang='lat' dir='ltr'>Catharinus</span> <span class='ocrx_word' id='word_1_320' title='bbox 918 2868 1187 2912; x_wconf 85' lang='lat' dir='ltr'>(Lancelottus</span> <span class='ocrx_word' id='word_1_321' title='bbox 1209 2865 1343 2912; x_wconf 74' lang='lat' dir='ltr'>Potiti)</span> <span class='ocrx_word' id='word_1_322' title='bbox 1361 2864 1412 2902; x_wconf 92' lang='lat' dir='ltr'>O.</span> <span class='ocrx_word' id='word_1_323' title='bbox 1440 2865 1486 2900; x_wconf 92' lang='lat' dir='ltr'>P.</span> <span class='ocrx_word' id='word_1_324' title='bbox 1499 2892 1508 2910; x_wconf 92' lang='lat'>,</span> <span class='ocrx_word' id='word_1_325' title='bbox 1527 2864 1566 2899; x_wconf 90' lang='lat' dir='ltr'>in</span> <span class='ocrx_word' id='word_1_326' title='bbox 1585 2862 1763 2910; x_wconf 82' lang='lat' dir='ltr'>apologia</span> <span class='ocrx_word' id='word_1_327' title='bbox 1781 2866 1915 2897; x_wconf 89' lang='lat' dir='ltr'>eontra</span> 
     </span>
     <span class='ocr_line' id='line_1_37' title="bbox 284 2919 1917 2979; baseline -0.009 -11"><span class='ocrx_word' id='word_1_328' title='bbox 284 2933 420 2967; x_wconf 85' lang='lat' dir='ltr'>Sotum</span> <span class='ocrx_word' id='word_1_329' title='bbox 433 2934 529 2967; x_wconf 83' lang='lat' dir='ltr'>hanc</span> <span class='ocrx_word' id='word_1_330' title='bbox 544 2930 819 2966; x_wconf 86' lang='lat' dir='ltr'>certitudinem</span> <span class='ocrx_word' id='word_1_331' title='bbox 831 2927 1019 2979; x_wconf 78' lang='lat' dir='ltr'>defendit.</span> <span class='ocrx_word' id='word_1_332' title='bbox 1035 2928 1214 2973; x_wconf 81' lang='lat' dir='ltr'>Quonam</span> <span class='ocrx_word' id='word_1_333' title='bbox 1229 2930 1360 2961; x_wconf 85' lang='lat' dir='ltr'>autem</span> <span class='ocrx_word' id='word_1_334' title='bbox 1376 2935 1494 2960; x_wconf 89' lang='lat' dir='ltr'>sensu</span> <span class='ocrx_word' id='word_1_335' title='bbox 1509 2923 1613 2958; x_wconf 82' lang='lat' dir='ltr'>illam</span> <span class='ocrx_word' id='word_1_336' title='bbox 1628 2921 1813 2968; x_wconf 86' lang='lat' dir='ltr'>explicet,</span> <span class='ocrx_word' id='word_1_337' title='bbox 1825 2919 1917 2956; x_wconf 90' lang='lat' dir='ltr'>vide</span> 
     </span>
     <span class='ocr_line' id='line_1_38' title="bbox 284 2969 1870 3036; baseline -0.008 -10"><span class='ocrx_word' id='word_1_338' title='bbox 284 2991 384 3036; x_wconf 84' lang='lat' dir='ltr'>apud</span> <span class='ocrx_word' id='word_1_339' title='bbox 404 2991 663 3034; x_wconf 74' lang='lat' dir='ltr'>SUAREzmM,</span> <span class='ocrx_word' id='word_1_340' title='bbox 688 2989 819 3024; x_wconf 84' lang='lat' dir='ltr'>Tract.</span> <span class='ocrx_word' id='word_1_341' title='bbox 841 2989 888 3022; x_wconf 83' lang='lat' dir='ltr'>de</span> <span class='ocrx_word' id='word_1_342' title='bbox 903 2987 1064 3034; x_wconf 77' lang='lat' dir='ltr'>gratia,</span> <span class='ocrx_word' id='word_1_343' title='bbox 1083 2990 1193 3032; x_wconf 84' lang='lat' dir='ltr'>parte</span> <span class='ocrx_word' id='word_1_344' title='bbox 1209 2983 1278 3030; x_wconf 89' lang='lat'>111,</span> <span class='ocrx_word' id='word_1_345' title='bbox 1297 2983 1365 3019; x_wconf 92' lang='lat' dir='ltr'>lib.</span> <span class='ocrx_word' id='word_1_346' title='bbox 1386 2983 1453 3028; x_wconf 90' lang='lat' dir='ltr'>lX,</span> <span class='ocrx_word' id='word_1_347' title='bbox 1475 2992 1560 3028; x_wconf 87' lang='lat' dir='ltr'>cap.</span> <span class='ocrx_word' id='word_1_348' title='bbox 1581 2982 1629 3016; x_wconf 94' lang='lat' dir='ltr'>X.</span> <span class='ocrx_word' id='word_1_349' title='bbox 1866 2969 1870 2974; x_wconf 48' lang='lat'>⁵</span> 
     </span>
    </p>

    <p class='ocr_par' dir='ltr' id='par_1_8' title="bbox 357 3038 1915 3089">
     <span class='ocr_line' id='line_1_39' title="bbox 357 3038 1915 3089; baseline -0.008 -4"><span class='ocrx_word' id='word_1_350' title='bbox 357 3054 368 3070; x_wconf 85' lang='grc'>·-’</span> <span class='ocrx_word' id='word_1_351' title='bbox 428 3048 640 3086; x_wconf 88' lang='lat' dir='ltr'>Obscurior</span> <span class='ocrx_word' id='word_1_352' title='bbox 659 3054 719 3083; x_wconf 87' lang='lat' dir='ltr'>est</span> <span class='ocrx_word' id='word_1_353' title='bbox 738 3047 800 3082; x_wconf 90' lang='lat' dir='ltr'>hic</span> <span class='ocrx_word' id='word_1_354' title='bbox 818 3048 939 3082; x_wconf 90' lang='lat' dir='ltr'>locus.</span> <span class='ocrx_word' id='word_1_355' title='bbox 961 3046 1109 3081; x_wconf 88' lang='lat' dir='ltr'>Sensus</span> <span class='ocrx_word' id='word_1_356' title='bbox 1128 3054 1221 3079; x_wconf 84' lang='lat' dir='ltr'>vero</span> <span class='ocrx_word' id='word_1_357' title='bbox 1246 3042 1360 3089; x_wconf 88' lang='lat' dir='ltr'>hujus</span> <span class='ocrx_word' id='word_1_358' title='bbox 1379 3039 1622 3089; x_wconf 82' lang='lat' dir='ltr'>quaestionis</span> <span class='ocrx_word' id='word_1_359' title='bbox 1641 3050 1728 3075; x_wconf 87' lang='lat' dir='ltr'>esse</span> <span class='ocrx_word' id='word_1_360' title='bbox 1747 3038 1915 3074; x_wconf 89' lang='lat' dir='ltr'>videtur:</span> 
     </span>
    </p>
   </div>
  </div>
 </body>
</html>
