2028 3426
614 276 888 311 MONUMENTA
914 276 1180 321 ITALIAE—17
1600 290 1664 326 155

56 373 58 375 ’
82 376 267 419 aliorum
290 390 538 431 pauperum
561 376 716 431 stipes.
743 377 895 420 Huius
918 377 981 421 rei
1004 379 1209 433 exempla
1232 393 1324 420 non
1346 380 1539 423 obscura
1571 383 1712 425 habe—

33 460 36 464 ’
83 449 183 496 mus
210 452 254 494 in
283 452 493 495 omnibus
520 453 781 508 prouinciis3
814 454 890 496 hic
919 455 1053 497 etiam
1089 457 1258 499 Romae
1291 471 1381 498 non
1420 456 1481 498 ita
1518 458 1707 512 pridem.

86 528 345 573 Omittimus
373 530 595 584 permulta
623 530 679 572 de
707 538 971 585 paupertate
999 531 1242 587 diligenter
1270 532 1443 574 sancita
1466 548 1491 575 a
1513 534 1644 576 nobis
1667 542 1712 577 et

6 647 9 660 ,
54 623 57 627 ·
86 612 311 660 usurpata.
327 606 454 649 Haec
472 619 575 648 cum
593 606 654 649 ita
669 621 768 649 esse
781 607 994 660 sciamus,
1010 607 1085 662 qui
1101 608 1198 650 fieri
1216 616 1364 664 potest
1382 616 1430 650 vt
1449 609 1491 651 in
1512 610 1711 653 animum

6 676 9 737 ζ
67 681 350 743 ⁴inducamus
371 682 555 739 credere
577 684 702 737 quod
724 684 924 726 delatum
947 686 1036 727 est?
1058 685 1337 740 Designetur
1355 685 1455 740 quis
1473 686 1517 727 id
1536 687 1710 738 fecerit,

85 757 262 799 libertas
283 757 362 799 fiat
384 759 675 812 confessario,
702 774 784 802 nos
800 774 904 802 eum
923 760 1166 814 hominem,
1187 761 1225 804 si
1242 761 1304 803 ita
1321 761 1510 805 meritus
1527 763 1599 815 sit,
1621 778 1712 806 non

86 835 227 877 solum
251 834 579 890 castigabimus
607 852 662 879 ex
692 844 846 880 nostra
873 837 1125 893 disciplina,
1158 839 1237 881 sed
1266 853 1291 880 a
1319 839 1547 883 Societate
1576 840 1711 884 etiam

88 917 237 953 nostra
260 910 514 954 reiiciemus
536 928 591 956 ex
614 913 835 957 instituto.
1148 921 1152 925 ’

172 987 271 1031 267.
327 992 574 1030 obiectio.
632 991 701 1033 De
729 990 976 1046 disciplinis
998 1005 1116 1046 quae
1138 991 1351 1034 dicuntur
1378 992 1713 1050 prae[s}criptae

8 1047 9 1058 η
35 1051 52 1065 ”
87 1063 261 1120 puellis.

7 1124 9 1134 ,
157 1146 467 1190 Responsio.
531 1143 802 1186 Verecunde
824 1144 881 1187 de
903 1144 989 1186 hac
1012 1158 1060 1186 re
1084 1146 1425 1200 respondemus,
1467 1161 1521 1189 eo
1551 1148 1713 1191 mode-

61 1230 63 1234 ‘
88 1216 198 1260 stius
228 1224 272 1261 et
293 1218 493 1261 breuius:
522 1220 772 1262 Possumus
800 1234 972 1273 omnes,
997 1222 1071 1264 uel
1100 1236 1155 1263 ex
1177 1221 1313 1264 animi
1343 1222 1603 1275 deuotione,
1640 1226 1713 1268 vel

87 1308 142 1337 ex
160 1293 448 1346 necessitate,
468 1295 659 1351 flagellis
681 1296 744 1338 uti
761 1311 1118 1351 nonnumquam,
1147 1305 1240 1339 tum
1260 1299 1316 1340 ad
1334 1298 1481 1341 carnis
1504 1300 1713 1355 petulan—

91 1369 194 1413 tiam
219 1372 611 1426 compescendam,
641 1379 732 1414 tum
758 1373 892 1416 etiam
916 1374 972 1416 ad
1000 1374 1212 1429 pietatem
1244 1377 1517 1431 augendam3
1554 1383 1598 1419 et
1621 1392 1711 1419 non

89 1453 156 1490 est
177 1446 439 1490 incredibile
462 1447 808 1503 imprudentiam
832 1464 1005 1502 eorum,
1031 1451 1068 1493 si
1099 1451 1175 1506 qui
1208 1452 1316 1506 quid
1348 1459 1516 1496 temere
1548 1453 1592 1495 in
1626 1456 1711 1496 hac

86 1506 136 1566 re
159 1523 340 1576 faciant,
367 1525 651 1568 confessariis
673 1525 865 1582 impingi.
888 1526 1223 1573 innocentibus,
1248 1528 1352 1571 Alio
1375 1530 1556 1573 nomine
1578 1530 1714 1572 indici

88 1606 233 1655 potest
257 1600 458 1656 legitime
479 1616 590 1644 usus
612 1602 778 1658 flagelli
801 1618 882 1658 pro
910 1603 1217 1648 satisfactione
1245 1606 1609 1659 sacramentaria,
1643 1608 1715 1649 uel

88 1675 217 1718 etiam
240 1677 296 1720 ad
314 1677 561 1720 recidiuum
585 1679 849 1721 euitandam
866 1681 941 1723 uel
959 1680 1222 1736 periculum.
1252 1682 1532 1737 Aperiantur
1549 1697 1713 1726 causae

9 1751 12 1771 ²
69 1760 361 1815 -q-uapropter
383 1754 578 1797 indictae
606 1754 695 1797 sint
724 1755 1002 1812 disciplinae,
1035 1757 1225 1813 accipiat
1252 1758 1504 1802 libertatem
1534 1761 1713 1802 confes>-

89 1829 231 1872 sarius
262 1831 562 1886 respondendi
591 1846 707 1886 quae
741 1832 786 1874 in
816 1833 1099 1877 confessione
1136 1834 1309 1877 audiuit
1337 1844 1369 1886 a,
1402 1842 1446 1877 et
1483 1836 1715 1879 diiudicari

63 1951 65 1954 ,
89 1898 252 1961 poterit
274 1922 382 1949 num
404 1907 705 1963 imprudentia
727 1908 876 1964 aliqua
897 1910 955 1952 sit
978 1925 1102 1953 usus

160 1987 406 2026 obiectio.
469 1986 538 2027 De
567 1984 842 2029 scrutatione
871 1986 1168 2030 confessionis
1197 1994 1278 2043 per'
1304 1989 1488 2030 modum
1518 1989 1712 2031 consilii.

161 2065 468 2110 Responsio.
532 2063 634 2104 Hoc
657 2062 694 2104 si
717 2061 763 2104 in
792 2063 1078 2106 confessione
1106 2064 1348 2120 contingat
1375 2080 1714 2120 nonnumquam

6 2158 8 2165 ι
46 2194 49 2195 ⁷
90 2135 274 2180 iudicari
297 2153 323 2180 a
345 2138 620 2181 confessario
643 2153 742 2182 esse
765 2153 820 2182 ex
843 2154 928 2181 usu
947 2140 1222 2194 confitentis,
1249 2148 1313 2193 ut,
1335 2156 1451 2196 quae
1468 2142 1514 2184 in
1533 2143 1714 2186 confes-

92 2213 217 2258 sione
239 2214 312 2257 alii
342 2214 521 2267 dixerit,
553 2215 639 2257 sibi
669 2215 819 2268 etiarn,
861 2216 1197 2270 quamuis’non
1234 2219 1505 2270 necessario,
1547 2219 1716 2263 utiliter

30 2306 32 2308 ’
93 2296 239 2334 tamen
263 2291 448 2346 aperiat3
474 2291 583 2333 nihil
610 2291 816 2336 uidemus
838 2293 959 2347 quod
981 2294 1251 2348 reprehendi
1269 2294 1425 2350 possit:
1452 2296 1715 2350 praesertim

92 2366 129 2408 si
151 2367 475 2431 circumspecte
498 2370 583 2412 hoc
606 2370 700 2411 fiat:
728 2384 829 2412 nam
853 2369 1037 2424 perinde
1059 2370 1104 2412 id
1131 2378 1251 2413 esset
1279 2379 1415 2427 atque
1444 2372 1481 2414 si
1510 2372 1583 2414 alii
1606 2387 1716 2414 con-

36 2494 38 2496 >
92 2444 277 2495 sulatur,
303 2451 354 2486 ut
376 2451 515 2487 totam
539 2449 667 2488 s'uam
693 2445 830 2488 uitam
853 2446 1025 2502 aperiat
1048 2448 1339 2499 confessario,
1368 2450 1440 2493 uel
1463 2456 1513 2491 ut
1535 2450 1714 2492 confes-

7 2568 10 2576 *
69 2518 260 2562 -sionem
283 2520 489 2564 instituat
511 2523 785 2577 generalem:
819 2523 940 2577 quod
969 2524 1052 2565 sub
1080 2524 1181 2566 loco
1210 2524 1436 2568 laudabile
1465 2533 1534 2568 est
1563 2527 1714 2569 consi-

93 2594 212 2639 lium.
241 2598 304 2639 At
326 2597 362 2639 si
385 2598 462 2640 fiat
484 2605 611 2641 extra
628 2598 974 2651 confessionem,
1001 2600 1272 2655 grauissime
1290 2603 1714 2656 reprehendendum

80 2659 190 2715 'esse
211 2687 301 2715 non
318 2670 594 2725 dubitamus,
616 2682 800 2730 propter
815 2676 980 2718 multas
998 2682 1043 2719 et
1060 2677 1338 2720 necessarias
1357 2692 1532 2721 causas.
1561 2680 1714 2733 Quare

95 2747 398 2793 desideramus
418 2749 687 2807 intelligere,
713 2751 750 2793 si
773 2751 874 2806 quis
895 2752 953 2794 sit
976 2767 1001 2795 e
1025 2753 1206 2805 nostris,
1232 2754 1308 2809 qui
1332 2754 1376 2796 id
1396 2755 1567 2798 fecerit:
1594 2762 1641 2796 ut
1659 2756 1715 2798 de

95 2821 168 2866 illo
188 2826 372 2875 homine
390 2841 472 2882 pro
495 2826 635 2882 ipsius
656 2828 817 2877 merito
839 2816 1038 2871 statuere
1061 2829 1298 2884 possimus.

175 2906 182 2958 Ι
234 2907 478 2946 obiectio.
529 2906 598 2946 De
626 2904 927 2959 prohibitione
949 2920 1007 2948 ne
1028 2905 1146 2949 filiae
1176 2907 1429 2962 spirituales
1454 2908 1509 2949 ad
1533 2907 1715 2963 nuptias

97 2986 199 3021 eant
219 2977 268 3022 bs

165 3083 182 3100 a
229 3074 336 3109 Haec
354 3082 374 3118 5
394 3076 512 3110 verba
531 3075 803 3121 praecedentia
824 3077 972 3112 Natalis
991 3089 1106 3112 manu
1125 3083 1215 3112 sunt
1233 3077 1374 3115 addita.
1426 3079 1493 3105 —b
1521 3081 1614 3113 eunt
1634 3091 1711 3114 mS.
