2028 3426
618 273 890 308 MONUMENTA
917 272 1184 306 ITALIAE—18
1603 274 1668 318 169

81 377 276 437 cendum
299 375 511 428 officium,
537 375 787 417 secundum
805 373 1025 419 ecclesiae
1044 388 1191 425 usum,
1213 373 1292 416 sed
1313 372 1538 428 priuatim,
1559 381 1603 416 et
1622 389 1713 416 non

35 458 39 461 '
84 452 384 497 communiter
407 452 479 494 uel
502 451 549 493 in
571 452 724 502 choro,
751 457 1035 493 teneantur.»

8 513 11 520 A
172 531 219 572 In
256 527 327 571 6.ει
364 534 489 583 parte
523 526 898 570 constitutionum
923 533 1200 577 nostrarum,
1243 540 1360 581 quae
1397 534 1506 568 sunt
1545 541 1570 569 a
1606 529 1713 569 sede

61 605 324 662 'apostolica
345 605 654 656 confirmatae,
680 617 778 658 cap.
807 603 874 657 3.⁰
897 603 962 645 sic
983 602 1212 644 statuitur.
1238 602 1493 657 «Quoniam
1517 617 1713 658 occupa—

9 666 11 675 Ι
81 682 242 733 tiones,
263 695 380 735 quae
397 680 722 722 adianimarum
741 679 958 722 auxilium
981 685 1289 730 assumuntur,
1316 678 1471 734 magni
1494 680 1711 723 momenti

83 765 204 810 sunt,
234 765 278 800 et
307 757 447 799 nostri
475 756 668 799 instituti
695 755 918 811 propriae,
951 762 996 799 et
1027 756 1159 797 ualde
1198 756 1474 810 frequentes3
1517 770 1712 811 cumque

79 833 245 889 alioqui
263 826 416 876 nostra
439 833 657 876 habitatio
681 839 770 875 tam
788 832 845 874 sit
868 833 913 873 in
936 834 1022 874 hoc
1043 833 1116 875 uel
1133 832 1179 874 in
1196 831 1272 874 illo
1289 833 1390 874 loco
1408 832 1596 884 incerta,
1619 830 1710 874 non

10 961 12 971 Ι
59 898 62 901 ⁴
86 898 264 954 utentur
281 910 421 952 nostri
438 912 576 952 choro
593 911 649 952 ad
669 911 804 952 horas
825 909 1083 960 canonicas,
1109 909 1181 951 Vel
1204 908 1362 951 missas
1385 917 1429 953 et
1453 908 1539 951 alia
1562 909 1712 951 officia

79 988 375 1039 decantanda;
418 986 783 1041 quandoquidem
823 985 924 1036 illis,
961 1000 1075 1040 quos
1107 985 1163 1027 ad
1193 1000 1245 1029 ea
1274 985 1498 1029 audienda
1527 985 1710 1029 deuotio

80 1063 287 1116 mouerit,
314 1064 495 1105 abunde
517 1069 742 1118 suppetet,
768 1062 844 1104 vbi
866 1061 950 1104 sibi
973 1061 1080 1117 ipsis
1103 1061 1401 1106 satisfaciant.
1424 1064 1512 1106 Per
1530 1069 1710 1104 nostros

79 1148 229 1184 autem
250 1155 303 1182 ea
326 1139 508 1182 tractari
526 1139 740 1183 conuenit
757 1139 817 1182 43
836 1139 1007 1196 (160)v,
1030 1153 1145 1193 quae
1163 1145 1343 1181 nostrae
1363 1138 1631 1192 uocationis,
1653 1140 1708 1181 ad

10 1208 13 1217 ⁴
46 1216 50 1221 '
83 1217 166 1260 Dei
187 1217 391 1273 gloriam,
417 1217 561 1272 magis
583 1223 689 1259 sunt
712 1215 935 1271 propria.»
963 1215 1047 1257 His
1070 1223 1138 1257 sat
1161 1222 1354 1266 constat,
1387 1222 1544 1258 contra
1580 1216 1708 1258 insti-

11 1342 13 1350 !
66 1301 226 1336 'tutum
250 1309 364 1344 esse,
391 1300 440 1335 ut
462 1293 508 1335 in
531 1293 759 1337 Societate
782 1294 950 1334 chorus
973 1291 1304 1334 introducatur.

12 1427 13 1430 Ἴ
168 1371 304 1426 Quod
340 1372 397 1413 ad
432 1370 759 1426 professionem
798 1369 975 1420 attinet,
1021 1368 1173 1411 statim
1210 1368 1338 1411 initio
1376 1369 1708 1424 representauit

11 1456 13 1512 ]
77 1447 174 1491 sedi
195 1447 469 1502 apostolicae
493 1449 543 1489 Ρ.
571 1446 775 1502 Ignatius
797 1446 991 1488 instituti
1016 1445 1253 1490 rationem.
1274 1447 1390 1488 Nam
1414 1446 1537 1501 prius
1562 1447 1708 1489 factus

77 1530 146 1566 est
168 1524 429 1578 praesbyter
451 1531 469 1548 ³
496 1522 592 1578 ipse
621 1537 724 1565 cum
754 1538 919 1566 nouem
944 1522 1100 1577 primis
1122 1521 1271 1573 sociis,
1298 1536 1433 1576 quam
1456 1524 1703 1577 professus.

12 1627 13 1643 2
76 1600 279 1643 ⁴Fuerunt
307 1607 458 1642 autem
487 1600 680 1642 ordinati
709 1615 866 1642 omnes
895 1602 1051 1642 decem
1082 1598 1211 1654 primi
1236 1601 1395 1641 Patres
1432 1600 1489 1641 ad
1524 1599 1708 1642 titulum

12 1661 13 1699 }
54 1675 339 1719 ‘sufficientis
375 1677 636 1721 literaturae
673 1684 719 1719 et
758 1676 1041 1719 uoluntariae
1078 1676 1357 1732 paupertatis
1392 1690 1471 1731 per
1513 1676 1703 1732 simplex

82 1760 249 1796 uotum.
278 1755 503 1809 Expressa
526 1768 636 1796 uero
659 1755 773 1797 haec
804 1753 999 1795 instituti
1021 1753 1135 1795 ratio
1159 1760 1228 1795 est
1251 1768 1369 1795 anno
1399 1754 1472 1806 46,
1499 1753 1592 1804 ubi,
1628 1768 1707 1808 per

11 1876 14 1887 ,
74 1828 246 1874 :litteras
268 1830 557 1886 apostolicas,
582 1831 838 1886 spirituales
861 1830 1150 1873 coadiutores
1172 1830 1302 1872 nobis
1326 1829 1552 1873 concessit
1584 1832 1709 1872 Pau-

11 1947 14 1958 ,
77 1907 146 1950 lus
164 1921 206 1961 3,
227 1907 302 1962 qui
321 1910 437 1951 votis
455 1907 734 1963 simplicibus
752 1922 852 1951 esse
869 1908 1088 1950 deberent
1106 1906 1327 1959 contenti,
1351 1913 1399 1948 ut
1416 1906 1515 1950 sine
1538 1906 1709 1962 quibus

75 1997 168 2026 non
188 1991 339 2039 posset
361 1991 568 2027 constare
589 1984 815 2036 Societas,
846 1991 891 2026 et
922 1983 1019 2026 eius
1048 1983 1296 2027 ministeria
1320 1983 1571 2039 spiritualia
1600 1997 1708 2025 curn

11 2054 15 2066 ¹
74 2059 228 2106 ifructu
251 2061 467 2103 exerceri.

165 2138 301 2180 Anno
324 2145 475 2181 autem
495 2137 888 2193 quinquagesimo,
909 2152 1011 2180 cum
1030 2137 1155 2180 initia
1172 2144 1348 2179 tantum
1367 2136 1559 2179 fuissent
1577 2143 1708 2179 antea

76 2212 331 2266 Societatis‚
358 2228 442 2258 nec
464 2215 597 2270 plena
618 2213 813 2256 instituti
836 2214 949 2257 ratio
971 2214 1072 2257 vnis
1094 2214 1236 2258 literis
1258 2219 1378 2257 esset
1400 2214 1701 2269 comprehen-

77 2303 142 2342 sa,
167 2306 221 2334 ex
244 2289 375 2333 Pauli
397 2290 605 2333 omnibus
628 2290 768 2334 literis
793 2291 876 2333 fuit
898 2306 951 2333 ea
973 2291 1180 2334 exactius
1209 2298 1254 2334 et
1283 2289 1447 2332 clarius
1475 2303 1702 2345 expressa,

74 2372 122 2408 et
143 2381 232 2410 uno
254 2367 498 2423 diplomate
521 2369 846 2423 comprehensa
870 2375 915 2411 et
937 2369 1203 2410 confirmata
1226 2382 1252 2409 a
1268 2366 1391 2424 Julio
1416 2380 1457 2421 3.
1485 2367 1589 2421 Qua
1611 2368 1702 2408 for-

5 2474 11 2485 ,
61 2444 196 2495 ,mula
218 2443 348 2488 vnice
370 2460 452 2487 usa
474 2451 543 2488 est
564 2451 720 2500 postea
743 2444 963 2498 Societas,
989 2459 1123 2500 quam
1147 2443 1389 2487 concilium
1408 2443 1634 2499 probauit.
1654 2442 1704 2484 In

5 2548 7 2554 -
63 2506 163 2582 'chae
185 2519 324 2576 igitur
346 2522 536 2563 formula
558 2521 620 2564 ita
642 2521 826 2577 legitur:
856 2523 1031 2564 «Immo
1051 2528 1095 2564 et
1127 2521 1174 2573 ii,
1210 2521 1296 2576 qui„
1319 2520 1366 2562 in
1398 2519 1701 2569 coadiutores,

9 2622 13 2630 2
76 2596 234 2638 tamin
261 2597 596 2652 spiritualibus,
617 2612 752 2652 quam
781 2597 1107 2652 corporalibus,
1139 2604 1183 2640 et
1207 2597 1252 2640 in
1280 2597 1509 2640 scholares
1540 2594 1702 2637 admit-

70 2677 246 2726 -tuntur;
273 2687 464 2728 quorum
489 2673 683 2729 utrique,
709 2681 813 2729 post
840 2673 1116 2717 sufficientes
1139 2673 1428 2728 probationes
1457 2679 1501 2715 et
1526 2681 1703 2726 tempus

60 2745 124 2810 *in
151 2749 549 2792 constitutionibus
571 2765 852 2806 expressum,
879 2757 986 2792 uota
1008 2765 1090 2793 sua
1111 2751 1168 2793 ad
1189 2749 1478 2793 deuotionem
1502 2755 1546 2790 et
1569 2747 1701 2790 meri-

18 2871 19 2874 *
75 2828 171 2867 tum
193 2826 350 2877 maius,
372 2840 463 2868 non
481 2826 662 2881 quidem
686 2826 887 2869 solennia
910 2828 1101 2883 (praeter
1123 2826 1313 2880 aliquos,
1340 2825 1416 2880 qui
1439 2825 1496 2867 de
1519 2822 1701 2867 licentia

74 2901 314 2956 praepositi
338 2903 579 2958 generalis,
605 2909 789 2958 propter
811 2902 1009 2958 ipsorum
1033 2902 1319 2945 deuotionem
1344 2908 1388 2943 et
1406 2914 1699 2956 personarum

146 3075 164 3091 a
212 3065 290 3101 Sic.
