2028 3426
360 227 430 273 418
830 229 986 265 PATms
1012 229 1255 264 Hmnoiwm
1281 227 1432 264 NADAL

318 345 486 386 sponsa
510 337 555 375 et
579 330 879 375 obedientiae.
907 329 1088 373 quabit
1110 336 1261 377 autem
1284 330 1342 373 ad
1364 332 1450 374 hoc
1471 330 1728 387 superiores
1746 331 1950 375 omnium

317 408 578 463 regularum
603 408 820 464 cognitio,
848 422 936 450 non
961 407 1108 450 solum
1131 421 1332 450 suarum.

405 485 612 527 Tollatur
644 486 699 528 de
730 484 877 527 medio
906 498 1068 528 sensus
1096 483 1258 537 omnis,
1298 484 1521 540 colloquia
1551 484 1687 530 etiam
1716 485 1946 540 Vniuersa,

307 575 432 616 vquae
455 560 765 605 diuersitatem
784 561 856 604 vel
872 560 1200 604 sententiarum
1220 561 1290 605 vel
1309 561 1559 604 animorum
1572 576 1730 618 parere
1752 561 1944 618 possint.

405 639 478 681 Ad
503 638 815 694 negociorum,
841 651 956 692 quae
996 645 1158 681 tractat
1194 637 1413 690 Societas,
1445 638 1778 694 expeditionem
1809 647 1853 683 et
1877 654 1948 684 re-

315 723 432 758 ctam
457 714 854 770 gubernationem,
895 713 1140 758 christiana
1162 715 1355 770 quadam
1381 716 1688 759 moderatione
1716 723 1761 760 et
1791 716 1941 760 suaui-
1988 715 2012 767 ,ἓξ-

315 799 406 836 tate
450 801 493 836 et
536 792 672 834 animi
713 791 1053 848 magnitudine,
1095 806 1176 848 pro
1218 807 1342 835 more
1387 793 1648 846 Societatis,
1695 795 1944 850 proceden-
1995 788 2021 856 3}

315 870 421 911 dum
447 878 529 914 est.

403 946 474 990 130
499 946 881 989 Animaduertant
903 946 1037 990 etiarn
1062 955 1276 1000 rectores,
1313 954 1361 989 vt
1389 947 1691 991 communiter
1720 963 1772 992 ea
1801 949 1947 991 solum
1987 936 2019 1010 ,Γ

316 1024 528 1066 tratribus
548 1031 747 1076 narrent,
769 1038 884 1078 quae
903 1024 958 1066 ad
976 1024 1336 1067 aedificationem
1355 1024 1600 1081 pertinent.
1623 1025 1755 1080 Quae
1772 1032 1948 1070 secreta
1986 1014 2017 1081 ,ζῖ

315 1108 436 1152 sunt,
463 1102 533 1143 vel
558 1100 741 1143 omnino
766 1100 931 1156 quibus
960 1115 1050 1143 non
1079 1100 1428 1145 aedificarentur
1459 1102 1635 1155 fratres,
1668 1103 1740 1146 vel
1768 1117 1824 1147 ex
1846 1102 1946 1158 qui·

313 1179 398 1220 bus
431 1177 608 1220 curiose
641 1185 845 1234 agerent,
877 1178 948 1221 vel
979 1178 1089 1220 nulli
1122 1178 1473 1230 communicent,
1507 1179 1578 1221 vel
1611 1180 1947 1223 consultoribus
1984 1184 1997 1230 =,'

314 1262 506 1306 tantum,
536 1255 604 1297 vel
630 1254 809 1298 selectis
832 1254 945 1306 aliis,
971 1255 1008 1297 si
1042 1255 1118 1310 qui
1149 1255 1425 1299 videbuntur
1453 1255 1611 1299 iuuare
1641 1271 1774 1312 posse
1795 1257 1946 1300 consi-
1984 1241 2013 1318 ζ’

311 1331 386 1381 lio,
412 1333 481 1375 vel
507 1331 641 1375 etiam
666 1331 739 1375 illa
762 1331 917 1374 notitia
942 1347 1090 1375 rerum
1116 1332 1278 1385 iuuari,
1303 1347 1462 1376 verum
1485 1334 1570 1375 sub
1589 1333 1748 1377 eodem
1767 1341 1945 1377 secreto
1977 1316 1991 1354 '7

312 1408 386 1450 illa
406 1409 660 1452 comittent.

400 1486 668 1542 Superiores
692 1487 773 1528 toti
796 1487 1061 1529 incumbant
1089 1486 1425 1543 gubernationi,
1452 1501 1600 1542 neque
1632 1486 1839 1530 diuidant
1862 1503 1940 1531 cu-

311 1577 407 1604 ram
426 1577 552 1605 suam
577 1571 621 1606 et
644 1578 843 1619 operam,
870 1564 1017 1619 quoad
1042 1563 1140 1608 eius
1161 1563 1259 1608 fieri
1281 1563 1462 1619 poterit.
1490 1564 1611 1608 Satis
1641 1565 1782 1608 multa
1805 1573 1946 1622 agent

311 1640 345 1682 si
369 1642 532 1683 bonam
573 1648 833 1696 rectamque
871 1641 1089 1684 rationem
1123 1641 1314 1683 reddent
1337 1640 1475 1683 officii
1498 1640 1569 1683 sui
1592 1643 1691 1684 Deo
1720 1648 1765 1685 et
1787 1642 1945 1686 Socie-

312 1717 406 1760 tati.
435 1718 552 1761 Sunt
575 1719 694 1761 enim
719 1725 807 1760 tam
829 1719 995 1762 multae
1014 1727 1163 1774 partes
1181 1718 1224 1760 in
1244 1732 1400 1762 eorum
1420 1719 1588 1782 officio,
1610 1733 1723 1773 quas
1741 1718 1779 1762 si
1797 1719 1944 1762 sciant

309 1803 354 1838 et
377 1795 462 1837 illis
485 1795 743 1837 afficiantur
766 1795 1030 1846 efficaciter,
1056 1795 1092 1838 si
1115 1810 1195 1851 pro
1217 1795 1442 1852 dignitate
1465 1795 1564 1839 illas
1587 1803 1750 1852 gerant
1780 1796 1826 1839 in
1850 1798 1944 1840 Do·
1963 1828 1972 1836 .

310 1872 448 1924 mino,
476 1880 522 1914 vt
545 1872 656 1914 nihil
678 1872 735 1914 sit
759 1873 962 1914 futurum
1003 1872 1215 1928 temporis
1246 1871 1429 1926 residui,
1462 1873 1584 1927 quod
1615 1873 1712 1916 aliis
1743 1887 1943 1931 occupa·
1975 1872 1977 1876 ’

312 1950 512 1992 tionibus
537 1949 593 1993 Ι3Ι
618 1949 894 2005 impertiant.
919 1950 975 1992 Et
1015 1957 1165 1992 tamen
1189 1950 1239 1992 fit
1261 1951 1370 2001 fere,
1406 1956 1455 1992 vt
1479 1950 1624 1994 obiter
1652 1950 1835 2006 aliquod
1858 1950 1943 1993 mi-

310 2027 545 2070 nisterium
570 2027 810 2071 Societatis
832 2026 957 2070 obire
980 2027 1172 2082 possint.
1201 2028 1339 2082 Quod
1360 2041 1464 2070 cum
1488 2027 1678 2081 faciunt,
1698 2029 1942 2072 vehemen-

311 2111 377 2147 ter
396 2112 592 2148 caueant
615 2119 671 2148 ne
695 2104 739 2146 id
762 2104 840 2147 fiat
863 2118 967 2147 cum
991 2104 1163 2147 iactura
1181 2104 1495 2157 solicitudinis,
1517 2105 1588 2148 vel
1606 2119 1785 2161 operae,
1807 2119 1941 2160 quam

310 2195 393 2223 suo
416 2181 567 2223 officio
586 2182 769 2224 debent.

398 2257 519 2300 Libri
553 2258 685 2300 Vtiles
713 2258 803 2301 sint
830 2258 1019 2314 expositi
1055 2258 1234 2313 publice
1266 2258 1311 2301 in
1347 2258 1642 2312 bibliotheca,
1674 2259 1748 2301 alii
1778 2259 1824 2302 in
1852 2273 1942 2302 vno
1967 2247 1973 2298 f'

309 2335 519 2377 cubiculo
555 2335 696 2377 clausi
728 2336 997 2386 habeantur,
1031 2335 1106 2390 qui
1139 2335 1315 2378 etiamsi
1353 2337 1410 2378 ad
1443 2335 1764 2380 bibliothecam
1803 2336 1941 2392 perti·

310 2419 462 2464 neant,
489 2420 637 2454 tamen
661 2420 845 2467 possent
868 2412 1173 2454 curiositatem
1199 2414 1387 2455 fratrum
1407 2412 1620 2457 excitare.

398 2490 604 2541 Munera,
647 2503 761 2543 quae
789 2490 1058 2540 offeruntur,
1091 2504 1184 2531 non
1214 2489 1488 2545 recipiantur
1510 2489 1556 2532 in
1585 2489 1788 2545 collegiis
1811 2490 1939 2532 dota-

309 2566 381 2617 tis,
408 2574 456 2607 vt
478 2565 740 2608 constitutio
763 2565 1046 2622 praescribit.
1080 2566 1250 2609 Tamen
1270 2566 1306 2609 si
1330 2566 1438 2621 quid
1460 2566 1615 2623 exigui
1638 2567 1870 2619 momenti,
1895 2568 1965 2612 6ῒῖ-

311 2658 402 2685 non
432 2642 657 2685 ordinarie
690 2642 944 2686 mitteretur
967 2658 991 2685 a
1015 2657 1206 2698 persona
1238 2636 1558 2698 aliqua,‘cuius
1587 2650 1705 2688 esset
1733 2643 1970 2688 habenda·

312 2720 441 2771 ratio,
468 2727 615 2775 potest
637 2719 878 2774 aliquando
901 2717 1063 2775 accipi,
1089 2719 1329 2774 aliquando
1354 2735 1455 2763 non.

399 2797 536 2851 Quod
561 2807 883 2851 nonnunquam
918 2810 943 2838 a
966 2795 1131 2838 nostris
1164 2803 1231 2839 est
1264 2780 1534 2849 factitatum,
1562 2804 1607 2841 et
1627 2797 1809 2852 quidem
1835 2811 1954 2842 cum.

311 2873 623 2916 aedificatione
645 2880 690 2915 et
714 2873 880 2924 fructu,
908 2881 955 2915 vt
989 2887 1072 2915 suo
1101 2871 1364 2916 interuentu
1393 2873 1662 2928 impedirent
1698 2875 1829 2917 ludos
1851 2888 1938 2930 pu-

310 2949 452 2992 blicos
475 2952 732 2992 chartarum
755 2956 800 2992 et
839 2949 1109 3001 taxillorum,
1151 2951 1331 2991 chartas
1369 2950 1503 2992 etiam
1528 2951 1778 2994 lacerarent
1801 2950 1872 2995 132
1893 2956 1952 2994 et'

311 3027 487 3069 taxillos
524 3034 828 3079 contererent,
855 3026 899 3069 id
922 3026 959 3069 si
997 3027 1177 3081 quando
1209 3040 1311 3069 cum
1351 3026 1662 3071 aedificatione
1700 3034 1746 3070 et
1785 3028 1946 3070 fructu·
