2028 3426
657 180 1088 218 INSTRUCTIONEs-—61
1569 176 1639 212 613

24 308 27 310 ·
53 287 234 332 concio.
259 286 473 342 Alioquin
494 286 720 328 vehantur
741 296 858 337 equo
882 282 1057 332 eodem,
1083 280 1327 335 equitando
1357 279 1554 321 vicissim
1572 293 1683 321 con-

59 364 264 408 cionator
286 370 330 408 et
354 362 522 414 socius,
549 361 587 403 si
608 360 666 403 sit
689 373 821 414 opus.

148 440 229 492 Illi,
251 439 327 496 qui
349 455 404 482 ex
427 437 591 481 nostris
613 435 876 480 comitatum
900 441 1010 477 eunt
1032 432 1389 483 concionatoreS,
1417 431 1452 474 si
1476 439 1681 486 possunt,

50 517 420 561 communionem
443 514 665 570 accipiant
687 521 705 537 ³
726 511 801 554 vbi
824 511 1031 554 habenda
1054 517 1122 554 est
1140 508 1319 559 concio,
1338 508 1375 550 si
1395 507 1575 563 quidem
1594 507 1683 549 sint

62 591 453 637 communicaturi.

144 670 354 713 Facultas
376 667 675 711 concionandi
697 666 741 708 in
765 664 923 722 plateis
952 663 1047 706 dari
1076 662 1244 719 poterit
1266 662 1400 704 etiam
1432 676 1458 703 a
1487 669 1679 713 rectore,

53 747 302 790 dummodo
324 743 576 789 aedificatio
612 749 657 786 et
679 742 848 784 Vtilitas
887 746 1113 796 appareat3
1151 753 1254 781 cum
1283 752 1507 781 consensu
1534 745 1684 780 tamen

56 824 259 881 episcopi
281 824 354 865 vel
376 821 474 866 eius
496 819 652 863 vicarii
675 820 721 862 id
744 820 835 862 fiat.

145 905 226 948 655
260 898 460 943 Tametsi
497 898 543 940 in
581 896 750 953 regulis
787 894 953 938 vltimis
991 893 1309 938 exercitiorum
1347 898 1564 934 caueatur
1593 906 1683 933 non

52 993 157 1022 esse
177 976 358 1032 quidem
382 975 561 1031 publice
583 975 639 1016 de
677 972 885 1029 praelatis
914 981 991 1014 aut
1020 970 1298 1027 principibus
1326 969 1681 1023 obloquendum,

58 1069 190 1110 posse
213 1062 361 1096 tamen
384 1058 562 1095 nostros
585 1065 662 1093 eos
686 1050 930 1092 admonere
953 1047 1023 1090 sui
1053 1046 1188 1089 officii
1216 1045 1444 1102 priuatim;
1478 1047 1590 1089 haec
1615 1052 1682 1086 ta-

60 1145 161 1173 men
184 1124 429 1173 admonitio
453 1128 708 1171 cauendum
738 1133 806 1170 est
830 1140 886 1168 ne
915 1125 1101 1181 prodeat
1123 1123 1170 1165 in
1208 1122 1432 1178 publicam
1462 1120 1685 1165 acerbita-

0 1209 1 1219 ’
60 1214 148 1251 tem
173 1214 218 1250 et
240 1205 597 1257 infamationem3
624 1204 745 1258 quod
773 1202 810 1245 si
839 1202 1065 1252 timeatur,
1098 1199 1485 1256 supersedendum
1516 1205 1583 1242 est
1605 1213 1683 1254 po-

51 1283 146 1326 tius
167 1284 241 1326 illa
265 1282 438 1338 priuata
460 1280 764 1323 admonitione
786 1286 830 1322 et
853 1278 1035 1321 omnino
1064 1277 1344 1328 enitendum,
1376 1283 1424 1317 vt
1452 1290 1505 1318 ea
1528 1276 1684 1319 admo-

57 1360 167 1403 nitio
188 1361 267 1402 fiat
284 1374 362 1416 per
384 1358 542 1401 alium.
576 1357 713 1412 Quod
735 1356 772 1399 si
801 1355 1047 1399 necessitas
1077 1362 1251 1410 vrgeat,
1284 1360 1329 1396 et
1358 1353 1472 1395 alius
1496 1367 1585 1396 non
1609 1353 1681 1404 sit,

52 1437 134 1492 qui
151 1438 408 1488 admoneat,
430 1442 554 1478 tanta
572 1433 812 1490 prudentia
824 1440 869 1475 et
886 1432 1023 1475 animi
1041 1430 1348 1474 moderatione
1365 1445 1435 1473 res
1453 1437 1521 1473 est
1539 1437 1685 1472 trans-

58 1514 236 1570 igenda,
262 1520 311 1555 vt
338 1513 471 1568 plane
499 1511 746 1555 admonitio
776 1509 975 1552 suauiter
1005 1507 1268 1563 accipiatur,
1304 1513 1349 1550 et
1377 1507 1574 1548 fructum
1605 1521 1684 1561 pa-

55 1590 139 1634 riat
161 1592 348 1642 bonum,
375 1604 523 1644 neque
546 1603 744 1643 vnquam
767 1588 845 1629 fiat
868 1587 1038 1641 absque
1061 1599 1274 1640 expressa
1297 1584 1513 1627 facultate
1536 1590 1683 1627 recto—

57 1667 133 1719 ris,
159 1681 242 1711 nec
270 1666 345 1709 hic
367 1681 465 1710 eam
499 1667 576 1710 det
606 1665 690 1707 nisi
719 1664 764 1706 id
787 1663 870 1706 sibi
899 1663 1031 1707 liceat
1054 1677 1132 1718 per
1160 1660 1502 1717 prouincialem,
1527 1661 1684 1703 saltem

54 1743 258 1799 generali
282 1742 480 1786 licentia.

61 1867 145 1908 656
441 1876 501 1905 DE
535 1874 960 1905 SUssORDINATIONE
994 1851 1304 1903 SUPERIORIJM

148 1974 375 2025 Minister,
406 1972 699 2016 subminister
727 1979 772 2015 et
804 1972 877 2015 alii
907 1986 1063 2014 omnes
1092 1970 1307 2014 officiales
1336 1970 1620 2025 dependeant
1660 1984 1685 2010 a

54 2065 141 2094 suo
165 2050 410 2106 superiore,
439 2056 658 2105 quantum
681 2050 737 2091 ad
771 2056 916 2091 totum
952 2062 1085 2091 suum
1114 2046 1327 2098 officium,
1363 2046 1423 2088 ita
1453 2052 1501 2086 vt
1532 2045 1684 2086 nullus

57 2130 219 2170 horum
244 2126 383 2182 possit
406 2126 557 2170 dicere
589 2125 825 2181 superiori,
852 2126 939 2167 hoc
969 2125 1041 2167 vel
1070 2124 1179 2166 illud
1210 2138 1309 2166 esse
1338 2122 1408 2164 sui
1441 2121 1590 2173 officii;
1617 2135 1684 2163 re-

58 2203 234 2259 linquas
271 2218 342 2247 me
380 2203 529 2245 facere
566 2202 691 2245 illud.
735 2201 949 2257 Superior
986 2200 1104 2244 enim
1141 2207 1290 2256 potest
1327 2198 1411 2242 sibi
1451 2212 1683 2241 reseruare

56 2280 179 2336 quod
201 2279 285 2335 ipsi
314 2278 555 2331 videbitur,
588 2278 663 2320 vbi
693 2277 896 2322 censebit
923 2276 985 2320 ita
1013 2276 1257 2320 conuenire
1285 2291 1367 2331 pro
1407 2274 1562 2317 maiori
1598 2274 1683 2316 Dei

58 2356 260 2400 seruitio.

147 2432 329 2476 Interim
359 2439 509 2475 tamen
540 2431 744 2474 cuiusuis
775 2430 1018 2486 superioris
1049 2437 1116 2473 est
1149 2443 1358 2473 exercere
1391 2428 1603 2470 officiales
1637 2427 1680 2468 in

59 2508 153 2551 suis
176 2507 350 2562 officiis,
376 2515 420 2552 et
446 2523 537 2550 non
560 2523 720 2564 gerere
743 2509 914 2562 absque
936 2506 1205 2550 necessitate
1228 2505 1488 2548 inferiorum
1518 2502 1679 2553 officia3

60 2585 168 2627 satis
191 2584 311 2627 enim
333 2584 507 2627 illorum
540 2584 692 2627 officia
721 2584 870 2634 faciet,
902 2583 939 2626 si
977 2583 1075 2625 illos
1115 2583 1228 2625 bene
1259 2578 1601 2636 gubernauerit‚
1638 2585 1683 2620 et

60 2660 259 2705 effecerit
283 2668 331 2703 vt
354 2661 542 2715 quilibet
564 2662 680 2704 bene
704 2662 922 2716 fungatur
944 2674 1026 2702 suo
1049 2658 1215 2701 officio.
1242 2659 1344 2700 Hoc
1367 2664 1518 2699 tamen
1548 2654 1681 2697 intel-

60 2736 216 2792 ligitur
238 2738 301 2793 (vt
324 2737 627 2780 necessarium
651 2744 720 2780 est
743 2736 1008 2792 intelligere)
1042 2735 1086 2776 in
1120 2734 1189 2776 his
1221 2733 1397 2784 officiis,
1435 2732 1479 2773 in
1517 2730 1681 2785 quibus

57 2813 276 2856 officiales
299 2826 388 2855 non
412 2814 582 2857 habent
603 2812 874 2864 libertatem3
901 2820 948 2854 vt
971 2819 1076 2854 sunt
1099 2810 1394 2858 consultores,
1428 2805 1680 2849 admonito-

44 3006 51 3022 ,
132 2988 149 3005 a
195 2978 371 3022 accipere
391 2989 461 3014 ms,
