2028 3426
375 201 444 238 828
954 199 1092 235 Episr.
1122 198 1165 233 P.
1194 198 1346 234 NADAL

327 318 464 354 mors,
491 302 588 345 siue
608 300 879 358 praesentia,
899 300 998 345 siue
1017 300 1184 344 futura.
1208 300 1376 344 Omnia
1395 308 1546 344 vestra
1565 309 1687 353 sunt3
1710 315 1791 344 vos
1814 309 1966 346 autem
2024 292 2028 298 ¹

330 380 449 435 xpi„
477 381 621 435 Xpus.
650 386 801 421 autern
826 377 957 421 Dei.»
985 377 1106 420 Hinc
1125 379 1180 420 D.
1205 378 1405 420 Thomas
1427 377 1536 420 dicit
1559 378 1711 420 omnia
1733 392 1832 422 esse
1853 378 1969 431 facta

332 457 402 502 167
443 463 625 512 propter
663 455 917 506 hominem,
959 469 1049 497 non
1088 462 1136 495 vt
1176 453 1483 509 principaliter
1520 454 1763 507 intentum,
1804 456 1884 499 sed
1922 463 1969 498 vt

331 534 483 577 omnia
512 533 602 576 sint
630 533 673 577 ei
700 531 826 574 Vtilia
855 533 912 574 ad
934 531 1037 574 finis
1060 532 1129 574 sui
1153 531 1542 575 consecutionem.
1571 544 1613 576 2.
1639 531 1683 574 di
1728 532 1754 574 i.
1783 546 1826 587 q.
1854 545 1897 576 2.
1925 546 1966 587 3,

330 620 377 655 et
416 610 522 653 alibi
555 624 706 666 saepe3
741 610 863 664 quod
895 608 1039 651 voluit
1073 608 1343 652 Aristoteles
1377 623 1559 664 quoque
1591 608 1758 661 dicere,
1795 609 1869 652 vbi
1909 610 1970 652 ait
2006 660 2011 664 ᾗ

332 689 560 731 hominem
581 702 680 731 esse
699 686 1036 743 quodammodo
1055 686 1190 730 finem
1211 685 1430 730 omniurn.
1456 687 1587 729 Vnus
1605 701 1717 743 ergo
1735 694 1803 730 est
1825 688 1967 740 Deus,

331 781 422 821 quo
448 766 688 808 fruendum
712 772 796 816 est,
823 763 921 807 aliis
943 763 1154 806 omnibus
1178 763 1414 806 Vtendum.
1442 763 1682 807 Inferimus
1706 764 1847 820 igitur
1878 764 1971 820 pri·
2020 819 2027 823 μ

333 858 455 886 mum
481 843 697 885 vtendurn
723 841 942 884 creaturis
965 842 1037 884 vel
1061 840 1398 893 abstinendum,
1431 849 1565 897 prout
1594 842 1651 884 ad
1683 844 1804 884 hunc
1834 833 1976 886 finem⁸

332 921 577 963 conferunt
601 920 670 962 vel
695 920 879 971 obsunt,
906 933 1008 961 nam
1033 919 1146 961 haec
1169 925 1238 960 est
1261 918 1374 960 ratio
1397 933 1505 962 vsus
1528 927 1574 962 et
1596 918 1892 961 ordinationis
1915 919 1971 961 ad

332 999 486 1050 finem3
515 996 714 1052 ¹alioquin
738 995 1022 1038 inordinatus
1046 1003 1166 1039 esset
1191 1010 1313 1038 Vsus.

423 1074 509 1117 His
538 1074 783 1126 stantibus,
816 1072 880 1115 sic
909 1080 1220 1128 argumentor.
1249 1073 1322 1115 Ad
1346 1075 1492 1116 Deum
1519 1081 1732 1128 tanquam
1756 1074 1812 1116 ad
1835 1074 1969 1116 finem

334 1152 543 1194 Vltimum
565 1153 703 1194 homo
727 1157 907 1193 creatus
930 1157 1015 1200 est,
1047 1158 1052 1207 Ι
1082 1149 1254 1204 reliqua
1276 1165 1385 1194 vero
1407 1158 1454 1192 vt
1478 1150 1704 1195 hominem
1729 1151 1888 1195 iuuent
1916 1152 1972 1193 ad

333 1229 459 1271 illurn
493 1229 630 1270 finem
665 1227 1055 1282 consequendum.
1084 1227 1229 1283 Igitur
1251 1227 1315 1269 vti
1337 1228 1471 1270 debet
1496 1235 1671 1270 tantum
1697 1228 1800 1280 illis,
1826 1243 1972 1284 quan-

335 1315 430 1349 tum
466 1307 521 1348 ad
555 1305 681 1348 illum
715 1305 853 1348 finem
888 1305 1170 1347 conducunt.
1209 1304 1329 1347 Hinc
1353 1304 1586 1348 subinfero
1610 1305 1968 1355 conclusionem,

304 1380 313 1384 ”
332 1385 391 1428 de
415 1398 503 1438 qua
527 1390 596 1426 est
618 1382 876 1425 difficultas.
905 1383 1028 1438 Ergo
1051 1383 1287 1433 debemus,
1314 1383 1464 1438 quoad
1486 1382 1532 1424 in
1555 1382 1685 1425 nobis
1704 1381 1972 1437 relinquitur

335 1461 545 1512 liberum,
582 1462 668 1502 hoc
701 1468 786 1510 est,
823 1467 1049 1514 quatenus
1080 1459 1190 1502 illud
1225 1474 1314 1502 non
1348 1459 1555 1516 prohibet
1589 1459 1719 1502 nobis
1751 1461 1893 1511 Deus,
1929 1467 1972 1502 et
2026 1467 2028 1469 ’

332 1546 561 1593 quatenus
584 1537 705 1580 licite
737 1551 996 1593 possumus,
1031 1536 1341 1581 indifferenter
1365 1537 1408 1580 in
1439 1545 1456 1562 ³
1478 1545 1709 1582 creaturas
1731 1537 1853 1590 ferri,
1889 1551 1971 1580 nec
2024 1530 2028 1535 ’

333 1615 481 1672 magis
504 1630 638 1658 Vnam
663 1630 814 1658 amare
837 1615 908 1658 vel
933 1614 1104 1670 eligere
1126 1629 1264 1669 quam
1286 1614 1434 1667 aliam3
1457 1622 1505 1656 vt
1522 1614 1692 1658 scilicet
1712 1615 1792 1658 soli
1813 1616 1971 1658 volun-

334 1693 415 1735 tati
437 1692 620 1736 diuinae
643 1694 930 1744 haereamus,
957 1698 1002 1735 et
1026 1707 1081 1736 ex
1105 1691 1179 1734 illa
1203 1699 1341 1746 atque
1363 1691 1462 1735 eius
1485 1707 1637 1736 amore
1660 1692 1973 1748 concipiamus
2024 1682 2028 1685 ¹

327 1781 374 1813 et
397 1785 597 1814 amorem
637 1777 681 1813 et
717 1769 988 1813 electionem
1022 1776 1350 1812 creaturarum.
1392 1770 1461 1823 Et,
1489 1777 1537 1811 vt
1570 1784 1727 1825 puram
1762 1770 1885 1812 omni
1918 1785 1973 1813 ex

334 1855 460 1902 parte
493 1846 833 1890 conclusionem
864 1853 1275 1901 repraesentemus,
1313 1847 1644 1891 aduertendum
1678 1855 1748 1890 est
1777 1862 1859 1890 nos
1882 1862 1972 1890 non

331 1925 589 1980 intelligere
622 1924 789 1968 debere
823 1938 906 1967 nos
939 1938 1040 1967 esse
1075 1923 1149 1968 168
1182 1923 1493 1968 indifferentes
1516 1924 1561 1967 in
1585 1924 1830 1967 Vniuersali
1854 1932 1899 1969 et
1921 1925 1972 1981 (si

335 2001 459 2057 velis)
490 2001 535 2043 in
568 2001 706 2044 animi
739 2001 1084 2057 praeparatione
1116 2002 1172 2044 ad
1207 2015 1279 2044 res
1313 2016 1472 2044 omnes
1504 2010 1696 2054 creatas,
1732 2017 1849 2057 quae
1881 2016 1970 2045 non

329 2085 437 2121 sunt
460 2078 734 2134 prohibitae,
761 2093 862 2121 narn
888 2078 935 2120 in
959 2077 1203 2121 vniuersali
1227 2093 1401 2135 semper
1434 2079 1581 2135 magis
1611 2079 1896 2122 laudabimus
1927 2087 1972 2122 et

330 2155 622 2199 censebimus
645 2155 792 2211 magis
815 2155 1043 2211 eligenda,
1068 2170 1184 2210 quae
1206 2164 1314 2198 sunt
1337 2156 1758 2212 supererogationis
1787 2165 1832 2200 et
1860 2171 1970 2200 con-
2024 2163 2028 2169 ’

331 2231 434 2284 silii,
472 2247 606 2287 quarn
640 2232 882 2284 contraria,
919 2233 1040 2288 quod
1072 2247 1287 2288 expresse
1320 2233 1512 2276 facimus
1540 2233 1585 2276 in
1610 2234 1779 2289 regulis
1802 2233 1971 2276 vltimis

329 2309 666 2363 exercitiorum;
704 2311 784 2353 sed
818 2310 862 2352 in
887 2309 1145 2366 particulari
1170 2310 1364 2353 dicimus
1388 2318 1523 2366 atque
1549 2310 1592 2352 in
1618 2325 1664 2354 re
1687 2311 1799 2367 ipsa,
1826 2326 1970 2367 quan-

332 2396 427 2429 tum
451 2387 614 2430 attinet
637 2394 686 2429 vt
708 2389 822 2432 haec
846 2388 918 2432 vel
941 2387 1017 2430 illa
1039 2387 1280 2443 eligamus,
1307 2387 1467 2430 melius
1485 2402 1584 2431 esse
1602 2396 1650 2430 vt
1667 2389 1722 2430 ad
1741 2396 1970 2431 creaturas
2012 2424 2014 2426 .

334 2463 645 2509 indifferenter
669 2465 881 2516 feramur,
917 2479 970 2508 ac
1004 2464 1115 2506 nihil
1149 2466 1204 2508 de
1237 2472 1391 2507 nostra
1415 2465 1650 2509 voluntate
1672 2465 1967 2516 adducamus,
2008 2512 2011 2513 ⁷

334 2555 418 2583 nec
441 2555 496 2584 ex
530 2540 617 2584 illis
640 2541 912 2598 principium
937 2556 1187 2593 sumamus,
1215 2549 1262 2584 vt
1284 2541 1382 2585 illas
1404 2541 1628 2598 eligamus
1652 2543 1721 2584 vel
1745 2556 1965 2595 amemus,

332 2619 412 2662 sed
434 2633 490 2662 ex
514 2618 600 2661 illis
633 2618 882 2675 principiis,
924 2633 1041 2675 quae
1078 2619 1288 2674 superius
1324 2619 1557 2674 posuimus
1580 2633 1631 2662 ac
1656 2619 1962 2674 probauimus.

335 2696 467 2738 Hanc
491 2695 846 2744 conclusionem,
870 2696 1080 2750 quamuis
1102 2696 1212 2738 satis
1233 2696 1485 2752 probatam,
1516 2696 1522 2752 Ι
1552 2696 1790 2752 intelliget,
1813 2696 1887 2751 qui
1912 2695 1967 2738 ad

331 2787 401 2823 ea,
427 2786 543 2826 quae
565 2772 777 2823 diximus,
804 2772 1062 2816 attenderit.
1089 2772 1188 2829 Ego
1212 2781 1363 2815 tamen
1385 2774 1680 2825 confirmabo,
1713 2781 1761 2815 vt
1785 2772 1966 2829 promisi

333 2862 404 2891 me
426 2862 526 2891 esse
551 2849 793 2893 facturum.

404 3023 420 3038 ³
473 3013 513 3047 in
534 3013 577 3047 in
600 3026 670 3048 ms.
