2028 3426
611 250 886 285 MONUMENTA
912 249 1177 292 ITALIAE-17
1599 249 1663 294 153

75 354 213 404 ,nobis
240 366 504 409 persuasum
536 366 561 394 a
588 350 754 393 nostris
783 349 1014 392 obseruari
1047 355 1219 401 exacte;
1262 362 1410 403 neque
1448 349 1567 391 enim
1605 350 1710 392 alibi

34 459 38 463 -
64 429 238 475 ‘maiori
260 428 410 472 studio
433 442 486 470 ac
508 426 899 482 circunspectione
921 425 1228 481 invigilamus,
1254 431 1300 467 et
1321 433 1444 467 certa
1473 427 1708 485 spe·duci-

82 523 184 551 mur
203 507 248 549 in
271 505 455 549 Christo
482 504 489 561 Ι
517 505 615 547 fore
636 503 685 546 in
705 502 932 547 Societate
963 501 1099 544 huius
1127 500 1243 544 sacri
1272 501 1506 543 ministerii
1536 504 1706 545 confes-

58 571 218 628 ‘.sionis
240 582 576 638 synceritatem.
600 580 738 635 Quod
759 579 796 621 si
818 579 986 634 aliquid
1009 579 1066 621 sit
1088 579 1144 620 de
1162 579 1313 630 rebus,
1336 592 1451 632 quae
1468 578 1514 620 in
1533 580 1709 623 confes-

81 661 207 704 sione
230 659 563 715 transiguntur,
584 658 790 708 relatum,
817 670 1013 710 aequum
1036 662 1105 698 est
1128 664 1175 697 vt
1197 654 1456 697 nominetur
1478 657 1709 699 confessa

35 761 38 766 -
84 737 190 789 rius,
212 723 353 791 vatque
381 736 636 778 libertatem
665 733 856 789 accipiat
883 735 939 776 ab
962 747 1031 785 eo,
1058 732 1188 775 cuius
1217 732 1550 776 confessionem
1581 733 1710 776 audi-

49 800 69 811 *
86 814 165 867 uit,
192 820 239 855 vt
261 814 401 856 libere
423 811 565 868 possit
583 826 817 861 excusare,
843 824 923 852 cur
946 811 1003 853 de
1024 809 1110 862 his,
1137 810 1256 852 vnde
1283 816 1381 851 orta
1403 816 1471 851 est
1500 809 1707 861 offensio,

46 900 51 905 ’
83 889 445 945 interrogauerit3
467 903 571 931 nam
593 889 736 930 multa
757 885 880 942 sunt,
901 886 946 928 in
965 887 1130 941 quibus
1148 884 1326 941 peccari
1343 885 1544 941 grauiter
1562 894 1712 941 potest

85 966 200 1010 inter
236 965 471 1021 coniuges;
514 964 682 1020 alioqui
711 964 844 1019 plane
882 978 953 1005 res
991 970 1059 1005 est
1096 962 1352 1004 miseranda
1389 963 1711 1006 confitentibus

48 1063 50 1065 ·
81 1058 178 1087 esse
211 1043 403 1085 liberum
436 1042 493 1086 de
523 1040 812 1085 confessariis
840 1023 1101 1094 obloqui‘vt
1130 1040 1300 1091 lubeat,
1333 1053 1437 1081 cum
1464 1039 1509 1080 hi
1537 1039 1712 1084 hiscere

83 1136 172 1164 non
193 1119 369 1176 possint
393 1133 474 1174 pro
496 1133 578 1161 sua
601 1117 860 1161 innocentia
883 1117 1211 1160 conseruanda.

62 1194 63 1197 ¹
171 1202 416 1239 obiectio.
480 1197 549 1239 De
572 1182 880 1250 prohibitlone
902 1193 1058 1236 debiti.

171 1279 477 1324 Responsio.
540 1273 659 1316 Sunt
675 1270 826 1314 variae
844 1285 1024 1322 causae,
1047 1277 1319 1325 quapropter
1336 1269 1538 1313 debitum
1557 1270 1711 1312 coniu-

59 1375 68 1400 ς
82 1366 164 1408 ges
184 1351 300 1394 inter
322 1365 370 1393 se
388 1363 557 1406 negare
574 1348 764 1405 possint,
785 1361 1127 1401 nonnumquam
1146 1346 1282 1390 etiam
1302 1347 1513 1398 debeant,
1534 1354 1712 1402 praeter

83 1443 178 1473 eam
201 1426 541 1478 continentiam,
566 1440 682 1480 quae
700 1439 755 1468 ex
773 1438 998 1467 consensu
1016 1423 1190 1465 institui
1208 1430 1353 1478 potest
1374 1424 1430 1465 ad
1448 1430 1642 1479 tempus,
1663 1432 1711 1465 vt

79 1504 269 1554 orationi
291 1505 423 1547 detur
446 1517 597 1558 opera,
623 1502 744 1556 quod
761 1508 831 1543 est
854 1501 1068 1553 theologo
1086 1500 1391 1543 manifestum.
1420 1501 1605 1544 Praeter
1629 1503 1711 1543 has

81 1596 257 1633 causas,
284 1580 579 1623 redditionem
602 1578 742 1621 debiti
765 1577 1049 1633 prohibuisse
1073 1591 1344 1632 quemquam
1368 1592 1393 1620 e
1416 1577 1600 1629 nostris,
1627 1592 1709 1620 nec

82 1658 246 1702 Scimus
268 1672 351 1701 nec
374 1656 616 1701 credimus.
648 1654 772 1698 Nihil
802 1654 885 1696 fuit
917 1654 1099 1708 quidem
1124 1667 1206 1695 cur
1235 1655 1291 1697 de
1314 1656 1398 1696 hac
1430 1669 1477 1697 re
1506 1655 1708 1710 regulam

79 1735 375 1778 scriberemus
412 1732 701 1789 peculiarem,
742 1738 811 1774 sat
845 1738 992 1773 tamen
1026 1728 1295 1786 intelligitur
1323 1745 1406 1772 nos
1437 1730 1577 1774 debiti
1606 1731 1705 1773 red—

79 1811 291 1854 ditionem
313 1825 403 1852 non
427 1808 680 1865 prohibere,
706 1823 810 1850 cum
833 1807 877 1848 in
902 1807 1059 1861 regula
1088 1821 1331 1849 caueamus
1361 1822 1418 1850 ne
1446 1807 1708 1849 communio

81 1902 205 1930 sacra
227 1887 430 1930 crebrius
453 1900 588 1941 quarn
606 1885 746 1927 semel
762 1884 808 1926 in
826 1883 1108 1926 hebdomada
1125 1882 1409 1936 exhibeatur,
1431 1883 1484 1925 iis
1502 1898 1710 1939 praeser—

77 1951 177 2018 tim,
203 1964 280 2019 qui
302 1962 587 2006 matrimonio
610 1968 716 2004 sunt
737 1959 981 2003 coniuncti.

169 2045 412 2082 obiectio.
475 2041 545 2082 De
583 2036 920 2080 transmissione
959 2051 1199 2092 puerorum
1243 2037 1299 2078 ad
1336 2037 1487 2092 plures
1530 2039 1709 2081 confes-

83 2118 226 2162 sarios
249 2132 327 2174 pro
350 2116 531 2160 casibus
555 2114 810 2158 reseruatis.

41 2247 43 2250 ι
169 2200 480 2245 Responsio.
544 2192 680 2248 Quod
710 2191 963 2247 legitimum
993 2197 1039 2233 et
1066 2191 1305 2246 probatum
1334 2190 1380 2232 in
1409 2191 1597 2233 ecclesia
1625 2192 1709 2234 Dei

58 2331 60 2334 .
83 2279 166 2324 est,
192 2274 411 2315 habemus
440 2278 485 2313 et
507 2285 589 2313 nos
612 2270 656 2311 in
680 2268 907 2313 Societate
930 2281 1061 2310 Casus
1084 2274 1356 2319 reseruatos,
1383 2281 1467 2309 nec
1492 2267 1708 2312 rationem

85 2347 212 2391 aliam
236 2347 557 2391 reseruationis
581 2346 816 2396 habemus,
843 2359 976 2399 quam
1002 2358 1117 2398 quae
1146 2350 1214 2385 est
1243 2343 1288 2385 in
1318 2343 1507 2386 ecclesia
1530 2344 1707 2397 vsitata,

11 2472 13 2484 ἦ
84 2432 147 2476 vt,
172 2424 304 2466 sicui
328 2438 460 2466 casus
490 2422 714 2465 accideret
745 2429 1016 2471 reseruatus,
1050 2419 1087 2462 is
1116 2420 1172 2462 ad
1202 2434 1322 2473 eum,
1355 2419 1430 2461 cui
1452 2427 1709 2463 reseruatus

67 2499 174 2549 ,256
197 2509 280 2552 est,
306 2500 574 2542 mitteretur.
600 2499 762 2552 Neque
778 2511 886 2539 vero
904 2496 948 2538 in
968 2496 1195 2540 Societate
1213 2495 1342 2538 aliter
1359 2497 1502 2548 fieret,
1524 2496 1560 2539 si
1579 2511 1709 2540 casus

85 2576 243 2632 aliquis
264 2575 523 2619 huiusmodi
545 2574 847 2630 contingeret,
878 2574 999 2629 quod
1027 2572 1251 2616 Dominus
1280 2580 1471 2624 auertat3
1503 2580 1548 2616 et
1576 2574 1710 2616 mira—

48 2648 184 2701 Jmur
210 2642 342 2709 plane
370 2667 468 2696 eam
499 2666 598 2695 esse
622 2653 785 2693 factam
808 2650 1095 2702 delationem;
1121 2648 1342 2704 siquidem
1366 2650 1475 2692 iuris
1498 2665 1596 2693 esse
1622 2664 1709 2692 non

13 2749 15 2786 j
74 2737 247 2793 potest,
272 2730 393 2784 quod
416 2736 485 2771 est
507 2728 553 2770 in
575 2726 767 2771 ecclesia
789 2725 1045 2778 commune,
1072 2727 1151 2768 sed
1180 2726 1302 2778 facti,
1337 2727 1457 2780 quod
1488 2727 1655 2768 factum
1685 2741 1710 2768 a

10 2805 12 2812 ’
48 2838 51 2841 .
86 2806 357 2853 confessario
393 2803 585 2860 intelligi
622 2818 716 2846 non
752 2803 914 2858 potuit3
955 2817 1039 2846 nec
1076 2802 1195 2845 enim
1234 2803 1289 2845 de
1328 2816 1552 2856 quoquam
1587 2802 1708 2844 credi

9 2934 12 2939 .
87 2888 233 2937 potest
251 2890 424 2924 tantum
441 2881 679 2937 flagitium,
694 2886 741 2921 vt
760 2879 1093 2922 confessionem
1113 2880 1482 2922 sacramentalem
1502 2880 1705 2934 euulget,

64 2961 66 2963 ’
88 2959 227 3000 multo
243 2958 406 3010 minus,
427 2965 474 3000 vt
490 2958 547 3000 de
561 2959 645 2999 hac
664 2971 711 2999 re
733 2955 887 2998 audiat
904 2955 1154 3010 injudicio.
1175 2957 1329 3010 Quare
1347 2955 1709 2998 animaduertant

89 3034 412 3077 dominationes
434 3042 610 3076 vestrae
633 3033 799 3075 Illmae.
833 3048 889 3076 ne
920 3033 1034 3075 forte
1066 3031 1226 3087 aliquis
1255 3031 1495 3075 Societatis
1530 3032 1600 3074 vel
1628 3032 1708 3074 de·
