2028 3426
0 3343 1 3371 ἡ
50 3346 57 3353 x

548 235 780 271 ORAT10NIS
807 244 1247 281 OBSERVATioNEs—7o
1594 247 1614 283 7
1624 247 1635 274 ι
1643 248 1663 284 5

86 334 280 386 sitatem,
306 341 355 376 vt
377 335 413 376 si
445 335 568 377 dicas
592 335 809 391 gladium,
835 336 911 392 qui
940 337 1162 382 diuideret
1189 338 1250 380 illi
1281 353 1359 381 cor
1392 347 1525 394 atque
1556 341 1710 384 Vltima

87 425 291 466 quaeque
314 410 502 455 viscera.
532 413 634 454 Hoc
659 427 761 454 cum
786 413 829 455 in
853 414 1110 469 particulari
1134 430 1227 457 non
1254 415 1544 471 intelligeret,
1570 419 1709 461 vehe—

86 494 260 530 menter
282 495 350 531 est
373 496 625 530 commotus
648 497 695 530 vt
717 487 797 544 pro
820 490 894 532 illo
917 499 1081 536 oraret.

177 564 399 608 Postridie
422 565 643 608 intellexit
665 581 754 608 non
778 567 875 609 fieri
899 569 990 610 fere
1011 583 1162 612 veram
1187 569 1452 620 orationem,
1474 577 1710 625 propterea

88 641 208 695 quod
231 655 320 682 non
345 641 603 684 sentiuntur
627 643 758 694 mala,
785 645 839 685 ad
863 658 976 698 quae
996 647 1241 689 euertenda
1259 647 1511 689 necessaria
1528 654 1710 690 estora-

88 717 167 770 tio;
193 725 238 759 et
261 722 346 763 242
370 733 504 773 supra
527 733 660 772 quam
686 719 932 774 exprimere
954 729 1102 776 potest
1124 722 1346 765 sentiebat
1368 724 1483 766 mala
1500 731 1712 779 peccato—

88 809 204 845 rum,
230 796 351 849 quod
374 797 519 838 Deum
544 794 786 851 attingant,
811 804 855 839 et
886 805 1067 852 propter
1095 813 1210 853 quae
1232 807 1301 842 est
1329 801 1463 842 horno
1492 801 1637 842 factus
1665 808 1710 844 et

88 879 291 914 mortuus
324 873 464 914 Deus:
499 878 592 913 tum
625 880 804 927 propter
834 887 949 927 quae
982 874 1223 930 imaginem
1257 890 1382 918 suam
1413 876 1457 918 in
1487 884 1708 918 tartarum

87 949 361 990 condemnat
384 947 480 990 sine
502 949 606 990 fine.

177 1024 372 1079 Quidam
397 1025 652 1067 celebrabat
677 1025 856 1068 missam
874 1027 930 1069 de
948 1027 1146 1082 quinque
1164 1029 1325 1084 plagis,
1347 1037 1406 1080 et,
1428 1044 1530 1072 cum
1550 1030 1593 1071 in
1613 1030 1714 1072 aliis

92 1101 240 1156 plagis
263 1115 352 1143 non
377 1101 565 1144 sentiret
587 1101 892 1153 deuotionem,
918 1103 963 1145 in
987 1105 1118 1159 plaga
1147 1105 1299 1148 lateris
1328 1105 1467 1149 sensit
1495 1121 1585 1149 non
1614 1122 1710 1150 me-

91 1177 306 1229 diocrem,
333 1178 460 1232 quasi
484 1176 593 1219 ill'ud
615 1179 780 1220 vulnus
802 1179 987 1222 sentiret
1009 1180 1224 1223 inflictum
1250 1197 1330 1237 per
1357 1197 1433 1225 cor
1456 1182 1560 1238 Xpi.
1588 1198 1712 1226 mor—

92 1261 219 1296 tuum
243 1254 286 1296 in
311 1261 464 1297 nostra
486 1256 620 1297 corda
643 1254 763 1307 viua3
789 1257 955 1298 vulnus
978 1264 1125 1299 autem
1151 1258 1279 1300 nobis
1302 1258 1520 1301 inflictum
1546 1260 1711 1303 sentie—

90 1331 167 1372 bat
194 1345 293 1373 esse
326 1330 503 1373 amoris:
537 1333 653 1373 vnde
681 1332 916 1387 plenitudo
945 1333 1145 1376 omnium
1175 1350 1387 1378 sensuum
1411 1335 1708 1391 spiritualium

91 1407 338 1449 deriuatur.

183 1484 438 1526 «Adueniat
461 1499 650 1540 regnum
674 1493 827 1528 tuum»
856 1487 899 1528 id
923 1495 1006 1536 est,
1035 1489 1178 1542 Xpus.
1207 1488 1250 1529 in
1273 1489 1411 1531 corda
1435 1496 1602 1531 nostra.

178 1560 346 1612 Timor,
372 1561 707 1613 condimentum
731 1564 949 1605 donorum
974 1563 1156 1618 spiritus
1174 1565 1391 1617 omnium,
1413 1573 1505 1607 tum
1524 1566 1710 1608 aliarum

89 1637 288 1679 omnium
311 1637 558 1693 gratiarum
582 1645 625 1681 et
649 1639 974 1694 operationum,
1002 1648 1046 1683 et
1064 1641 1192 1695 quasi
1209 1641 1332 1684 dicas
1349 1642 1553 1684 custodia
1572 1657 1715 1698 quae-

91 1715 192 1756 dam
217 1713 485 1765 necessaria,
511 1730 568 1758 ne
590 1724 866 1758 euanescant
888 1718 944 1760 de
967 1717 1097 1759 nobis
1120 1725 1165 1761 et
1193 1720 1515 1773 supereffluant
1544 1719 1599 1761 de
1629 1733 1710 1761 no·
1763 1750 1767 1754 -

91 1798 184 1832 stro
206 1791 407 1834 abusu...
1245 1849 1249 1853 ι

178 1867 374 1922 Quidam
399 1882 628 1922 nunquam
654 1870 746 1913 fere
768 1869 992 1926 insignem
1017 1871 1209 1926 aliquem
1233 1887 1412 1916 sensum
1439 1873 1609 1916 timoris
1628 1874 1713 1916 Dei

91 1943 240 1988 fuerat
263 1951 582 2000 ex244pertus:
614 1946 822 2002 contigit,
849 1962 953 1989 cum
985 1948 1205 2004 cogitaret
1237 1950 1293 1991 de
1321 1950 1415 1992 suis
1443 1950 1715 2003 defectibus,

90 2020 225 2063 etiam
248 2022 323 2063 vbi
345 2021 514 2077 optime
536 2022 764 2065 videretur
786 2025 969 2077 habere,
995 2024 1128 2067 simul
1151 2026 1366 2081 Origenis
1384 2027 1713 2077 recordaretur,

92 2097 380 2151 Tertulliani,
422 2099 711 2154 Apollinaris,
738 2100 830 2154 qui,
858 2107 947 2143 tam
981 2102 1221 2146 excellenti
1252 2102 1418 2158 pietate
1450 2112 1494 2146 et
1525 2103 1714 2147 scientia

91 2188 230 2228 quum
261 2174 468 2227 fuissent,
501 2183 607 2217 sunt
634 2176 761 2231 lapsi:
794 2177 931 2219 subiit
959 2185 1048 2220 tam
1078 2179 1193 2221 acris
1222 2194 1382 2223 sensus
1412 2180 1583 2222 timoris
1612 2181 1713 2231 Dei,

91 2250 218 2304 quasi
239 2251 413 2295 videret
435 2251 520 2294 sibi
542 2266 597 2293 ex
620 2252 798 2308 integro
820 2254 957 2297 vitam
982 2255 1300 2307 inchoandam,
1327 2270 1378 2299 ac
1401 2265 1617 2312 perpetuo
1640 2257 1718 2298 illo

93 2326 252 2370 timore
276 2328 580 2372 muniendam.
993 2379 1004 2387 N

179 2404 396 2458 Sequenti
429 2405 502 2447 die
535 2405 579 2447 in
613 2406 748 2449 missa
785 2409 1101 2452 vehementius
1133 2416 1201 2452 est
1238 2409 1311 2452 ille
1345 2424 1503 2452 sensus
1544 2410 1716 2451 timoris

92 2480 327 2522 adauctus:
354 2480 411 2522 sit
432 2482 614 2524 Christo
636 2483 835 2537 gloria...

181 2558 291 2599 Post
313 2558 427 2599 duos
449 2557 544 2601 dies
566 2559 871 2611 desolationis,
898 2575 1013 2615 quae
1036 2561 1274 2605 videbatur
1296 2562 1352 2603 ad
1374 2561 1716 2616 pusillanimita-

93 2640 180 2675 tem
211 2640 433 2688 spectare,
464 2636 597 2677 datus
626 2635 711 2677 fuit
739 2636 919 2678 cuidam
951 2637 1135 2693 spiritus
1163 2638 1547 2693 magnanimitatis
1575 2638 1717 2680 maior

92 2722 226 2763 quam
251 2723 450 2764 unquam
475 2720 692 2763 senserat,
719 2719 764 2754 et
791 2712 835 2754 in
870 2713 940 2755 his
962 2715 1242 2768 praesertim,
1277 2729 1390 2769 quae
1424 2715 1479 2755 ad
1511 2714 1717 2757 Societa-

95 2791 184 2828 tem
208 2785 416 2838 attinent,
441 2794 487 2829 et
509 2802 625 2842 quae
647 2790 703 2830 ad
725 2789 1008 2833 reducendos
1029 2791 1280 2833 haereticos
1302 2791 1358 2833 ad
1376 2792 1509 2834 fidem
1528 2798 1571 2834 et
1588 2791 1716 2832 vnio-

93 2876 196 2905 nem
220 2862 492 2918 apostolicae
519 2865 652 2907 sedis.
685 2867 792 2909 Erat
819 2867 933 2909 haec
960 2867 1309 2922 magnanimitas
1339 2867 1583 2909 coniuncta
1612 2882 1715 2913 cum

95 2938 309 2981 facilitate
333 2940 657 2984 humiliationis
681 2944 737 2985 ad
760 2943 966 2997 quemuis
990 2944 1233 2988 hominem.

182 3015 449 3070 Spirituales
471 3018 805 3062 consolationes
827 3027 872 3062 et
900 3020 1017 3062 dona
1046 3019 1131 3063 Dei
1163 3020 1344 3062 sensilia
1375 3021 1626 3076 expetenda
1661 3022 1717 3063 ad
