2028 3426
333 230 403 267 474
807 221 960 256 PATms
988 221 1231 256 Hmnonvm
1257 219 1408 256 NADAL

288 323 426 378 tione,
457 324 719 380 praesertim
757 322 1012 366 mulierum.
1043 323 1113 366 De
1150 321 1343 367 lectione
1380 321 1596 365 librorum
1636 323 1707 366 vel
1734 331 1918 378 aspectu

287 408 574 445 externarum
594 415 759 452 rerum,
781 401 900 443 vnde
923 398 1108 443 excitari
1125 406 1308 455 possent
1331 406 1485 458 turpes
1502 399 1819 456 cogitationes.
1844 400 1918 442 An

288 477 530 533 diligenter
553 477 723 534 fugerit
745 476 1022 520 occasiones.
1050 477 1119 519 De
1142 476 1348 519 custodia
1370 490 1602 521 sensuum.

903 609 965 638 DE
999 608 1315 638 PAUPERTATE

378 711 453 753 An
476 708 641 764 aliquid
665 709 830 751 habeat
853 706 981 762 quasi
1004 707 1250 763 proprium.
1279 708 1353 750 An
1377 706 1546 762 aliquid
1568 708 1733 750 habeat
1763 715 1920 749 contra

288 787 361 830 vel
384 793 561 842 praeter
583 784 886 828 obedientiam
916 783 1160 840 superioris
1188 784 1260 828 vel
1293 784 1626 827 absconditum.
1659 783 1730 826 An
1756 785 1921 827 habeat

289 863 457 918 aliquid
487 863 547 904 ita
578 864 785 912 charum,
816 868 865 902 vt
892 862 1084 905 moleste
1112 860 1170 904 sit
1192 861 1383 913 laturus,
1410 861 1447 904 si
1470 862 1525 904 ab
1550 861 1624 904 illo
1648 861 1919 911 auferretur,

288 948 332 984 et
367 940 550 983 omnino
573 941 629 984 de
662 938 798 981 nimia
826 938 1068 983 affectione
1090 953 1200 995 erga
1232 938 1293 991 id,
1328 938 1425 982 siue
1457 939 1579 995 quod
1606 940 1787 990 habeat,
1825 938 1921 982 siue

289 1018 409 1072 quod
433 1031 522 1059 non
546 1017 724 1059 habeat.
751 1015 826 1059 An
854 1015 1022 1071 aliquid
1050 1015 1276 1059 desideret
1299 1016 1470 1060 habere
1499 1024 1676 1071 praeter
1705 1015 1921 1060 obedien-

291 1094 413 1139 tiam.
452 1097 534 1138 295
567 1095 642 1137 An
672 1093 808 1136 fuerit
837 1093 1077 1149 negligens
1116 1093 1161 1135 in
1199 1093 1528 1137 conseruandis
1561 1094 1714 1144 rebus,
1756 1092 1922 1148 quibus

288 1170 444 1212 vtitur.
472 1171 547 1213 An
566 1170 735 1225 aliquid
752 1170 826 1214 vel
842 1169 1032 1223 dederit,
1053 1170 1125 1214 vel
1148 1169 1389 1226 acceperit,
1412 1170 1482 1214 vel
1506 1185 1531 1212 a
1549 1169 1825 1222 domesticis,
1851 1170 1922 1214 vel

290 1249 345 1290 ab
369 1247 568 1291 externis
591 1247 765 1290 iniussu
783 1247 1071 1304 superiorum
1094 1255 1126 1289 ἃ.
1147 1246 1220 1289 An
1244 1246 1414 1302 aliquid
1431 1262 1487 1291 ex
1509 1247 1645 1290 rebus
1662 1245 1923 1290 domesticis

289 1324 529 1380 acceperit.
564 1326 639 1369 An
672 1324 840 1380 aliquid
872 1323 1085 1380 stipendii
1121 1325 1193 1367 vel
1226 1324 1539 1380 eleemosynae
1577 1322 1804 1379 acceperit
1842 1337 1923 1379 pro

289 1401 438 1457 aliquo
461 1401 725 1457 mynisterio
748 1401 1009 1454 Societatis,
1034 1402 1106 1444 vel
1130 1400 1216 1444 alia
1239 1415 1511 1456 quacunque
1535 1401 1724 1443 ratione.
1752 1401 1828 1443 An
1851 1401 1923 1444 vel

290 1479 455 1522 habeat
479 1478 673 1534 aliquam
696 1478 938 1534 pecuniam
961 1478 1100 1531 domi,
1127 1479 1197 1521 vel
1214 1486 1341 1521 extra
1358 1479 1559 1530 domum,
1580 1478 1652 1522 vel
1670 1479 1790 1520 bona
1809 1484 1923 1520 tem-

290 1555 473 1611 poralia,
505 1563 550 1600 et
579 1571 688 1599 num
711 1556 768 1600 de
797 1555 883 1598 illis
905 1556 1032 1599 aliter
1055 1555 1213 1600 fecerit
1235 1555 1306 1599 vel
1329 1555 1501 1611 cogitet
1526 1557 1674 1598 facere
1703 1569 1838 1610 quam
1868 1569 1921 1598 ex

290 1633 462 1676 ratione
484 1632 695 1676 instituti.

644 1767 707 1796 DE
741 1767 1035 1796 PRAECEPTIS
1065 1767 1145 1796 DEI
1180 1766 1271 1796 VEL
1307 1766 1569 1796 ECCLESIAE

377 1867 498 1908 Num
522 1865 717 1920 aliquam
742 1865 954 1909 habuerit
978 1865 1272 1910 tentationem
1297 1873 1454 1908 contra
1472 1866 1623 1915 fidem,
1643 1871 1688 1908 et
1706 1865 1924 1919 quemad-

288 1944 471 1985 modum
495 1942 539 1984 in
564 1957 616 1987 ea
639 1956 687 1985 se
711 1943 919 1998 gesserit.
948 1945 1023 1986 An
1046 1943 1185 1986 libros
1208 1942 1458 1999 prohibitos
1481 1941 1690 1985 habuerit
1708 1942 1780 1984 vel
1802 1942 1924 1998 lege-

289 2019 344 2060 rit
374 2020 545 2074 absque
576 2021 807 2064 facultate.
840 2021 913 2063 An
944 2019 1144 2064 debitam
1174 2019 1476 2064 reuerentiam
1504 2017 1760 2063 exhibuerit
1790 2019 1924 2061 rebus

288 2095 392 2139 fidei
416 2103 460 2138 et
483 2096 817 2140 ecclesiasticae
841 2097 1116 2140 authoritati.
1143 2098 1261 2140 Num
1287 2097 1436 2152 aliquo
1459 2095 1620 2152 spiritu
1643 2094 1923 2151 desperatio-

288 2172 356 2214 nis
380 2172 515 2215 fuerit
539 2180 755 2216 tentatus.
783 2179 865 2220 296
889 2174 961 2216 An
985 2174 1224 2218 affectione
1248 2173 1384 2216 nimia
1407 2174 1478 2217 vel
1501 2172 1692 2217 seculari
1717 2186 1827 2227 erga
1843 2186 1925 2228 pa-

289 2256 456 2300 rentes,
482 2251 555 2292 vel
583 2258 805 2306 cognatos
836 2251 970 2295 fuerit
999 2259 1165 2294 motus.
1199 2252 1272 2294 An
1306 2251 1464 2294 fratres
1495 2264 1607 2306 pure
1638 2256 1683 2292 et
1712 2248 1925 2304 religiose

288 2326 498 2370 dilexerit
520 2334 565 2369 et
588 2341 692 2369 cum
717 2327 781 2370 eis
804 2335 1102 2372 conuersatus
1127 2328 1261 2372 fuerit
1283 2342 1387 2370 cum
1410 2325 1725 2371 aedificatione
1753 2332 1798 2368 et
1826 2326 1922 2368 fru-

288 2410 381 2446 ctu.
409 2405 484 2447 An
508 2403 644 2447 animi
667 2405 950 2448 auersionem
974 2407 1030 2447 ab
1053 2406 1118 2447 eis
1145 2404 1372 2449 habuerit.
1399 2406 1472 2448 An
1503 2403 1754 2446 discordiae
1784 2402 1926 2445 alicu-

288 2480 359 2522 ius
383 2482 547 2523 author
570 2481 706 2523 fuerit
730 2482 801 2526 vel
819 2482 986 2525 socius.
1010 2483 1083 2524 An
1102 2481 1356 2537 neglexerit
1374 2481 1576 2524 actiones
1593 2494 1699 2523 suas
1716 2480 1772 2522 ad
1790 2480 1926 2523 finem

288 2556 530 2601 Societatis
554 2557 731 2602 referre.
758 2559 831 2600 An
857 2558 1110 2613 neglexerit
1134 2558 1278 2600 bonas
1301 2557 1633 2613 inspirationes.
1662 2558 1729 2599 De
1752 2555 1921 2599 iureiu-

288 2635 446 2678 rando.
472 2636 542 2678 De
564 2634 767 2690 periculo
791 2635 1027 2690 peccandi.
1055 2636 1122 2677 De
1151 2633 1319 2676 iudicio
1349 2633 1601 2678 temerario.
1630 2635 1698 2676 De
1722 2646 1925 2674 murmu-

288 2710 476 2755 ratione.
506 2713 574 2754 De
596 2712 825 2756 scandalo.
850 2712 919 2755 De
948 2711 1243 2755 detractione.
1278 2713 1346 2753 De
1369 2711 1636 2767 suspicione.
1669 2712 1738 2753 De
1767 2723 1926 2765 super-

289 2787 377 2838 bia,
403 2795 448 2830 et
472 2789 557 2830 sub
580 2789 664 2830 hac
687 2789 744 2832 de
767 2788 1011 2844 hypocrisi,
1033 2787 1293 2837 ambitione,
1319 2787 1594 2843 arrogantia,
1615 2786 1922 2837 contentione,

323 2864 553 2916 ertinacia‚
580 2872 623 2909 et
654 2865 933 2908 curiositate.
969 2867 1038 2909 De
1067 2864 1253 2907 inuidia.
1286 2866 1355 2908 De
1384 2865 1464 2907 ira.
1498 2866 1566 2908 De
1597 2863 1823 2907 conuitiis.
1858 2864 1925 2906 De

361 3040 376 3056 ὃ
427 3031 701 3076 superioribus
720 3043 792 3067 ms.
