2028 3426
393 272 666 306 MONUMENTA
692 278 946 306 PnovmchE
972 269 1313 312 FLANDRlAE—57
1574 266 1642 311 353

20 366 25 434 Ἰ
63 374 184 417 volet
211 373 292 424 ire,
324 386 408 416 nec
436 386 519 414 nos
547 370 843 415 retinebimus
872 385 976 425 eum
1004 370 1089 413 sub
1119 383 1172 413 ea
1200 367 1470 410 conditione.
1501 368 1557 409 Et
1589 368 1687 409 fieri

63 457 233 507 potest,
268 456 315 492 vt
347 449 422 493 ille
453 449 644 491 decedat
672 448 728 490 ad
756 447 887 491 aliam
915 446 1206 503 prouintiam,
1247 451 1335 488 etc.
1376 444 1552 488 Interea
1590 444 1687 486 eius

62 528 281 570 habeatur
308 540 431 577 cura,
465 531 677 580 tanquam
707 525 763 568 de
792 525 943 576 fratre,
975 530 1020 566 et
1042 522 1328 580 dispensetur
1358 535 1462 563 cum
1490 521 1605 577 ipso,
1640 527 1688 562 vt

30 585 35 592 ³
62 603 269 647 comedat
290 617 393 646 cum
418 601 645 644 fratribus.

151 683 203 723 Ρ.
243 678 521 723 Godefridus
558 677 823 720 retinebitur
856 677 900 718 in
940 691 994 718 eo
1032 675 1212 732 oppido,
1253 674 1329 716 vbi
1367 673 1683 728 concionatur,

35 754 38 757 ’
59 758 206 800 donec
226 771 306 812 per
329 755 567 799 sanitatem
590 754 790 809 episcopi
812 754 953 809 possit
975 753 1093 809 apud
1121 752 1245 795 illum
1268 751 1415 794 curari
1440 758 1488 792 ut
1511 750 1682 794 redeat:

61 848 164 878 cum
188 832 384 885 redierit,
411 831 534 874 dabit
556 845 735 886 operam
759 830 1031 886 theologiae.
1057 830 1231 872 Interea
1252 829 1360 870 dum
1382 827 1470 870 illic
1495 835 1579 879 est,
1605 828 1686 868 ha-

61 911 165 954 beat
186 909 459 966 peculiarem
482 923 635 951 curam
652 907 770 950 illius
791 906 1086 962 prouintialis,
1106 913 1150 949 et
1168 920 1272 948 eum
1291 904 1542 948 committat
1564 902 1688 946 Patri

61 986 278 1038 Henrico,
304 986 342 1028 si
364 985 489 1028 iuxta
511 984 636 1026 illum
660 983 846 1027 habitet.

149 1065 211 1107 M.
245 1062 472 1106 Henricus
505 1060 814 1104 dionantensis
836 1060 913 1103 det
942 1073 1122 1115 operam
1152 1057 1422 1113 theologiae:
1455 1057 1538 1101 erit
1567 1055 1685 1098 iudi-

31 1150 35 1154 ’
61 1140 171 1182 tium
193 1138 489 1195 prouintialis‚
516 1152 573 1180 an
595 1137 690 1193 ipse
711 1137 783 1179 vel
807 1135 1060 1180 Seruiensis
1083 1134 1275 1190 praeerit
1303 1133 1686 1190 disputationibus

62 1214 346 1270 theologicis,
373 1221 417 1258 et
438 1214 598 1257 doceat
620 1212 942 1256 catechismum
961 1212 1078 1267 apud
1103 1210 1402 1253 conuictores.

151 1293 205 1336 P.
231 1291 455 1347 Rogerius
476 1290 522 1332 in
545 1289 616 1332 his
645 1290 780 1332 rebus
808 1287 1130 1338 continebitur,
1163 1301 1274 1341 quas
1302 1293 1498 1338 exercet3
1529 1284 1687 1327 videli-

59 1376 148 1420 cet,
174 1368 220 1410 in
244 1367 481 1411 audiendis
504 1365 864 1409 confessionibus
892 1364 1130 1420 anglorum
1160 1370 1205 1407 et
1227 1362 1455 1406 exercitiis
1476 1360 1687 1404 domesti-

58 1445 140 1498 cis,
161 1452 206 1490 et
224 1452 372 1488 tamen
390 1451 588 1495 curetur,
610 1450 659 1485 ut
677 1441 837 1497 aliquis
859 1441 984 1484 illum
1002 1441 1177 1491 doceat,
1198 1440 1270 1483 vel
1287 1454 1390 1482 cum
1408 1439 1483 1481 illo
1505 1452 1687 1495 percur-

60 1529 129 1565 rat
151 1521 441 1564 directorium
466 1519 614 1563 Patris
637 1518 838 1562 Polanci.
963 1510 967 1515 ’

147 1601 200 1642 Ρ.
226 1598 410 1655 Aegidii
425 1605 466 1657 ¹³,
485 1604 669 1654 propter
686 1595 783 1640 eius
799 1594 1090 1651 praeteritum
1108 1595 1318 1637 morbum
1340 1603 1385 1636 et
1402 1599 1686 1648 praesentem

16 1680 18 1685 '
59 1676 282 1719 infirmam
318 1673 648 1724 valetudinem,
681 1672 848 1715 habeat
884 1670 1157 1727 peculiarem
1195 1684 1349 1712 curam
1387 1675 1556 1722 rector,
1597 1682 1688 1710 non

59 1753 206 1796 solum
228 1759 277 1794 vt
300 1758 465 1803 rector,
490 1751 571 1794 sed
592 1756 641 1791 vt
663 1748 883 1792 medicus.

149 1832 201 1872 P.
221 1829 448 1886 Jordanus
471 1825 781 1882 occupabitur,
807 1832 856 1866 vt
878 1825 1008 1878 solet,
1034 1831 1079 1866 et
1102 1831 1253 1866 tamen
1277 1825 1329 1865 Ρ.
1357 1822 1546 1874 Natalis,
1582 1836 1685 1864 cum

57 1906 251 1962 primum
275 1904 409 1948 fuerit
428 1903 650 1955 Lutetiae,
671 1901 847 1944 curabit
864 1901 990 1944 illum
1008 1900 1308 1952 euocandum,
1329 1899 1366 1941 si
1384 1899 1534 1954 aliquo
1551 1905 1684 1954 pacto

19 2024 21 2027 .
59 1982 220 2038 possit.

145 2061 215 2102 De
237 2057 458 2114 magistro
481 2055 768 2100 Harlemensi
791 2054 1041 2098 constituet
1064 2061 1211 2097 rector
1229 2068 1285 2095 an
1304 2052 1361 2096 sit
1379 2051 1622 2095 rediturus.

147 2135 368 2178 Pistorius
391 2139 691 2190 prosequatur
713 2147 794 2175 sua
811 2131 978 2184 studia,
998 2140 1042 2174 et
1060 2137 1398 2187 promoueatur,
1425 2128 1687 2184 praesertim

57 2226 161 2255 cum
192 2213 356 2254 habeat
385 2210 461 2266 qui
498 2210 634 2253 faciat
671 2223 906 2265 expensas,
949 2215 993 2252 et
1030 2207 1271 2264 diligenter
1309 2207 1552 2250 foueantur
1590 2205 1689 2248 eius

57 2288 225 2331 studia.

146 2367 269 2410 Idem
293 2366 349 2407 de
371 2364 568 2419 Aegidio
596 2370 641 2406 et
664 2364 911 2406 Bernardo.

145 2442 267 2485 Idem
295 2442 351 2485 de
381 2440 622 2484 Maibodio:
660 2447 810 2482 tamen
846 2439 928 2483 erit
966 2437 1175 2480 iuditium
1204 2437 1501 2494 prouintialis,
1529 2452 1585 2480 an
1625 2437 1682 2479 sit

12 2541 13 2544 =
57 2519 412 2574 promouendus.
1394 2572 1397 2575 Ι

146 2595 217 2637 De
245 2594 398 2645 Senel,
425 2593 806 2648 quemadmodum
839 2592 894 2636 de
930 2605 953 2646 3
987 2590 1319 2646 superioribus,
1351 2590 1395 2632 id
1428 2598 1511 2641 est,
1538 2589 1685 2644 Aegi—

58 2670 151 2724 dio,
177 2677 264 2713 etc.

142 2748 342 2804 Joannes
379 2741 614 2790 Bredanus
644 2752 689 2789 et
719 2747 918 2802 Joannes
957 2744 1302 2795 Rothnacensis,
1339 2742 1375 2784 si
1405 2750 1596 2798 possunt
1629 2740 1686 2783 ali

59 2824 298 2867 commode
320 2822 365 2864 in
388 2822 612 2878 prouintia
633 2821 679 2863 in
702 2822 896 2877 collegio
919 2821 995 2863 vbi
1025 2822 1185 2877 legunt
1214 2819 1373 2869 nostri,
1406 2818 1685 2861 retineantur

58 2898 104 2941 in
125 2898 367 2955 prouintia:
393 2899 439 2941 id
461 2899 499 2941 si
520 2914 611 2942 non
633 2899 774 2954 possit
795 2898 908 2951 fieri,
934 2899 1090 2941 saltem
1123 2897 1357 2939 Bredanus
1390 2901 1537 2949 potest
1567 2892 1684 2934 mitti

58 2976 114 3017 ad
139 2977 191 3018 P.
219 2975 486 3027 Antonium,
512 2975 588 3017 illo
610 2975 881 3018 inconsulto.

128 3073 146 3091 ἢ
194 3064 402 3110 Aegidius,
423 3075 494 3101 mS.

234 3127 347 3156 Eris-r.
368 3128 406 3156 P.
427 3127 560 3162 NADAL.
581 3134 657 3155 τοΜ.
677 3126 740 3155 IV.
1022 3127 1027 3132 '
1470 3123 1504 3150 24
