2028 3426
685 223 1115 260 INSTRUCTonES—ol
1596 219 1665 266 439

181 327 250 371 183
274 326 616 370 Commiseratio
637 325 757 368 illius
779 325 926 381 capiat
950 332 1184 376 rectorem,
1211 324 1335 378 quod
1354 322 1415 364 illi
1438 323 1515 364 fiat
1535 329 1704 364 notum.

180 405 354 447 Offerat
377 411 421 447 et
444 417 524 458 pro
546 416 594 444 se
617 402 822 457 superior
844 409 890 444 et
911 416 992 457 pro
1014 401 1111 443 aliis
1133 399 1405 443 obliuionem
1430 398 1646 449 omniurn,
1674 398 1708 440 si

90 496 139 524 se
161 479 484 524 emendauerit.

177 559 247 601 Ne
268 572 372 600 eum
396 557 544 600 verbis
561 565 810 613 exasperet3
833 557 953 611 quod
971 556 1006 598 si
1025 555 1263 610 aliquando
1281 552 1538 596 necessario
1558 552 1706 602 faciet,

88 635 160 677 vel
198 635 255 677 ad
285 635 420 678 finem
455 633 665 688 colloquii
699 633 817 676 illius
850 633 1048 675 animum
1080 631 1299 674 industrie
1332 630 1603 679 demulceat,
1639 630 1709 672 vel

88 710 239 753 statim
262 717 389 753 curet
409 710 529 753 idem
551 709 772 765 praestari
794 725 872 765 per
896 709 1090 764 aliquem
1116 708 1344 750 idoneum.

176 789 281 830 Non
304 787 586 843 significetur
607 787 685 838 illi,
712 787 832 841 quod
856 786 1053 828 animum
1077 786 1133 828 de
1156 785 1231 826 illo
1255 784 1604 839 despondeatur,
1630 783 1707 824 sed

88 864 238 920 potius
261 865 382 919 quod
403 871 625 919 speretur.

174 941 455 984 Ostendatur
477 955 567 982 non
591 940 711 983 credi
735 939 950 995 syndicis,
976 940 1055 981 sed
1079 939 1142 982 rei
1166 944 1439 993 compertae.

177 1018 512 1061 Persuadeatur
534 1017 612 1068 illi,
638 1024 687 1058 vt
709 1016 848 1072 eligat
874 1017 994 1058 vnde
1021 1015 1162 1071 possit
1190 1013 1352 1065 iuuari,
1387 1020 1432 1056 et
1461 1013 1496 1054 si
1527 1012 1705 1067 quidem

87 1095 321 1136 commode
343 1093 512 1148 aliquid
534 1093 712 1145 dixerit,
738 1093 783 1134 id
805 1094 1035 1148 probetur.

175 1170 278 1213 Alia
295 1178 444 1213 tamen
463 1171 686 1212 addantur
703 1169 993 1225 pedetentim,
1016 1168 1181 1223 quibus
1203 1168 1400 1219 iuuetur,
1421 1179 1536 1220 quae
1558 1171 1706 1207 recto-

86 1247 122 1289 ri
145 1248 201 1289 ad
224 1263 316 1291 rem
339 1247 617 1290 videbuntur
640 1248 806 1288 futura.

173 1325 357 1367 Nullum
393 1323 527 1367 faciat
558 1323 796 1366 discrimen
830 1322 945 1364 inter
979 1322 1125 1378 ipsum
1161 1329 1205 1365 et
1237 1321 1347 1363 alios
1378 1319 1422 1362 in
1457 1321 1591 1362 rebus
1621 1333 1705 1374 pu-

86 1400 228 1443 blicis.

176 1477 247 1521 184
270 1479 318 1520 In
343 1477 769 1533 reprehensionibus
791 1477 965 1518 nullum
993 1475 1171 1517 dicatur
1198 1474 1260 1515 illi
1289 1472 1561 1523 conuicium,
1594 1470 1704 1512 nihil

85 1554 316 1597 iniurium.

171 1633 367 1674 Tantum
392 1631 523 1686 culpa
546 1630 644 1672 eius
667 1637 918 1685 exponatur
940 1636 984 1671 et
1007 1630 1185 1679 damna,
1212 1642 1326 1682 quae
1349 1632 1700 1680 consequantur.

172 1708 418 1751 Grauiores
447 1706 786 1763 obiurgationes
813 1705 965 1748 Vtilius
994 1719 1074 1761 per
1103 1703 1354 1746 ministrum
1386 1704 1458 1745 vel
1487 1717 1564 1757 per
1596 1701 1704 1743 alios
1750 1694 1753 1697 ’

80 1784 268 1828 idoneos
296 1785 645 1835 exercebuntur,
678 1791 726 1825 vt
754 1797 930 1838 semper
959 1782 1236 1836 relinquatur
1259 1781 1315 1822 ad
1338 1779 1613 1835 superiorem
1637 1793 1704 1821 re-

35 1851 44 1865 *
84 1861 278 1917 fugium.
1270 1847 1274 1851 ’

172 1938 336 1980 Omnia
359 1945 593 1980 tententur
615 1936 826 1988 remedia,
853 1936 1017 1990 quibus
1039 1934 1245 1976 videatur
1267 1933 1413 1975 iuuari
1436 1946 1583 1988 posse,
1606 1933 1703 1973 iux-

85 2020 130 2056 ta
150 2028 369 2070 personae
391 2014 666 2069 qualitatem.

169 2092 204 2133 F
208 2090 269 2133 iat
291 2091 556 2146 periculum,
583 2105 690 2132 num
713 2089 775 2131 illi
799 2088 996 2144 proderit
1019 2089 1165 2130 facere
1188 2086 1419 2139 exercitia,
1446 2101 1501 2128 an
1528 2086 1634 2128 velit
1657 2085 1701 2126 in

79 2166 239 2209 officiis
264 2167 578 2209 humilioribus
600 2166 784 2210 versari.

166 2246 312 2288 Detur
335 2243 396 2285 illi
419 2245 520 2299 plus
543 2243 755 2299 temporis
778 2244 834 2286 ad
857 2242 1118 2285 orationem.
1365 2287 1367 2289 ,

165 2321 410 2363 Inducatur
431 2327 480 2362 vt
502 2328 628 2362 extra
650 2320 852 2362 ordinem
869 2319 1153 2383 confiteatur,
1175 2324 1219 2361 et
1236 2315 1539 2359 communicet
1564 2316 1700 2357 semel

79 2405 160 2440 aut
182 2397 250 2439 bis
272 2397 316 2439 in
339 2397 637 2447 hebdomada,
664 2396 701 2439 si
723 2410 858 2451 opere
882 2395 1080 2450 precium
1106 2395 1199 2436 fore
1221 2392 1465 2436 videbitur.

169 2475 334 2516 Vtatur
355 2474 656 2517 confessarius
679 2480 929 2528 opportune
952 2471 1037 2514 illis
1059 2470 1310 2526 praesidiis,
1336 2483 1452 2523 quae
1482 2475 1696 2510 annotata

36 2609 39 2611 Α
77 2557 182 2592 sunt
205 2550 250 2592 in
272 2550 571 2593 instructione
593 2546 987 2593 confessariorum.

164 2626 238 2670 ⁵85
261 2628 436 2670 Suaues
460 2625 744 2669 obedientiae
767 2626 1071 2681 imponantur.

166 2704 342 2746 Deinde
379 2703 600 2748 eximatur
637 2704 693 2745 ab
736 2702 883 2757 aliqua
921 2709 1047 2758 parte
1089 2700 1438 2743 domesticarum
1484 2697 1697 2740 obedien-⁴

78 2780 256 2824 tiarum.

165 2858 213 2902 Si
235 2857 349 2900 nihil
370 2858 491 2900 aliud
514 2857 761 2913 prodesset,
786 2854 973 2899 concedi
996 2855 1130 2898 etiam
1154 2860 1320 2909 posset,
1348 2858 1394 2892 vt
1418 2856 1613 2894 cessaret
1642 2851 1699 2891 ab

77 2935 285 2977 omnibus
314 2942 360 2978 et
387 2934 547 2977 studiis
575 2940 620 2976 et
648 2933 820 2984 officiis,
852 2940 897 2975 et
926 2932 1044 2974 domi
1070 2930 1251 2973 ociosus
1274 2928 1598 2977 contineretur,
1625 2927 1698 2968 vel

76 3009 123 3053 in
144 3011 293 3066 aliquo
316 3010 528 3053 cubiculo
551 3009 724 3064 aliquot
746 3009 862 3053 dieS.
