2028 3426
321 216 389 260 478
791 213 946 248 PATms
972 211 1215 247 HmnonYm
1240 209 1392 245 NADAL

363 318 433 360 De
464 315 664 372 quinque
699 314 893 371 punctis,
928 313 972 355 in
1007 311 1173 368 quibus
1204 318 1308 367 post
1339 308 1671 354 confessionem
1711 306 1910 364 proderit

274 393 501 445 meditari,
527 393 604 449 qui
627 393 854 435 habentur
879 391 955 433 fol.
983 390 1067 443 287
1097 391 1123 431 ¹.

366 470 696 514 Commendare
724 466 1044 518 obedientiam,
1076 465 1341 517 orationem,
1376 462 1740 507 obseruationem
1767 461 1910 504 actio-

276 562 387 590 num
431 547 816 602 quotidianarum,
858 543 1180 595 humilitatem,
1230 541 1560 598 simplicitatem
1607 548 1652 583 et
1699 538 1912 583 aedifica-

280 624 464 672 tionem.

371 700 677 744 praesentiam
701 699 801 751 Dei,
826 697 1041 742 vnionem
1064 698 1120 740 ad
1144 698 1292 740 Deum
1314 695 1360 738 in
1378 694 1611 739 charitate.

370 783 457 824 304
487 777 803 822 Meditationes
831 776 1070 818 vulnerum
1100 773 1286 825 Christi,
1312 774 1368 817 de
1391 772 1556 828 quibus
1583 770 1760 814 dicetur
1784 769 1913 813 titulo

279 855 338 897 de
361 855 578 897 oratione.

372 931 432 973 Vt
462 946 516 975 ex
546 931 754 985 catalogo
784 936 1093 985 peccatorum,
1120 941 1236 984 quae
1259 935 1364 970 sunt
1388 925 1600 978 confessi,
1626 926 1839 969 studeant
1868 937 1915 966 se
1951 963 1963 974 ,

281 1009 543 1052 emendare.

374 1085 452 1127 Illa
470 1083 734 1126 nominatim
753 1083 1112 1127 commendanda
1130 1090 1163 1135 ³,
1178 1095 1294 1137 quae
1312 1089 1444 1123 erunt
1459 1078 1742 1136 peculiariter
1760 1092 1915 1122 emen—

281 1163 448 1206 danda.

378 1238 678 1288 Poenitentia,
705 1237 749 1279 id
773 1244 857 1288 est,
883 1235 1147 1287 satisfactio,
1174 1235 1453 1291 iniungenda
1475 1233 1643 1286 breuis3
1670 1241 1718 1275 vt
1747 1231 1918 1275 scilicet

286 1317 540 1372 imponatur
573 1314 833 1358 recitandus
867 1314 1064 1370 psalmus
1101 1312 1366 1357 «Miserere»
1409 1319 1499 1355 etc.
1539 1325 1619 1367 pro
1657 1309 1918 1353 remissione

288 1403 593 1449 peccatorum3
614 1390 781 1447 septies
803 1393 990 1434 «Pater»
1012 1398 1058 1434 et
1078 1392 1232 1433 «Aue»
1255 1397 1413 1432 contra
1437 1400 1461 1442 7
1486 1395 1670 1444 peccata
1693 1386 1915 1443 capitalia;

285 1479 331 1513 et
354 1485 433 1526 pro
456 1469 704 1526 gratiarum
729 1469 906 1512 actione
928 1475 973 1511 et
995 1467 1283 1510 inuocatione
1306 1466 1380 1511 Sfl
1408 1466 1603 1522 Spiritus
1625 1473 1669 1509 et
1698 1465 1919 1507 donorum

286 1548 400 1599 eius,
422 1547 525 1590 item
545 1546 712 1602 septies
734 1547 919 1590 «Patern
943 1553 988 1588 et
1014 1546 1189 1588 «Aue».
1212 1546 1434 1587 Poterunt
1457 1543 1590 1586 simul
1608 1541 1720 1585 aliae
1743 1540 1921 1596 iniungi

287 1624 634 1675 satisfactiones,
656 1630 700 1667 et
723 1624 972 1674 debebunt,
993 1629 1041 1664 vt
1064 1635 1136 1664 res
1153 1620 1414 1677 postulabit,
1436 1619 1713 1676 prolixiores,
1735 1632 1825 1661 non
1847 1631 1922 1660 so-

288 1703 381 1743 lum
404 1701 441 1743 si
464 1708 650 1756 peccata
672 1699 717 1742 id
740 1699 991 1756 exigerent,
1018 1700 1097 1742 sed
1121 1698 1254 1742 etiam
1277 1698 1314 1741 si
1345 1697 1556 1753 tepiditas
1580 1697 1650 1740 vel
1673 1695 1856 1738 omnino
1885 1694 1921 1736 si

289 1778 398 1819 illud
428 1778 678 1833 postularet
708 1779 769 1832 (vt
801 1777 893 1820 fere
921 1775 1135 1831 postulat)
1158 1774 1322 1817 mentis
1346 1773 1580 1818 renouatio
1601 1780 1646 1816 et
1670 1771 1809 1815 maior
1831 1770 1923 1828 spi-

290 1855 403 1897 ritus
427 1856 617 1905 fructus,
650 1853 726 1908 qui
755 1853 799 1895 in
834 1853 904 1895 his
931 1851 1158 1896 exercitiis
1185 1850 1367 1907 petitur.
1397 1851 1526 1894 Ratio
1554 1852 1714 1892 harum
1743 1848 1922 1892 satisfa-

286 1931 491 1974 ctionum
522 1930 685 1986 poterit
716 1945 815 1973 esse
844 1929 969 1972 varia
998 1937 1042 1973 et
1073 1928 1216 1985 accipi
1245 1943 1301 1971 ex
1330 1943 1382 1973 ea
1412 1927 1710 1970 instructione
1740 1925 1918 1969 confes-

291 2008 530 2059 sariorum,
564 2022 679 2062 quae
713 2008 906 2050 habetur
938 2005 1147 2061 superius
1167 2007 1203 2050 ,².
1238 2006 1386 2048 Vnam
1420 2004 1493 2047 hic
1525 2003 1762 2054 ascribam,
1795 2002 1926 2045 cuius

291 2086 470 2128 videtur
508 2083 678 2126 facilior
716 2098 839 2126 vsus:
882 2091 930 2125 vt
967 2083 1160 2138 singulis
1197 2081 1494 2125 hebdomadis
1530 2081 1682 2136 aliquo
1725 2088 1926 2135 tempore

293 2162 431 2205 semel
454 2162 531 2203 fiat
556 2176 641 2203 vna
663 2175 718 2203 ex
741 2160 812 2202 his
829 2168 1037 2215 quatuor:
1059 2158 1262 2203 recitatio
1286 2171 1310 2212 7
1330 2159 1606 2214 psalmorum
1626 2155 1927 2213 poenitentia-

295 2238 403 2280 lium
426 2243 510 2284 305
533 2252 635 2280 cum
659 2236 841 2288 litaniis3
874 2236 1107 2287 ieiunium3
1134 2235 1377 2291 flagellatio
1406 2250 1484 2291 per
1513 2243 1706 2290 tempus,
1739 2247 1828 2288 quo
1855 2233 1927 2276 vel

299 2317 395 2359 «De
424 2314 685 2371 profundis»
721 2315 791 2357 vel
826 2313 1093 2357 «Miserere»
1127 2312 1357 2364 recitatur;
1390 2322 1434 2357 et
1463 2310 1659 2368 gestatio
1687 2309 1819 2354 cilicii
1849 2324 1928 2366 per

293 2407 435 2434 vnum
459 2392 593 2436 diem.
620 2392 710 2435 Sed
732 2392 892 2432 harum
914 2389 1274 2432 satisfactionum
1298 2389 1500 2433 remissio
1523 2388 1833 2431 committatur
1855 2401 1930 2429 or—

297 2468 471 2511 dinario
493 2467 824 2511 confessario...
853 2469 884 2508 ³.

296 2594 381 2634 338
779 2600 1068 2629 INSTRUCTIO
1094 2600 1454 2629 EXAMINATORIS

389 2701 481 2755 Qui
505 2706 665 2756 petunt
689 2698 744 2739 ad
767 2697 1041 2742 Societatem
1064 2696 1254 2748 admitti,
1277 2697 1322 2745 ii,
1344 2705 1586 2751 antequam
1606 2697 1738 2752 plene
1760 2693 1931 2739 exami-

369 2824 385 2840 ὃ
435 2811 686 2847 emendanda
707 2820 794 2853 ms.;
815 2815 852 2843 at
868 2808 907 2844 in
930 2808 1022 2843 Cod.
1054 2809 1176 2844 Vatic.
1202 2819 1217 2853 ,⁷
1239 2815 1344 2843 recte
1363 2809 1694 2844 commendanda.

374 2902 382 2921 ¹
439 2900 535 2935 Vide
555 2911 684 2946 supra,
704 2910 792 2946 pag.
813 2907 895 2942 470.
1525 2901 1538 2919 ‘²
1590 2898 1685 2943 Pag.
1705 2897 1788 2942 464.

374 2962 388 2981 ³
439 2959 625 3006 Sequitur
654 2958 748 2993 ordo
778 2957 994 2993 studiorum
1030 2968 1051 2991 a
1087 2957 1199 2992 nobis
1231 2956 1358 2991 editus
1395 2957 1433 2992 in
1464 2957 1644 2994 Alonunu
1678 2957 1873 3004 Paedag„
1911 2968 1933 2990 a

303 3031 392 3066 pag.
413 3028 491 3063 107,
506 3019 616 3064 cujus
630 3018 692 3053 hic
711 3016 881 3063 capitum
902 3016 1036 3051 titulos
1054 3023 1094 3051 et
1109 3016 1282 3062 paginas,
1302 3015 1367 3050 ubi
1384 3016 1421 3051 in
1436 3027 1506 3053 ms.
1525 3015 1784 3062 reperiuntur,
1798 3021 1933 3051 notare
