2028 3426
306 244 378 292 340
780 244 934 280 PATms
961 241 1204 276 HOERONYMI
1230 239 1382 274 NADAL

738 402 800 431 DE
834 398 1134 430 RECEPTIONE
1167 396 1416 427 HOSPITUM

355 501 547 546 Videtur
585 502 861 551 consultum,
904 512 961 540 ne
999 496 1324 553 suscipiantur,
1365 496 1490 538 iuxta
1527 494 1900 548 constitutiones;

263 586 362 622 esto
386 587 535 622 tamen
559 578 722 622 rectori
753 577 960 627 facultas,
997 581 1047 616 ut
1077 573 1121 615 in
1153 572 1416 624 Germania,
1456 571 1494 614 si
1531 571 1633 627 quis
1669 570 1898 614 videbitur

263 671 395 713 posse
419 656 563 698 iuuari
587 670 640 698 ea
662 653 900 704 industria,
928 659 977 694 ut
1001 650 1176 707 possint
1199 665 1303 694 eum
1326 650 1382 693 ad
1405 664 1607 694 mensam
1633 663 1814 693 uocare.

351 734 507 784 Curet,
536 740 584 774 ut
608 731 652 773 in
676 729 963 786 simplicitate
987 727 1152 771 mentis
1175 726 1317 770 nostri
1339 727 1589 778 ambulent,
1614 733 1659 771 et
1682 725 1744 769 nil
1766 740 1896 782 pror·

262 824 341 853 sus
363 809 478 852 inter
502 809 624 864 ipsos
647 806 819 850 dissidii
837 805 1084 862 permittat.

351 885 575 929 Hortandi
599 892 706 927 sunt
729 884 959 927 auditores
982 881 1142 935 nostri,
1164 888 1213 924 ut
1230 881 1435 925 modeste
1457 887 1503 923 et
1528 880 1733 925 studiose
1756 887 1896 935 agant

262 964 307 1005 in
337 963 546 1005 domibus
575 969 619 1004 et
649 960 871 1003 cubiculis
904 959 1015 1012 suis,
1056 966 1102 1001 et
1136 958 1465 1001 consulendum
1500 957 1718 1010 suauiter,
1745 964 1794 999 ut
1816 972 1896 1001 ve-

261 1040 343 1082 lint
366 1040 559 1095 aliquam
592 1039 709 1082 inter
736 1052 842 1081 ⁴sese
871 1036 1108 1079 instituere
1137 1035 1419 1092 disciplinam
1456 1034 1768 1087 domesticam,
1808 1049 1898 1090 quo

264 1125 465 1173 tempore
489 1116 636 1158 absint
660 1131 685 1158 a
715 1114 865 1167 scolis3
893 1114 972 1157 sed
1001 1114 1057 1157 de
1086 1114 1173 1156 hac
1201 1127 1248 1156 re
1280 1112 1342 1154 nil
1370 1111 1648 1168 exigendum
1678 1112 1734 1154 ab
1768 1111 1898 1168 ipsis„

262 1195 341 1238 sed
369 1202 541 1236 tantum
567 1208 649 1235 sua
672 1193 908 1235 voluntate
931 1198 976 1236 et
999 1190 1157 1235 libenti
1179 1190 1329 1234 animo
1350 1191 1438 1232 hoc
1462 1188 1645 1232 faciant.

349 1272 417 1314 Ne
441 1270 720 1326 accipiantur
742 1268 969 1312 scolastici
998 1267 1158 1321 nostri,
1183 1268 1355 1322 absque
1379 1267 1616 1310 uoluntate
1638 1272 1893 1321 parentum,

260 1349 315 1391 ad
338 1347 632 1400 Societatem,
657 1354 702 1390 et
725 1347 762 1390 si
786 1361 902 1402 quae
925 1345 982 1388 sit
1005 1344 1142 1387 huius
1165 1344 1228 1387 rei
1251 1343 1454 1387 adhibita
1482 1341 1750 1395 moderatio,
1783 1342 1896 1386 reci-

262 1425 411 1481 pietur
433 1440 457 1467 a
481 1424 763 1481 prouinciali.

349 1503 493 1558 Legat
531 1510 682 1546 rector
719 1501 962 1557 diligenter
999 1499 1316 1543 annotationes
1331 1534 1340 1552 ,
1380 1513 1493 1554 quas
1538 1497 1722 1554 reliquit
1761 1498 1898 1540 Pater

259 1579 482 1638 N[atalis]‚
509 1587 554 1623 et
576 1595 631 1623 ex
655 1578 741 1620 illis
763 1578 1095 1622 animaduertat
1113 1572 1197 1619 siio
1220 1575 1394 1632 iuditio,
1417 1575 1493 1631 qui
1512 1574 1654 1631 possit
1674 1574 1776 1618 usui
1799 1588 1898 1619 esse

259 1671 341 1699 suo
362 1656 575 1712 collegio,
602 1665 646 1700 et
669 1656 779 1698 illud
797 1662 1066 1710 exequatur,
1087 1662 1132 1697 et
1149 1653 1318 1697 scribat
1340 1653 1396 1696 ad
1417 1655 1598 1696 Patrem
1617 1652 1895 1708 generalem,

259 1749 374 1790 quae
397 1734 770 1777 animaduerterit
792 1740 837 1776 et
861 1731 1130 1775 obseruarit,

349 1811 537 1854 Bibatur
575 1810 800 1853 ordinarie
838 1809 1030 1854 ceruisia
1068 1810 1124 1852 ab
1163 1808 1374 1853 omnibus
1413 1804 1678 1863 aequaliter,
1720 1805 1805 1849 nisi
1843 1820 1900 1850 ex

260 1888 446 1931 consilio
469 1888 630 1931 medici
654 1889 709 1930 de
732 1890 817 1930 hac
841 1902 887 1931 re
911 1887 1115 1930 conferet
1138 1900 1243 1928 cum
1267 1884 1621 1936 consultoribus,
1653 1891 1699 1926 et
1721 1882 1897 1926 consti·

262 1973 357 2008 tuet
381 1965 545 2020 quibus
567 1965 728 2009 diebus
759 1964 844 2007 erit
873 1964 1120 2007 bibendum
1151 1962 1307 2005 vinum
1336 1969 1381 2005 et
1415 1960 1581 2017 quibus
1610 1959 1819 2012 ceruisia,
1854 1966 1902 2002 et

262 2042 440 2085 uidetur
463 2043 740 2094 consultum,
766 2057 822 2085 ne
845 2043 931 2084 hoc
956 2040 1194 2084 inchoetur
1218 2041 1304 2082 hac
1328 2039 1491 2084 hieme.
