2028 3426
688 194 1116 231 INsTRthrioNEs—61
1597 200 1667 235 603

33 293 37 296 ’
90 297 218 339 Haec
241 310 380 350 quum
416 295 477 337 ita
500 294 606 346 sint,
639 302 796 338 curata
826 303 975 339 tamen
1005 297 1225 339 beneficia
1255 299 1326 341 vel
1355 299 1475 342 adire
1506 302 1576 343 vel
1607 302 1708 343 reti-

89 385 197 415 nere
226 386 317 414 non
347 371 668 427 permittuntur
698 371 854 414 nostri.
890 371 1104 416 Similiter
1141 373 1381 417 dicendum
1410 376 1466 416 de
1495 377 1716 420 adeundis

88 447 443 492 haereditatibus
461 448 756 492 secularibus.
784 450 900 491 Nam
924 449 1112 504 professi
1134 451 1203 492 vel
1228 451 1406 493 formati
1430 452 1715 497 coadiutores

90 525 237 567 nullas
262 532 453 580 possunt
491 525 630 576 adire,
671 540 756 568 nec
784 525 962 568 illorum
1001 526 1181 568 nomine
1210 527 1404 582 collegia
1434 529 1504 571 vel
1536 529 1711 572 domus.

89 601 196 653 Alii,
223 601 357 645 etiam
381 601 417 643 si
440 609 547 644 vota
569 601 807 653 ediderint,
834 610 1024 658 possunt
1046 617 1099 645 ea
1123 602 1317 647 retinere
1339 605 1412 646 vel
1435 604 1556 647 adire
1580 606 1714 656 bona,

92 679 148 721 ad
173 692 289 732 quae
312 678 383 720 ius
405 679 635 721 habebant
657 693 795 733 quum
823 686 927 721 vota
956 679 1211 730 ediderunt,
1238 694 1328 721 non
1352 681 1407 721 ad
1431 680 1517 723 alia
1539 689 1572 724 ³.
1608 683 1715 724 Sus-

91 761 266 797 tentare
295 754 414 798 enirn
445 755 490 796 in
523 756 609 797 hac
640 755 813 799 ratione
842 755 926 799 632
955 756 1235 811 paupertatis
1262 764 1454 811 possunt
1482 771 1560 799 sua
1602 757 1713 808 iura,

90 838 139 873 vt
165 831 454 883 distribuant;
481 846 601 874 noua
639 831 736 874 iura
769 833 838 875 vel
861 833 978 874 bona
1008 833 1246 887 adquirere
1278 847 1367 875 non
1397 841 1601 888 possunt.
1637 834 1716 875 Sin

32 909 35 911 ⁴
91 915 195 950 vota
218 922 309 950 non
331 908 571 960 ediderint,
607 923 698 951 non
738 909 883 951 solum
922 918 1111 964 possunt
1134 923 1187 952 ea
1215 911 1338 952 bona
1365 902 1575 961 retinere,
1602 925 1717 964 quae

90 984 337 1040 possident,
378 993 423 1027 et
451 984 525 1027 illa
558 985 698 1037 adire,
724 987 781 1027 ad
809 1000 925 1040 quae
952 985 1023 1028 ius
1061 987 1249 1039 habent,
1274 987 1355 1029 sed
1392 1001 1511 1028 noua
1541 986 1638 1028 iura
1675 995 1718 1029 et

89 1062 211 1103 bona
233 1061 372 1103 adire.
400 1062 456 1103 Et
478 1062 592 1105 haec
616 1062 799 1117 quidem
822 1062 942 1104 dicta
965 1070 1072 1105 sunt
1095 1078 1150 1106 ex
1174 1063 1347 1105 ratione
1375 1063 1484 1105 voti.
1512 1065 1627 1106 Nam
1652 1065 1718 1105 fa—

93 1137 182 1181 ciet
206 1139 357 1180 forsan
380 1136 397 1162 b
421 1138 746 1181 offendiculum
771 1140 893 1194 quod
914 1139 1108 1195 capient,
1135 1140 1211 1194 qui
1233 1147 1361 1182 erant
1383 1140 1641 1183 successuri
1665 1142 1720 1182 ad

93 1214 230 1268 bona,
256 1228 372 1269 quae
394 1222 564 1268 noster,
590 1216 764 1257 habens
786 1223 910 1268 vota,
935 1215 1043 1268 adit,
1069 1223 1118 1257 vt
1146 1230 1218 1258 res
1249 1223 1341 1258 tota
1369 1217 1447 1259 fiat
1476 1216 1653 1258 dificilis
1676 1224 1719 1259 et

93 1289 169 1332 vix
191 1291 419 1346 possimus
441 1291 513 1334 ius
534 1299 738 1334 nostrum
766 1292 985 1336 obtinere.
1014 1292 1221 1336 Viderint
1251 1293 1521 1348 superiores.
1550 1295 1718 1337 Verum

97 1367 205 1422 quid
227 1367 470 1411 dicendum
494 1370 676 1422 quando
699 1369 851 1411 iussus
872 1376 941 1412 est
970 1369 1131 1425 aliquis
1153 1369 1423 1413 distribuere
1452 1371 1523 1412 vel
1551 1384 1719 1414 renun-

93 1444 212 1487 ciare
229 1445 349 1487 bona
367 1446 440 1488 vel
457 1446 696 1497 beneficia,
717 1446 815 1489 siue
833 1454 954 1498 ante,
970 1447 1067 1489 siue
1084 1455 1186 1501 post
1204 1454 1311 1489 uota
1327 1446 1722 1489 scholasticorum?

96 1523 211 1564 Nam
240 1521 314 1564 hic
347 1521 551 1577 priuatur
582 1522 802 1578 legittime
830 1530 873 1567 et
902 1523 956 1565 iis
988 1523 1134 1574 bonis,
1161 1537 1277 1577 quae
1305 1523 1519 1578 possidet,
1554 1531 1599 1565 et
1621 1522 1717 1564 iure

95 1600 217 1653 quod
240 1598 326 1641 sibi
349 1600 633 1654 competebat
656 1600 712 1642 ad
735 1600 899 1642 futura.
929 1599 1052 1654 Quid
1080 1600 1220 1656 igitur
1248 1600 1306 1643 de
1327 1599 1396 1651 iis,
1424 1600 1480 1641 ad
1509 1613 1624 1654 quae
1646 1599 1716 1640 ius

95 1676 268 1717 nullum
292 1676 507 1718 habebat?
530 1677 646 1718 Nam
670 1676 741 1718 his
764 1676 898 1719 etiam
921 1692 969 1720 se
994 1677 1157 1732 priuat.
1185 1676 1376 1720 Videtur
1399 1675 1639 1719 dicendum
1664 1689 1719 1717 eo

96 1752 229 1795 etiam
254 1752 351 1795 iure
374 1767 423 1795 se
445 1752 640 1808 priuare,
666 1755 752 1795 hoc
776 1767 844 1796 est
867 1753 991 1795 omni
1013 1768 1092 1809 spe
1114 1755 1353 1805 bonorum,
1382 1761 1428 1794 vt
1450 1760 1518 1794 est
1540 1752 1585 1795 in
1609 1766 1718 1795 con-
1765 1760 1770 1763 “

95 1828 343 1872 stitutione.
372 1830 486 1871 Nam
510 1829 546 1871 si
570 1829 654 1872 iuri
677 1837 708 1883 ⁰,
733 1830 855 1885 quod
877 1829 918 1873 ei
939 1829 1161 1885 legittime
1183 1829 1414 1884 competit,
1440 1829 1623 1872 iubetur
1647 1844 1717 1870 re-

97 1906 328 1957 nunciare,
355 1907 497 1948 multo
518 1906 664 1962 magis
685 1907 727 1950 ei
749 1906 783 1959 d,
809 1908 930 1963 quod
953 1907 1015 1948 illi
1038 1908 1185 1950 adhuc
1209 1921 1299 1948 non
1321 1905 1550 1961 competit.

96 2024 184 2068 633
414 2039 474 2067 DE
505 2038 744 2068 LECTIONE
775 2039 833 2067 ET
857 2038 983 2068 ALIIS
1006 2039 1146 2068 c1RcA
1177 2038 1371 2067 MENSAM

187 2138 302 2180 Cum
333 2139 383 2180 fit
415 2137 549 2181 lectio
581 2152 778 2190 mensae,
804 2137 988 2192 reliquis
1016 2137 1299 2191 ceremoniis,
1324 2136 1361 2179 si
1390 2151 1505 2192 quae
1527 2136 1719 2191 irrepse-

100 2212 204 2265 rint,
230 2214 573 2268 praetermissis,
599 2214 674 2256 vbi
704 2213 895 2269 primum
935 2213 1120 2257 mantile
1150 2213 1415 2269 explicuerit
1444 2212 1521 2268 qui
1551 2212 1721 2267 primus

99 2289 268 2334 assidet
306 2305 503 2342 mensae,
534 2292 692 2344 lector,
723 2290 840 2346 pileo
876 2291 1098 2346 deposito,
1128 2291 1279 2346 signet
1308 2305 1356 2333 se
1395 2289 1526 2345 signo
1555 2288 1717 2338 crucis,

103 2366 406 2422 impositoque
437 2367 554 2423 pileo
581 2367 732 2423 capiti,
759 2367 843 2410 nisi
872 2369 1052 2422 quando
1084 2367 1251 2423 legitur
1280 2374 1414 2422 caput
1441 2380 1497 2408 ex
1519 2379 1722 2419 euange—

100 2441 177 2493 lio,
203 2442 445 2486 lectionem
476 2443 680 2499 incipiat,
712 2443 894 2498 reliquis
923 2443 1032 2485 nihil
1060 2445 1221 2485 horum
1251 2442 1507 2497 agentibus;
1545 2455 1626 2482 nec
1657 2447 1723 2482 est

103 2521 387 2562 consuetudo
414 2527 463 2562 vt
500 2522 558 2562 ad
596 2521 731 2564 finem
770 2520 974 2563 lectionis
1012 2520 1202 2562 dicatur:
1240 2520 1334 2561 ⁴<Tu
1367 2526 1532 2567 autem,
1565 2516 1718 2559 Domi—

104 2610 206 2648 ne»,
231 2607 322 2640 etc,

193 2673 241 2717 Si
264 2673 466 2728 superior
494 2674 672 2730 collegii
702 2689 915 2730 praesens
944 2674 1000 2717 sit
1033 2674 1078 2715 in
1107 2672 1359 2721 refectorio,
1385 2671 1503 2713 dicet
1537 2668 1725 2711 benedi-

106 2749 301 2812 ctionem
325 2765 522 2802 mensae,
548 2751 920 2806 autdesignabit,
947 2749 1023 2805 qui
1047 2750 1181 2792 dicat.
1204 2749 1324 2791 ldem
1349 2746 1480 2789 faciet
1504 2744 1722 2796 minister,

107 2826 293 2869 absente
316 2827 560 2882 superiore.
593 2827 641 2871 Si
674 2842 782 2870 vero
811 2835 998 2882 vterque
1028 2828 1189 2868 absens
1220 2823 1368 2874 fuerit,
1395 2822 1609 2877 magister
1641 2836 1724 2861 no-

176 3002 193 3018 a
219 2993 272 3026 ad
289 2992 483 3038 posterius
498 2992 669 3027 additum
686 2992 770 3027 fuit.
823 2995 889 3018 -b
907 2991 1061 3036 forsam
1080 3002 1148 3024 ms,
1201 3000 1261 3014 -ι
1283 2989 1368 3022 iure
1383 2998 1453 3022 ms.
1507 2988 1569 3013 —d
1590 2997 1631 3020 eo
1652 2997 1722 3019 ms.
