2028 3426
357 260 423 297 132
823 264 980 300 PA-rms
1007 264 1251 299 HmRONYm
1277 261 1428 297 NADAL

306 362 367 406 tia
389 371 435 406 et
457 364 695 416 charitate,
722 379 805 408 nos
828 365 948 407 illam
974 372 1151 420 praeter
1175 362 1403 416 meritum,
1428 362 1557 407 aliter
1585 376 1719 418 quam
1752 370 1799 404 tu
1838 376 1948 407 sen—
2014 390 2015 407 ι

305 440 406 493 tias,
440 440 743 497 interpretari;
770 443 995 484 bullarum
1034 440 1278 484 autoritate
1317 446 1359 482 te
1397 439 1496 492 niti,
1529 453 1586 482 ex
1623 439 1760 483 bullis
1793 447 1837 484 te
1866 446 1951 486 tua
2013 467 2015 472 ·

306 526 578 574 argumenta
600 519 832 575 colligere.
860 518 978 562 Vide
1003 532 1112 560 uero
1137 525 1202 569 tu,
1230 518 1281 560 P.
1311 516 1562 569 Bobadilla,
1583 531 1717 572 quarn
1741 531 1830 560 non
1860 516 1945 561 im-

306 595 465 639 merito
495 603 644 638 tecum
673 593 878 651 agamus.
915 594 1117 637 Primum
1142 593 1326 650 quidem
1352 607 1436 637 nec
1458 593 1614 648 primis
1637 593 1773 636 sociis
1799 593 1951 638 Patris
2012 623 2013 626 =

306 672 470 728 Ignatii
485 673 593 715 dant
611 672 899 722 autoritatem
919 672 1070 715 bullae
1088 670 1376 727 gubernandi
1394 669 1686 723 Societatem,
1701 671 1826 726 quod
1843 670 1949 714 luce

305 749 388 792 erit
412 749 576 791 clarius
599 749 675 791 ubi
700 748 1023 804 perorauerim.
1057 748 1195 803 Quod
1223 747 1261 790 si
1289 746 1376 790 illis
1402 747 1561 790 darent
1581 747 1727 804 (quod
1756 761 1846 790 non
1877 747 1943 791 fa-

305 826 444 881 ciunt)
470 826 548 868 tibi
573 833 722 869 tamen
748 840 837 868 non
861 827 1036 877 darent,
1063 838 1147 868 nec
1170 825 1278 868 dare
1300 831 1502 880 possent,
1529 823 1701 867 homini
1739 839 1794 868 eo
1824 823 1957 869 uitae·

304 904 511 959 exemplo
535 903 579 945 in
599 902 843 954 Societate,
865 917 918 946 eo
935 901 1124 953 ambitu,
1147 910 1196 944 ut
1212 902 1337 944 solus
1355 916 1380 945 e
1397 901 1553 957 primis
1571 902 1822 944 contendas
1840 915 1943 946 esse
1957 900 1965 933 J

304 981 599 1035 gubernator,
624 979 793 1022 homini
827 986 1060 1035 praeterea
1083 986 1173 1022 tam
1197 978 1411 1022 seditioso
1428 987 1473 1022 et
1495 977 1715 1034 inquieto,
1742 986 1791 1020 ut
1812 978 1966 1023 solus
1993 1002 1995 1007 ⁴

304 1056 627 1111 quietissimam
650 1071 702 1099 ac
727 1056 1013 1100 tenerrimam
1036 1055 1310 1100 Societatem
1333 1055 1440 1098 boni
1463 1055 1746 1098 consulueris
1764 1069 1816 1098 ac
1834 1069 1938 1112 pro·
1995 1064 1998 1067 ’

307 1133 486 1177 uaueris
503 1148 528 1176 a
547 1133 711 1176 Pontio
728 1134 784 1176 ad
808 1148 910 1177 eum
928 1147 1029 1178 esse
1046 1133 1240 1176 delatam
1259 1147 1486 1176 summum
1506 1132 1784 1189 pontificem,
1806 1147 1942 1189 quem

306 1218 352 1253 tu
374 1219 452 1253 tuo
471 1218 516 1252 et
534 1210 734 1253 eiusdem
761 1209 912 1253 Pontii
937 1209 1195 1254 testimonio
1212 1209 1365 1252 dixisti
1382 1218 1427 1253 et
1445 1208 1664 1265 scripsisti
1681 1209 1941 1254 destructu*
1959 1256 1964 1258 ,

305 1302 403 1330 rum
422 1301 521 1330 esse
540 1287 830 1339 Societatem,
849 1286 884 1329 si
900 1295 1067 1343 posset.
1089 1288 1261 1331 Verum
1279 1288 1392 1331 haec
1411 1286 1520 1328 nihil
1539 1286 1645 1338 sint,
1663 1293 1708 1330 et
1724 1293 1767 1330 te
1783 1287 1856 1330 uel
1869 1290 1959 1330 so-'

303 1365 413 1416 lum,
438 1365 506 1407 uel
527 1363 678 1415 etiam,
705 1363 743 1406 si
766 1364 895 1416 uelis,
920 1363 1169 1407 solitarium
1192 1365 1471 1419 proclament
1494 1363 1645 1407 bullae
1663 1377 1818 1406 omnes
1841 1377 1954 1409 esse,v

305 1442 655 1497 gubernatorem
675 1455 754 1496 per
772 1440 1007 1493 iustitiam3
1029 1441 1144 1484 adde
1162 1441 1283 1496 quod
1302 1455 1462 1484 omnes
1479 1447 1705 1496 quotquot
1722 1439 1767 1482 in
1786 1440 1954 1485 Socie-ssj
1975 1453 1990 1500 ζ

271 1561 273 1565 ,
305 1525 396 1562 tate
414 1518 613 1560 uiuimus
629 1532 810 1562 oremus
829 1526 873 1562 te
891 1525 1027 1573 atque
1043 1519 1351 1569 obsecremus,
1366 1525 1415 1560 ut
1433 1524 1587 1561 noster
1601 1532 1702 1562 esse
1721 1516 1834 1560 uelis
1851 1508 1954 1574 gua*
1978 1518 1980 1522 ’

306 1596 533 1646 bernator,
562 1597 613 1637 P.
642 1594 892 1647 Bobadilla;
918 1602 1038 1639 esset
1063 1603 1212 1639 tamen
1235 1594 1339 1637 mali
1373 1594 1566 1650 exempli
1598 1594 1731 1637 auide
1756 1602 1800 1638 te
1822 1594 1993 1653 arri-3

303 1686 409 1727 pere
431 1671 758 1724 monarchiam,
784 1686 874 1715 non
893 1685 1120 1725 recusare,
1147 1686 1238 1715 non
1261 1671 1374 1714 alios
1396 1671 1478 1713 tibi
1500 1673 1742 1727 praeferre.
1765 1672 1929 1716 Offen-
1984 1728 1986 1731 y

302 1750 444 1801 deret,
471 1748 556 1791 nisi
580 1757 623 1792 te
645 1749 820 1792 diceres
842 1748 1082 1805 indignum
1105 1763 1160 1792 eo
1182 1763 1387 1802 munere,
1415 1755 1459 1792 te
1479 1763 1566 1791 non
1586 1763 1686 1793 esse
1705 1756 1957 1796 uersatum‘
1976 1766 2001 1804 ς]

305 1826 349 1868 in
374 1826 617 1871 Societatis
639 1825 865 1878 instituto,
891 1827 971 1870 sed
993 1826 1038 1869 in
1062 1826 1161 1885 aliis
1184 1826 1397 1883 negotiis,
1423 1826 1534 1868 nihil
1572 1825 1755 1870 nouisse
1782 1827 1838 1870 de
1869 1827 1950 1870 in}
1969 1839 1987 1866 .-ῖ

304 1903 479 1946 stituto.
520 1903 730 1958 Denique
768 1903 1114 1947 offenderentur
1145 1917 1319 1955 omnes,
1353 1903 1391 1946 si
1428 1918 1520 1946 non
1549 1904 1842 1946 confirmares
1876 1907 1988 1958 te,

304 1979 389 2022 nisi
413 1987 639 2032 coactum,
665 1994 760 2022 non
782 1993 882 2023 esse
904 1987 994 2023 tam
1028 1994 1170 2036 graue
1199 1981 1378 2036 pondus
1405 1987 1715 2037 accepturum.
1743 1981 1916 2024 Ledere
1944 2000 1947 2042 j

304 2056 442 2111 igitur
467 2065 514 2098 tu
538 2056 720 2111 quidem
743 2056 949 2113 grauiter
973 2064 1114 2099 totam
1144 2057 1421 2101 Societatem
1445 2065 1524 2101 tuo
1553 2058 1776 2114 exemplo,
1802 2065 1961 2113 atque«.
1980 2080 1995 2120 ·}

303 2134 414 2176 adeo
436 2147 615 2177 omnem
639 2133 907 2190 religionem
935 2133 1230 2177 monasticam
1259 2149 1350 2176 non
1388 2134 1550 2179 leuiter
1578 2135 1852 2186 offenderes,
1880 2134 1993 2188 si,¹

303 2210 684 2264 quemadmodum
702 2209 922 2264 diximus,
948 2210 1168 2255 modestia
1198 2219 1243 2255 et
1271 2211 1525 2256 humilitate
1554 2211 1822 2268 dignitatem
1847 2225 1937 2256 non

305 2300 553 2330 recusares.
582 2288 645 2329 At
672 2301 780 2331 uero
809 2295 858 2329 tu
888 2287 996 2342 quid
1024 2287 1156 2330 facis?
1185 2288 1355 2330 Contra
1385 2287 1455 2330 ius
1487 2302 1746 2340 commune,
1781 2296 1952 2335 contr2

305 2364 375 2406 ius
397 2364 622 2406 bullarum
657 2371 931 2416 nostrarum,
958 2379 1005 2407 re
1029 2378 1110 2420 per
1141 2372 1279 2407 totam
1318 2364 1549 2408 ciuitatem
1589 2365 1834 2422 publicata,
1860 2380 1916 2422 pe
1940 2380 1950 2414 ·,
1983 2372 1985 2376 ’

304 2441 569 2494 aduocatos,
595 2455 674 2496 per
704 2441 1052 2492 iureconsultos,
1078 2455 1157 2497 per
1185 2441 1376 2496 iudices,
1411 2442 1622 2485 omnibus
1651 2450 1696 2486 et
1728 2442 1940 2486 Patribu

304 2525 349 2562 et
377 2525 394 2542 ³
424 2517 637 2560 fratribus
667 2517 910 2562 Societatis
937 2517 1108 2570 inuitis,
1143 2519 1466 2571 abnuentibus,
1501 2519 1934 2572 contradicentibus,

306 2593 523 2637 acerrime
546 2595 670 2637 solus
692 2594 931 2637 contendis
954 2609 1053 2637 esse
1086 2595 1366 2651 gubernator
1398 2611 1477 2652 per
1513 2595 1746 2639 iustitiam.
1773 2597 1909 2640 Nonn
1938 2583 1940 2585 .
1971 2608 1975 2617 ’

307 2672 396 2714 hoc
415 2678 483 2715 est
501 2671 689 2713 monstri
708 2670 874 2714 simile?
886 2672 1049 2713 Nonne
1066 2673 1151 2714 hoc
1163 2679 1231 2715 est
1245 2673 1366 2714 omni
1381 2672 1716 2716 abominatione
1729 2672 1917 2730 dignum
1929 2693 1939 2708 r
1972 2727 1974 2732 .

306 2749 469 2792 N'onne
491 2750 576 2790 hoc
597 2755 666 2791 est
689 2747 941 2791 certissima
958 2748 1174 2803 pernities
1195 2757 1240 2792 et
1262 2749 1482 2793 desolatio
1505 2749 1764 2800 Societatis,
1786 2749 1821 2793 si
1847 2763 1906 2792 no
1934 2781 1937 2785 n

305 2839 483 2868 summa
505 2839 609 2868 cum
633 2823 878 2868 seueritate
901 2824 946 2866 in
969 2824 1080 2867 illud
1103 2825 1509 2880 animaduertatur,
1534 2834 1579 2870 et
1614 2833 1662 2869 tu
1693 2823 1934 2879 clames‚‚s

306 2903 444 2945 Chro.
472 2903 637 2958 placet,
663 2908 707 2944 te
741 2901 894 2944 uerbis
916 2901 1108 2957 opprimi
1137 2903 1323 2945 nostris?
1352 2904 1454 2946 Non
1483 2903 1751 2960 opprimeris
1787 2901 1937 2948 verb'
1964 2916 1966 2918 ·

375 3079 391 3095 a
441 3068 596 3114 Duplex
615 3067 802 3113 particula
821 3070 857 3103 et
876 3078 897 3102 a
916 3067 1047 3103 Natali
1065 3067 1194 3104 addita
1214 3074 1287 3104 est.
