2028 3426
722 270 1159 312 SUPPLEMENTUM—25
1636 264 1705 310 853

122 386 406 428 percensere.
441 373 532 417 Sed
564 379 613 414 tu
646 386 805 415 censes
837 371 893 414 de
925 370 995 413 his
1027 385 1111 414 nos
1142 370 1253 413 nihil
1282 370 1449 422 dicere,
1484 376 1620 424 atque
1652 368 1752 410 illos

121 450 277 493 iubere
300 464 398 493 esse
421 449 662 492 destitutos
685 448 807 491 omni
831 447 1037 500 consilio,
1063 448 1186 490 omni
1208 462 1303 503 spe,
1335 447 1411 503 qui
1440 446 1559 489 illius
1587 445 1752 489 amoris

122 526 265 568 diuini
288 540 472 569 sensum
504 526 577 567 vel
606 525 823 568 iudicium
852 539 944 567 non
976 532 1296 579 assequuntur.
1323 525 1425 567 Non
1452 523 1640 566 facimus
1670 521 1748 574 ita,

125 604 277 654 frater,
310 617 401 645 non
425 602 630 655 facimus;
656 603 736 644 sed
764 601 825 644 ita
848 602 1079 644 docemus:
1106 600 1384 656 potissimam
1414 600 1633 655 regulam,
1660 599 1751 654 pri-

125 693 264 730 mum,
287 679 343 720 ad
366 678 659 721 certissimam
678 677 945 721 electionem
971 677 1205 730 tradimus,
1226 675 1510 727 charitatem,
1532 675 1608 730 qui
1626 689 1751 717 amor

124 763 193 797 est
216 756 457 799 desursum
480 755 774 798 descendens.
804 756 889 805 2.⁰,
916 753 1045 808 quasi
1068 753 1103 796 si
1128 753 1346 796 dicamus:
1367 752 1442 795 illa
1460 760 1528 796 est
1549 751 1682 794 Vnica
1700 765 1752 793 ac

123 831 333 887 primaria
361 830 433 873 via
456 832 511 873 ad
541 830 803 884 electioneS,
831 837 879 874 vt
901 831 958 873 ad
981 845 1117 885 opera
1140 829 1305 872 omnia.
1332 831 1381 872 In
1404 830 1490 871 hac
1513 828 1550 871 si
1572 828 1672 883 quis
1697 828 1752 869 ti-

123 910 266 959 tubat,
290 908 327 951 si
349 907 450 962 quis
473 907 559 949 sibi
581 922 671 950 non
694 907 930 959 satisfacit,
952 907 1013 948 illi
1037 907 1384 963 praescribimus
1406 913 1455 947 vt
1483 905 1488 963 Ι
1517 907 1573 947 ad
1595 908 1752 947 huma-

125 977 228 1027 nam
252 993 297 1028 et
319 985 534 1027 moralem
557 984 801 1026 descendat
824 983 1219 1035 consultationem,
1245 990 1290 1026 et
1312 983 1423 1025 illud
1451 982 1605 1038 eligat,
1632 983 1753 1036 quod

124 1062 197 1104 alii
214 1063 333 1104 bona
350 1062 438 1104 fide
461 1060 722 1116 eligendum
746 1061 1018 1111 consuleret,
1045 1060 1143 1102 viro
1165 1059 1452 1112 amicissimo,
1479 1067 1524 1102 et
1546 1059 1619 1101 cui
1642 1058 1754 1100 nihil

124 1137 419 1193 perfectionis
451 1152 544 1180 non
577 1137 869 1181 desideraret.
906 1136 982 1180 Sic
1013 1136 1149 1188 enim,
1182 1143 1356 1180 remota
1385 1143 1527 1191 atque,
1559 1135 1754 1191 seposita

125 1230 279 1270 praua,
307 1214 343 1257 si
367 1229 484 1269 quae
505 1213 777 1269 interpellat,
804 1213 942 1256 animi
965 1212 1220 1265 affectione,
1246 1221 1290 1255 et
1313 1212 1443 1267 quasi
1465 1212 1510 1254 in
1534 1227 1580 1254 re
1610 1211 1753 1254 aliena

123 1299 318 1343 versato,
345 1290 512 1346 poterit
533 1290 701 1333 veritas
724 1290 1075 1334 interlucescere
1098 1296 1352 1346 opportune
1381 1303 1433 1331 ac
1456 1289 1623 1332 sensim
1652 1303 1754 1344 per-

123 1368 301 1411 suaderi
319 1367 531 1423 prudenti
549 1381 601 1409 ac
619 1366 875 1410 necessario
893 1367 1091 1421 quodam
1114 1381 1280 1409 errore.
1305 1365 1372 1420 3.⁰
1391 1373 1435 1410 et
1452 1365 1522 1419 4⁰
1540 1366 1658 1417 loco,
1679 1365 1755 1406 vbi

124 1446 209 1487 hac
232 1459 323 1487 non
344 1443 632 1500 processerit,
658 1443 942 1495 adhibemus,
969 1457 1100 1498 quem
1126 1450 1172 1484 tu
1199 1443 1444 1493 desideras,
1471 1442 1675 1485 timorem
1699 1443 1755 1484 ad

121 1521 353 1565 electionis
391 1520 779 1563 constitutionem.
821 1524 895 1565 214
929 1519 1261 1562 Constituimus
1294 1519 1412 1563 enim
1447 1519 1675 1561 hominem
1708 1518 1754 1560 in

123 1599 279 1640 vltima
302 1598 421 1642 vitae
443 1597 579 1649 linea,
606 1597 896 1641 exhalantem
920 1597 1131 1648 animam,
1157 1596 1269 1638 nihil
1292 1595 1645 1651 conspicientem
1668 1594 1755 1637 nisi

123 1674 430 1718 imminentem
460 1673 566 1716 hinc
595 1673 789 1717 iudicem
819 1675 1009 1729 Xpum.,
1042 1673 1147 1715 inde
1174 1672 1294 1716 vitae
1323 1687 1432 1716 suae
1462 1671 1753 1727 praeteritum

126 1759 315 1807 tempus,
342 1746 463 1793 illinc
486 1750 650 1794 inferni
673 1765 723 1792 os
752 1758 976 1806 apertum,
1008 1750 1303 1800 horrendum,
1329 1748 1507 1805 ingens.
1541 1749 1615 1791 Ad
1643 1750 1755 1791 haec

122 1829 320 1871 sistimus
345 1828 557 1871 miserum
581 1826 811 1870 hominem
835 1841 886 1870 ac
910 1828 1259 1871 tremebundum
1283 1833 1387 1870 ante
1406 1826 1656 1870 verendum
1674 1824 1754 1867 tri-

121 1906 259 1947 bunal
281 1904 470 1947 extremi
493 1903 855 1958 vniuersalisque
877 1903 1050 1947 iudicii.
1076 1905 1176 1946 Hac
1196 1917 1346 1947 rerum
1365 1902 1517 1958 specie
1534 1909 1751 1957 perterre-

123 1983 307 2034 factum,
344 1981 552 2024 iubemus
584 1988 633 2023 vt
665 1980 902 2036 disquirat,
937 1980 1104 2031 videat,
1141 1980 1395 2036 interroget
1430 1993 1529 2022 sese
1561 1977 1670 2033 quid
1702 1992 1755 2020 eo

123 2066 323 2114 tempore
345 2058 481 2101 vellet
499 2041 681 2109 fecisse,
708 2065 844 2113 atque
875 2057 920 2099 id
949 2057 1106 2113 eligat,
1133 2057 1178 2099 id
1204 2057 1352 2110 faciat,
1387 2055 1473 2098 nisi
1506 2055 1614 2099 velit
1647 2068 1756 2110 pru-

120 2137 233 2178 dens
261 2149 311 2177 ac
341 2134 500 2176 videns
529 2141 690 2189 sponte
718 2149 801 2177 sua
824 2135 879 2177 ad
902 2134 977 2177 illa
1005 2133 1258 2189 peruenire,
1292 2147 1483 2189 quorum
1507 2131 1696 2187 spectris
1724 2133 1730 2186 Ι

121 2220 258 2266 atque
286 2209 552 2266 imaginaria
585 2211 965 2266 contemplatione
994 2211 1107 2253 adeo
1136 2218 1205 2252 est
1232 2211 1524 2253 vehementer
1553 2221 1753 2250 commo-

124 2296 211 2340 tus,
237 2287 479 2342 etiamque,
506 2288 624 2329 bone
648 2288 800 2339 frater,
827 2287 1095 2330 adhibemus
1118 2287 1227 2329 alias
1249 2286 1446 2328 rationes
1477 2283 1755 2327 deliberandi

123 2372 257 2420 atque
281 2363 584 2415 consultandi,
612 2371 788 2419 praeter
810 2364 1066 2420 primariam
1089 2363 1210 2406 illam
1233 2370 1369 2418 atque
1388 2375 1623 2413 summam;
1645 2367 1690 2402 et
1706 2360 1752 2402 in

123 2441 194 2483 his
216 2441 423 2485 timorem
449 2447 595 2493 tuum;
622 2454 769 2495 neque
793 2440 879 2483 fuit
902 2455 1139 2483 necessum
1163 2439 1249 2482 alia
1268 2439 1419 2482 omnia
1436 2438 1582 2480 media
1600 2451 1751 2493 prose-

123 2517 214 2571 qui:
240 2517 481 2561 selectiora
504 2515 686 2571 quidem
711 2524 831 2560 certe
855 2516 1104 2572 attigimus.
1132 2515 1284 2558 Dices:
1319 2522 1364 2557 at
1396 2529 1484 2570 ego
1518 2515 1631 2557 haec
1663 2527 1754 2556 non

122 2593 550 2637 animaduerteram.
577 2593 711 2635 Hem!
738 2607 920 2637 censem
943 2608 1014 2636 me
1037 2592 1264 2635 hominem
1287 2591 1438 2635 etiam:
1465 2591 1606 2633 multa
1623 2589 1753 2645 igno-

122 2670 220 2712 raui
237 2669 369 2712 nimis
392 2671 417 2712 ¹.
438 2670 595 2713 Placet
613 2668 741 2721 mihi,
763 2669 830 2710 vir
847 2669 1076 2725 religiose,
1093 2668 1179 2711 ista
1196 2667 1488 2723 poenitentia.
1510 2667 1618 2718 Sed,
1632 2674 1681 2707 vt
1698 2680 1754 2708 ne

121 2747 178 2789 de
201 2753 379 2789 caetero
401 2746 446 2788 in
478 2736 687 2789 eumdem
717 2745 922 2788 incurras
952 2745 1208 2801 scopulum,
1240 2758 1423 2787 causam
1453 2757 1541 2799 ego
1573 2742 1654 2784 tibi
1681 2747 1753 2788 215

123 2823 286 2865 erroris
316 2822 381 2864 tui
403 2822 631 2866 indicabo,
658 2823 729 2864 Tu
758 2830 929 2877 partem
953 2821 1149 2876 aliquam
1177 2819 1494 2863 exercitiorum
1525 2819 1753 2861 mordicus

124 2898 281 2954 arripis
303 2898 624 2950 dilaniandam,
650 2897 761 2940 nihil
784 2904 1019 2954 praeterea
1041 2896 1257 2939 aduertis:
1284 2896 1404 2939 vnde
1426 2895 1636 2951 pendeat,
1663 2909 1752 2949 quo

193 3004 202 3023 ¹
255 3003 320 3038 Sic
340 3015 410 3041 ms,
432 3004 619 3039 Alludere
640 3002 797 3038 videtur
814 3008 947 3038 auctor
965 3002 1013 3039 ad
1031 3001 1125 3037 illud
1143 3002 1361 3045 TERENTn,
1382 3001 1567 3047 Adelph„
1585 3005 1660 3035 act.
1682 3000 1748 3044 IV,

123 3073 229 3097 scen.
249 3063 298 3097 11:
321 3063 441 3097 uVah!
462 3063 632 3098 Censen’
651 3062 845 3097 hominem
865 3073 926 3097 me
945 3059 1051 3097 esse?
1069 3060 1234 3099 erravi.»
