2028 3426
574 217 806 254 ORA‘rroNrs
831 225 1173 253 OBSERVAT10NES
1181 227 1268 263 -70
1614 219 1681 265 687

111 319 480 363 intercessionem
504 318 664 361 sancti:
691 318 811 373 quod
848 317 909 360 ita
937 317 1331 374 interpretabatur:
1366 320 1580 375 Spiritum
1610 336 1724 373 esse,

108 395 185 450 qui
207 397 340 437 datus
363 401 432 438 est
454 393 698 437 vniuersali
717 393 951 446 ecclesiae,
972 409 1088 448 quae
1106 409 1159 438 eo
1177 394 1248 436 die
1267 395 1433 438 nullius
1448 396 1590 438 sancti
1609 411 1728 439 com-

107 471 475 515 memorationem
499 471 609 526 agit,
637 485 690 513 ac
711 470 818 513 boni
836 470 1082 515 consuluit.

198 547 396 603 Spiritus
417 547 503 590 Dei
527 546 721 591 sentitur
742 547 788 589 in
815 547 945 589 donis
978 547 1074 590 suis·
1100 549 1351 590 affluenter:
1385 549 1636 603 profundus
1660 557 1727 593 est

107 633 152 668 et
174 623 487 680 penetratiuus
510 624 569 668 34
592 624 762 679 absque
786 623 992 676 termino,
1018 625 1134 666 dans
1156 624 1424 680 principium
1442 625 1723 670 omniscium.

107 700 404 744 vibrationem
428 700 568 743 nostri
592 700 850 744 intellectus
872 699 1133 756 compescit,
1154 700 1356 744 suauiter
1379 708 1548 743 mouet.

194 777 286 832 Qui
314 783 498 837 propter
534 776 838 819 infirmitatem
879 777 949 819 uel
987 777 1291 820 necessarium
1329 777 1510 832 aliquod
1539 777 1725 832 impedi—

108 861 308 896 mentum
333 867 423 895 non
445 860 594 909 potest
616 867 777 896 vacare
799 852 977 909 magnis
999 853 1227 909 operibus,
1248 853 1285 896 si
1303 867 1446 909 graue
1468 853 1530 895 illi
1549 861 1615 897 est
1634 868 1728 896 ser-

107 930 203 973 uire
225 932 322 972 Deo
343 929 390 971 in
413 929 624 981 minimis,
650 928 866 971 iudicium
889 930 966 971 dat
995 929 1248 985 superbiae;
1285 944 1376 972 non
1408 930 1526 973 enim
1556 930 1730 985 indiget

108 1008 231 1049 Deus
254 1012 407 1049 nostra
430 1006 705 1061 operatione:
732 1012 774 1048 et
799 1007 1077 1049 tantumdem
1097 1006 1157 1048 illi
1176 1013 1245 1049 est
1263 1021 1348 1049 nos
1366 1007 1422 1049 ad
1440 1006 1629 1062 gloriam
1650 1021 1728 1048 vo-

107 1097 208 1126 care
238 1089 419 1138 propter
457 1097 620 1138 paruas
651 1090 696 1124 et
728 1090 909 1138 propter
947 1097 1135 1138 magnas
1163 1082 1462 1138 operationes.
1505 1084 1579 1126 Ad
1616 1084 1727 1126 haec

108 1159 427 1214 aequalitatem
445 1159 581 1201 sentit
599 1160 735 1201 homo
752 1158 994 1214 spiritualis
1013 1173 1281 1214 magnarum
1298 1167 1343 1201 et
1359 1174 1599 1215 paruarum
1620 1174 1724 1214 ope-

107 1235 351 1287 rationum,
385 1235 493 1290 quin
531 1235 664 1278 etiam
701 1250 893 1291 magnae
929 1243 974 1278 et
1010 1250 1178 1291 paruae
1215 1235 1386 1292 gloriae
1418 1251 1473 1280 ex
1509 1245 1649 1292 gustu
1685 1245 1728 1280 et

106 1312 255 1367 quiete
277 1312 323 1354 in
346 1313 431 1355 Dei
453 1313 701 1365 voluntate,
728 1319 814 1354 etc.
842 1313 979 1368 Quod
1001 1312 1038 1354 si
1060 1312 1241 1367 aliquod
1269 1313 1454 1356 excitari
1477 1320 1626 1368 potest
1649 1314 1727 1356 de-

106 1388 317 1432 siderium
342 1403 608 1444 magnarum
632 1388 958 1445 operationum,
984 1388 1044 1431 ibi
1069 1396 1232 1444 potest,
1259 1389 1333 1430 vbi
1367 1405 1422 1433 ex
1452 1390 1585 1445 plena
1607 1404 1727 1431 mor—

106 1465 351 1509 tificatione
369 1466 515 1508 solum
533 1465 674 1508 maior
691 1465 776 1508 Dei
793 1467 936 1507 honor
953 1465 1183 1519 quaeritur
1200 1472 1245 1509 et
1262 1465 1470 1518 sentitur3
1489 1467 1584 1518 sed,
1606 1473 1654 1508 vt
1672 1467 1727 1508 ab

106 1542 201 1584 aliis
223 1541 372 1597 potius
395 1530 521 1594 fiant,
554 1541 883 1586 desiderabitur
910 1558 965 1586 ex
987 1541 1254 1585 humilitate.
1291 1544 1394 1585 Non
1429 1543 1633 1598 negliget
1658 1549 1726 1585 ta—

107 1634 223 1671 men,
249 1619 325 1675 qui
348 1619 608 1662 huiusmodi
630 1619 729 1670 erit,
755 1619 864 1674 quin
894 1619 1066 1662 ratione
1089 1633 1198 1662 suae
1225 1619 1472 1662 vocationis
1502 1628 1546 1663 et
1570 1620 1725 1662 talenti

101 1696 277 1751 accep-ti
294 1711 344 1739 se
366 1703 574 1739 exerceat
596 1710 699 1738 cum
723 1695 877 1738 diuina
899 1696 1060 1752 gratia.

191 1773 249 1816 35
284 1775 478 1827 Prepara
502 1780 546 1816 te
568 1787 758 1828 semper,
785 1772 1032 1816 orationem
1057 1787 1195 1827 quum
1214 1772 1325 1824 adis,
1346 1780 1395 1814 vt
1412 1773 1570 1828 spiritu
1591 1772 1725 1815 intel-

99 1847 218 1905 ligas
237 1850 357 1904 quod
374 1849 484 1891 dixit
510 1850 693 1892 Paulus:
723 1849 944 1904 «Spiritus
966 1849 1151 1891 adiuuat
1173 1849 1477 1892 infirmitatem
1503 1859 1721 1892 nostram.

106 1926 218 1968 Nam
243 1925 352 1980 quid
384 1940 564 1967 oremus
586 1925 701 1968 sicut
729 1932 904 1980 oportet
933 1925 1175 1968 nescimus:
1202 1926 1281 1968 sed
1303 1925 1398 1982 ipse
1427 1926 1611 1981 spiritus
1644 1942 1725 1983 po-

106 2003 240 2044 stulat
264 2017 344 2057 pro
369 1989 499 2044 nobis
522 2002 765 2057 gemitibus
787 2001 1161 2045 inenarrabilibus
1184 2004 1240 2044 ¹.»
1269 2005 1523 2055 Praeterea,
1551 2004 1723 2059 accepi-

106 2094 205 2122 mus
227 2078 430 2134 spiritum
460 2077 694 2130 «filiorum,
721 2078 764 2119 in
783 2092 873 2132 quo
892 2079 1153 2121 clamamus:
1175 2079 1291 2121 abba
1311 2080 1459 2123 Pater.
1485 2081 1582 2135 Ipse
1605 2080 1724 2123 enim

105 2155 288 2210 spiritus
307 2153 614 2198 testimonium
634 2154 776 2196 reddit
794 2154 967 2209 spiritui
987 2161 1142 2196 nostro
1160 2156 1277 2209 quod
1292 2170 1449 2197 sumus
1466 2156 1543 2197 filii
1564 2156 1722 2201 Dei2'».

107 2233 233 2274 Haec
262 2232 297 2273 si
327 2231 495 2274 sentias
533 2230 722 2273 interius
753 2230 795 2272 in
827 2232 962 2273 corde
994 2232 1215 2274 accedens
1247 2232 1304 2273 ad
1331 2231 1595 2283 orationem,
1628 2247 1724 2276 ma-

106 2309 504 2364 gnumvhabebunt
528 2308 718 2362 pondus,
745 2322 955 2362 magnam
986 2307 1244 2350 efficaciam.
1279 2308 1459 2350 Primus
1493 2310 1619 2351 locus
1648 2309 1724 2351 dat

105 2399 285 2427 sensum
309 2383 576 2425 humilitatis
600 2390 778 2425 nostrae
808 2391 852 2426 et
874 2378 1149 2438 operationis
1182 2383 1364 2439 spiritus
1394 2385 1437 2426 in
1461 2385 1607 2426 nobis.
1635 2387 1723 2428 Rev

105 2461 254 2515 liquus
275 2461 402 2503 locus
420 2459 554 2515 erigit
576 2459 622 2501 in
639 2474 779 2514 spem,
801 2459 896 2501 vnit
913 2459 1109 2511 Christo,
1131 2467 1176 2504 et
1193 2460 1402 2502 fiducia'm
1422 2460 1464 2501 in
1484 2461 1595 2502 Filio
1613 2475 1723 2502 con-

107 2537 226 2579 ciliat
249 2544 294 2581 et
316 2536 660 2580 familiaritatem
678 2537 798 2591 apud
821 2537 1015 2579 Patrem.

194 2613 367 2656 Venisti
391 2627 715 2667 nonnunquam
745 2613 801 2654 ad
829 2612 1027 2654 Vltimam
1058 2627 1206 2656 rerum
1236 2612 1561 2665 difficultatem,
1588 2628 1720 2668 quae·

108 2704 208 2732 rens
231 2692 394 2733 Deum:
415 2704 516 2745 age,
538 2703 735 2744 agnosce
755 2689 933 2732 tandem
953 2689 1256 2732 infirmitatem
1282 2696 1419 2731 tuam:
1442 2689 1531 2730 noli
1549 2689 1723 2743 praeire

108 2765 339 2821 Spiritum,
365 2767 443 2809 sed
466 2765 562 2808 sine
586 2766 640 2807 ab
664 2765 738 2807 illo
761 2765 864 2806 duci
888 2778 941 2806 ac
964 2765 1184 2806 moderari
1214 2764 1259 2806 in
1292 2765 1493 2815 veritate,
1520 2773 1563 2807 et
1600 2764 1722 2808 disce

109 2842 279 2898 gratiae
301 2841 547 2897 cooperari.

179 3008 187 3026 ¹
239 3007 362 3050 Rom„
383 3006 487 3051 VIII,
508 3005 563 3041 26.
1116 3007 1129 3025 “2
1181 3005 1300 3049 Rom„
1325 3005 1427 3048 VIII,
1451 3013 1504 3049 15,
1526 3005 1581 3041 16.
