2028 3426
297 228 368 263 880
487 208 490 212 ’
875 225 1014 261 ΕΡιετ.
1042 224 1086 260 Ρ.
1115 225 1150 260 N
1154 233 1266 260 ΑΒΜ,

339 331 542 373 Tandem
566 327 760 380 iuvenis,
786 341 890 370 cum
913 327 1089 372 videret
1111 334 1324 383 parentes
1353 340 1602 382 numquam
1631 326 1675 369 id
1701 327 1893 383 permis-

250 422 396 458 suros,
430 419 578 460 neque
613 407 793 448 Patrem
831 405 1040 448 Natalem
1079 405 1251 459 absque
1283 418 1439 447 eorum
1479 404 1696 448 facultate
1724 403 1893 459 aliquid

251 492 475 536 acturum,
501 482 684 526 omnino
708 481 910 526 decrevit
932 495 998 533 se,
1025 481 1103 523 ubi
1128 480 1321 537 primum
1346 480 1530 524 ianuam
1555 480 1736 537 collegii
1763 495 1892 537 aper-

252 571 341 604 tam
367 560 608 613 inveniret,
634 560 678 602 vi
701 559 1034 615 ingressurum,
1061 567 1196 614 atque
1216 566 1264 602 ut
1282 558 1326 601 id
1347 559 1515 602 faceret
1533 558 1890 614 oportunitatem

252 639 480 694 captabat.

340 715 521 758 Accidit
545 715 739 770 quadam
765 714 878 766 vice,
906 721 956 756 ut
979 714 1281 770 paedagogus
1319 713 1418 758 eius
1457 714 1514 756 ad
1546 726 1655 756 suos
1686 720 1896 769 parentes

253 793 512 836 invisendos
535 791 636 843 iret,
662 792 785 847 quod
810 790 885 834 ubi
910 790 1004 851 ipse
1027 790 1238 846 advertit,
1261 790 1573 833 occassionem
1597 805 1646 833 se
1669 789 1896 834 invenisse

253 871 460 921 credens,
493 877 543 911 ut
572 869 633 921 id,
661 869 783 924 quod
813 868 964 911 animo
989 874 1280 923 conceperat,
1308 874 1625 922 exequeretur,
1651 874 1697 910 et
1719 866 1763 908 id
1801 866 1898 911 sine

257 949 346 991 ulla
368 947 438 990 sui
470 946 731 1003 paedagogi
763 945 1015 1002 suspitione
1050 945 1147 988 fieri
1176 959 1311 1001 posse
1349 952 1572 996 cerneret,
1604 943 1761 987 statuit
1792 951 1899 986 tunc

259 1027 479 1081 temporis
502 1024 698 1081 ingredi3
726 1038 778 1067 ac
802 1024 997 1079 quadarn
1027 1022 1100 1065 die
1129 1021 1355 1066 dominica
1384 1036 1410 1064 a
1450 1024 1585 1064 Patre
1613 1020 1826 1064 Cornelio
1854 1020 1899 1063 in

257 1104 443 1145 domum
468 1101 748 1158 probationis
771 1101 1064 1144 introductus
1087 1107 1171 1152 est,
1198 1098 1275 1141 ubi
1309 1098 1541 1143 remansit.
1571 1100 1789 1142 Parentes
1817 1111 1900 1140 au-

257 1188 348 1222 tem
373 1194 477 1224 eum
500 1179 621 1222 domi
644 1180 962 1235 expectabant,
989 1185 1038 1220 ut
1068 1176 1261 1230 veniret3
1287 1177 1367 1219 sed
1409 1175 1484 1218 ubi
1513 1183 1618 1232 post
1648 1190 1784 1218 unam
1823 1181 1901 1217 aut

259 1259 445 1300 alteram
468 1259 625 1299 horam
656 1271 759 1301 eum
790 1270 880 1298 non
911 1256 1157 1298 adventare
1186 1254 1618 1305 animadverterent,
1644 1252 1794 1296 statim
1823 1266 1902 1295 su-

259 1334 418 1390 spicati
440 1341 564 1386 sunt,
590 1335 713 1390 quod
736 1347 893 1376 verum
913 1340 1025 1376 erat.

349 1413 480 1455 Tunc
503 1418 647 1454 mater
671 1411 769 1455 eius
794 1412 863 1453 2.⁰¹
886 1412 998 1452 hora
1020 1410 1183 1462 noctis,
1210 1410 1376 1452 multas
1401 1410 1611 1461 famulas,
1637 1422 1689 1450 ac
1714 1408 1904 1450 famulos

261 1490 519 1545 multosque
542 1496 767 1545 cognatos
796 1502 952 1532 secum
983 1488 1230 1540 adducens,
1264 1488 1320 1530 ad
1350 1486 1593 1543 collegium
1628 1485 1900 1542 properavit,

261 1566 498 1610 clamitans
521 1582 601 1622 per
626 1567 800 1618 urbem,
822 1565 884 1608 ita
909 1573 958 1607 ut
982 1564 1113 1608 multi
1136 1563 1321 1620 cognati
1344 1571 1389 1607 et
1412 1564 1588 1615 affines,
1616 1563 1714 1607 eius
1735 1563 1905 1605 clamo-

262 1644 388 1687 ribus
419 1643 619 1696 excitati,
646 1644 781 1687 simul
811 1657 914 1686 cum
939 1643 1013 1685 illa
1037 1648 1277 1686 venerunt.
1306 1642 1438 1683 Tunc
1467 1640 1662 1683 maximo
1695 1654 1798 1683 cum
1830 1647 1905 1683 tu-

262 1723 408 1764 multu
435 1723 552 1765 fores
576 1721 756 1778 collegii
780 1722 946 1777 pulsat,
973 1735 1025 1763 ac
1047 1719 1190 1762 filium
1214 1733 1347 1762 suum
1371 1718 1566 1761 maximo
1595 1731 1699 1760 cum
1728 1717 1897 1760 eiulatu

262 1799 346 1841 sibi
365 1799 465 1842 dari
485 1799 706 1855 deposcit.
728 1800 867 1854 Quod
885 1799 1046 1843 videns
1066 1800 1200 1841 Pater
1217 1796 1410 1848 Natalis,
1431 1811 1535 1840 eum
1556 1795 1833 1840 descendere
1851 1795 1908 1838 ad

266 1884 455 1920 matrem
478 1876 625 1920 iussit.
652 1876 782 1921 Licet
804 1876 927 1932 prius
957 1881 1185 1926 renueret,
1212 1873 1465 1926 descendit3
1493 1887 1628 1928 quem
1660 1872 1908 1920 ubimater

262 1954 391 2009 vidit,
418 1954 587 2007 statim,
615 1962 795 2010 arrepto
819 1954 1002 1997 sinistro
1027 1952 1228 2004 brachio,
1255 1950 1418 2006 inquit:
1449 1950 1578 2004 «Fili,
1604 1965 1695 1992 non
1720 1957 1765 1994 te
1781 1950 1908 1994 dese-

264 2047 374 2083 ram,
401 2032 487 2074 nisi
510 2045 688 2074 mecum
718 2031 943 2084 veneris03
971 2030 1218 2085 multisque
1250 2029 1442 2072 vocibus
1473 2027 1720 2083 quaerulis,
1746 2041 1797 2069 ac
1830 2027 1911 2069 fle-

263 2108 430 2151 bilibus
453 2109 654 2152 animum
678 2108 776 2153 eius
798 2109 1091 2152 emollescere
1114 2107 1380 2149 conabatur.
1403 2105 1538 2161 Quod
1570 2104 1645 2147 ubi
1670 2118 1761 2146 non
1784 2118 1911 2159 prae-

264 2186 393 2237 stitit,
419 2187 475 2229 ad
499 2186 660 2238 minas,
687 2193 732 2230 et
756 2185 1118 2230 maledictionem
1142 2198 1190 2227 se
1213 2182 1455 2234 convertit,
1478 2181 1706 2236 inquiens:
1740 2181 1912 2224 «Male-

265 2263 510 2307 dictionem
535 2278 680 2307 meam
707 2263 787 2305 tibi
811 2263 1020 2315 inferam,
1041 2261 1127 2304 nisi
1146 2260 1255 2303 mihi
1275 2259 1547 2303 obedieris.»
1570 2257 1658 2301 Cui
1682 2257 1913 2313 respondit

267 2340 460 2384 iuvenis:
489 2341 610 2387 illam
633 2355 716 2384 cur
738 2343 855 2383 hanc
885 2338 1248 2384 maledictionem
1290 2337 1477 2393 irroget,
1516 2336 1686 2378 nullam
1731 2348 1913 2377 causam

268 2419 454 2460 habere.
493 2419 676 2473 «Quare
708 2417 819 2461 nihil
858 2416 1034 2473 (inquit)
1073 2414 1185 2458 mihi
1219 2413 1381 2464 oberit,
1408 2414 1488 2458 sed
1527 2412 1673 2455 maius
1703 2410 1915 2454 me'ritum

267 2494 499 2550 augebit.»
527 2495 732 2539 Tandem
757 2503 901 2538 mater
924 2508 1015 2536 non
1045 2491 1212 2544 effecit,
1242 2498 1289 2534 ut
1319 2490 1420 2542 iret,
1446 2489 1508 2532 ita
1539 2497 1589 2532 ut
1617 2487 1814 2531 crastina
1841 2487 1915 2531 die

268 2587 315 2614 se
345 2571 489 2615 redire
514 2571 798 2627 promitteret
822 2579 965 2614 mater
988 2571 1044 2613 ad
1068 2568 1332 2625 collegium.

358 2649 488 2691 Tunc
512 2650 694 2692 tandem
717 2656 876 2701 mater,
903 2654 1082 2703 arrepto
1106 2644 1309 2697 brachio,
1337 2644 1531 2687 famulae
1554 2650 1598 2687 et
1631 2641 1787 2685 famuli
1810 2655 1915 2696 par-

271 2725 390 2767 tibus
413 2726 551 2770 vestis
573 2726 779 2781 arreptis,
801 2726 1030 2768 ducebant
1053 2723 1250 2766 maximo
1274 2735 1377 2765 cum
1397 2722 1592 2764 clamore
1611 2733 1663 2762 ac
1682 2717 1910 2774 lacrymis.

272 2802 358 2845 Ubi
382 2809 533 2846 autem
556 2803 739 2846 domum
764 2801 984 2858 pervenit,
1011 2815 1123 2844 avus
1140 2814 1244 2844 eum
1263 2798 1499 2854 increpare
1515 2795 1683 2852 coepit,
1705 2794 1827 2851 quod
1846 2793 1911 2847 id,

269 2878 424 2922 insciis
447 2879 725 2934 parentibus,
754 2879 925 2930 fecerit,
951 2892 1078 2934 spem
1101 2885 1254 2920 autem
1273 2882 1380 2920 ante
1397 2874 1507 2918 solis
1524 2869 1917 2916 ortum-redeundi

270 2957 398 3008 dans;
431 2971 561 2999 mane
589 2955 741 2998 statim
771 2955 983 3009 surrexit,
1019 2963 1069 2997 ut
1098 2953 1248 3004 citius,
1276 2952 1400 2995 nullo
1423 2949 1715 3007 impediente,
1742 2949 1800 2991 ad
1822 2947 1918 2990 col-

271 3031 439 3085 legium
464 3033 643 3076 rediret.
672 3033 810 3087 Quod
835 3032 911 3075 ubi
935 3031 1068 3075 scivit
1091 3045 1220 3083 avus,
1246 3029 1291 3072 in
1322 3027 1585 3072 cubiculum
1608 3026 1708 3070 eius
1736 3025 1917 3081 ingres-
