2028 3426
682 207 721 240 IN
728 193 1015 241 sTRncrioNEs
1025 224 1056 229 -
1065 204 1106 238 61
1370 255 1379 263 ,
1595 210 1663 247 479

85 316 266 359 nentur,
301 308 423 350 aliud
455 322 644 351 examen
677 307 828 350 subire
860 307 1042 358 debent,
1067 320 1156 348 non
1189 304 1333 347 solum
1367 303 1706 355 examinatoris,

85 386 163 427 sed
193 384 381 427 aliorum
417 384 567 435 etiarn,
602 383 679 437 qui
710 384 767 425 ad
795 383 840 425 id
870 390 1003 426 erunt
1033 397 1058 423 a
1087 380 1317 437 superiore
1340 379 1579 435 designati.
1608 382 1710 423 Hoc

84 475 191 505 vero
214 475 403 504 examen
426 475 479 504 eo
502 469 692 516 spectat,
719 467 766 501 vt
790 458 930 515 possit
952 457 1154 514 superior
1176 464 1374 500 statuere
1397 471 1454 498 an
1484 456 1710 511 recipien-

84 539 170 579 dus
193 537 249 580 sit
272 537 328 579 ad
345 536 532 593 primam
550 536 859 592 probationem
878 535 931 587 is,
951 536 1008 579 de
1025 549 1114 590 quo
1132 535 1188 577 ad
1205 548 1309 578 eum
1327 548 1383 576 ex
1400 535 1486 575 hoc
1505 533 1710 576 examine

22 632 23 636 ¹
81 613 167 657 erit
184 614 387 665 relatu1n3
408 628 491 657 nec
508 612 688 669 grauari
705 613 975 665 existiment,
997 612 1073 667 qui
1091 610 1364 663 examinant,
1390 610 1427 653 si
1452 617 1541 652 tam
1564 611 1711 652 multa

85 691 158 732 hic
181 690 403 733 dicantur.
432 690 516 732 His
544 689 662 733 enim
691 690 827 732 semel
857 697 934 732 aut
962 689 1124 731 iterum
1152 687 1298 739 lectis,
1316 687 1551 742 ‚accipient
1580 686 1711 730 facile

84 768 202 809 vnde
236 767 468 822 explorare
495 766 668 822 possint
699 781 790 817 eos,
824 766 900 821 qui
937 766 993 809 ad
1031 780 1112 808 nos
1143 764 1346 815 veniunt,
1383 772 1625 819 antequam
1666 763 1711 804 in

85 843 278 900 primam
300 843 609 899 probationem
639 842 890 885 mittantur.
922 843 993 884 Ac
1022 857 1079 885 ne
1110 840 1489 896 interrogationes
1528 839 1711 894 quidem

85 921 251 963 habere
275 933 510 964 necessum
533 919 632 971 erit,
659 920 738 963 sed
761 935 816 963 ex
838 919 994 961 habitu
1017 925 1273 974 comparato
1301 916 1557 960 examinare
1580 923 1712 972 pote-

89 1004 209 1038 runt.
237 996 428 1050 Reliqua
450 995 728 1039 examinator
749 1011 804 1049 ex
829 995 975 1038 officio
999 1004 1030 1038 ἃ.

173 1078 254 1119 339
286 1073 487 1115 Primum
517 1072 656 1128 igitur
683 1073 761 1115 fiat
789 1072 932 1114 oratio
954 1075 1051 1116 Deo
1080 1086 1159 1128 pro
1188 1070 1449 1127 cognitione
1478 1078 1522 1113 et
1545 1069 1713 1112 iudicio

87 1151 294 1192 habendo
311 1151 366 1192 de
385 1149 679 1193 admittendo.
702 1150 865 1192 Postea
881 1164 988 1199 vero
1005 1163 1060 1191 ex
1077 1149 1222 1201 vultu,
1243 1163 1298 1191 ex
1315 1146 1515 1202 corporis
1533 1146 1709 1197 habitu,

86 1241 140 1269 ex
163 1240 385 1277 sermone,
410 1234 455 1269 et
478 1225 660 1281 reliquis
683 1227 818 1268 rebus
845 1225 1043 1269 externis
1070 1224 1332 1281 perspectis,
1358 1223 1598 1279 colligatur
1630 1222 1713 1266 ali-

83 1302 192 1357 quid
216 1303 271 1345 ad
295 1304 383 1345 hoc
406 1302 552 1358 ipsum
576 1303 854 1345 conducens.>

173 1380 481 1435 Interrogetur
518 1378 642 1421 cuias
679 1378 752 1431 sit,
792 1393 816 1420 e
854 1378 1017 1434 quibus
1055 1377 1331 1433 parentibus,
1372 1376 1613 1428 nobilibus,
1656 1391 1713 1418 an

87 1455 378 1511 ignobilibus,
411 1455 644 1508 diuitibus,
671 1470 724 1497 an
759 1454 1047 1511 pauperibus,
1073 1462 1159 1497 etc.
1197 1454 1320 1509 Quid
1352 1455 1408 1496 ad
1440 1467 1538 1496 eam
1571 1468 1714 1508 vsque

88 1539 280 1575 aetatem
306 1532 461 1576 fecerit
485 1531 529 1573 in
552 1533 747 1575 saeculo.

175 1609 223 1653 Si
245 1609 356 1651 sciat
379 1609 562 1664 ahquid,
588 1616 633 1651 et
655 1609 699 1650 in
723 1624 811 1664 qua
832 1609 1059 1661 facultate3
1086 1616 1130 1652 et
1158 1607 1418 1652 coniectura
1446 1607 1711 1663 accipiatur,

88 1700 177 1740 quo
199 1685 369 1742 ingenii
393 1685 599 1728 acumine
623 1686 803 1741 polleat,
830 1699 917 1740 quo
940 1684 1105 1727 iudicio
1128 1686 1288 1728 valeat.
1315 1683 1362 1728 Si
1385 1698 1494 1726 sano
1516 1690 1560 1727 et
1586 1684 1715 1725 firmo

91 1776 277 1818 corpore
302 1771 384 1815 est,
412 1770 521 1818 quot
544 1777 686 1804 annos
709 1771 856 1804 natus.
1761 1748 1766 1752 ”

175 1839 224 1883 Si
241 1838 419 1894 ingredi
435 1838 662 1883 desiderat
680 1838 951 1882 Societatem
963 1845 1144 1893 propter
1160 1837 1476 1881 necessitatem
1496 1837 1709 1891 aliquam,

91 1923 167 1957 aut
177 1923 363 1971 propter
379 1915 625 1967 infamiam,
641 1914 888 1970 periculum
896 1929 965 1967 ue,
979 1915 1100 1969 quod
1116 1913 1200 1956 sibi
1217 1913 1263 1955 in
1275 1915 1443 1956 mundo
1462 1913 1710 1956 immineat.

177 1991 226 2036 Si
260 1993 390 2034 firmo
423 2000 467 2036 et
499 1991 724 2034 constanti
762 1991 910 2033 animo
948 1990 1173 2034 desiderat
1209 1990 1379 2033 seruire
1408 1993 1506 2033 Deo
1545 1990 1591 2032 in
1629 1990 1716 2033 So-

92 2053 272 2112 cietate.

176 2145 554 2201 Interrogabitur,
570 2144 607 2187 si
623 2145 707 2187 sub
725 2158 833 2186 cura
849 2143 1048 2199 legitima
1059 2151 1296 2199 parentum
1314 2144 1386 2196 sit,
1401 2145 1473 2186 vel
1491 2150 1713 2193 tutorum,

90 2237 147 2264 an
170 2221 231 2263 illi
254 2221 558 2274 consentiant,
584 2220 847 2277 praesertim
870 2220 908 2262 si
929 2227 1082 2264 noster
1103 2220 1160 2262 sit
1182 2219 1446 2276 discipulus.

177 2303 264 2344 340
303 2300 468 2341 Postea
504 2312 611 2340 vero
641 2298 891 2349 commode,
924 2298 1116 2351 quadam
1154 2297 1463 2353 interrogandi
1502 2297 1712 2339 methodo

91 2384 285 2426 seruata,
312 2374 608 2430 interrogabit
632 2375 688 2418 de
710 2374 910 2429 quinque
938 2372 1285 2429 impedimentis,
1312 2388 1427 2428 quae
1455 2372 1713 2416 essentialia

94 2466 326 2503 uocamus,
353 2465 469 2506 quae
492 2458 598 2493 sunt
619 2450 869 2505 sequentia.

162 2599 178 2614 a
228 2586 522 2631 Praecedentia,
540 2588 588 2621 ab
606 2585 682 2621 illis
702 2586 833 2620 verbis
853 2597 921 2621 nec
933 2586 1128 2632 grauari,
1146 2585 1276 2620 addita
1297 2584 1487 2631 poterius.

92 2704 270 2739 sufficiat.
303 2703 538 2739 «Distinctio
567 2703 748 2738 classium
781 2703 1057 2748 grammaticae
1087 2708 1126 2737 et
1160 2702 1375 2737 litterarum
1411 2700 1717 2735 humaniorum.»

94 2774 207 2808 pagg.
225 2761 530 2806 305-311.—-«De
549 2761 747 2796 exercitiis
766 2761 945 2796 literariis
964 2760 1003 2796 in
1021 2761 1229 2807 praedictis
1248 2759 1476 2794 classibus.»
1496 2770 1613 2805 pagg.
1634 2758 1720 2794 311-

93 2820 309 2865 319.——«De
324 2820 522 2856 exercitiis
542 2820 721 2856 literariis
741 2820 780 2855 in
799 2820 1032 2865 theologia.»
1053 2830 1168 2865 pagg.
1184 2817 1504 2854 320-322.—.‹De
1520 2817 1720 2852 exercitiis

95 2879 406 2926 philosophicis.»
426 2891 546 2926 pagg.
575 2877 926 2923 323-324.—«Ordo
950 2878 1164 2913 seruandus
1192 2877 1230 2912 in
1255 2877 1420 2923 publicis
1451 2875 1718 2922 disputationi-

96 2939 206 2973 bus.»
223 2950 338 2984 pagg.
358 2937 748 2982 325·33o.—«Addita
765 2937 954 2984 quaedam
974 2936 1170 2971 exercitiis
1189 2936 1386 2970 literarum
1410 2934 1718 2970 humaniorum.»

95 3007 210 3042 pagg.
233 2996 401 3033 330-338.
