2028 3426
367 259 518 303 DICTA,
548 266 601 292 Ex
628 257 881 293 SocmTATls
908 257 1119 293 PATRlssUS
1146 259 1459 304 coLLsscTA-65
1610 261 1678 304 647

98 406 198 448 271ν
779 415 821 445 P.
856 415 1009 444 FABER
1044 409 1061 425 ³

189 516 305 557 Cum
329 528 431 556 oras
452 528 534 569 pro
555 515 788 565 defuncto,
821 513 958 556 facias
989 514 1089 556 loco
1116 513 1235 556 illius
1257 515 1604 566 confessionem,
1630 515 1722 556 dis-

99 605 286 634 currens
317 606 397 647 per
429 578 653 644 mandata,
690 598 776 634 etc.
808 590 1043 643 «Domine,
1079 590 1115 632 si
1145 590 1252 645 quid
1281 591 1488 646 peccauit
1511 591 1554 632 in
1579 591 1719 646 primo

97 675 354 724 praecepto,
380 667 460 719 sic,
483 674 570 710 etc.
598 682 777 722 parce.»

185 743 480 787 Familiariter
504 743 693 799 rogandi
716 743 860 787 sancti
883 752 927 788 et
948 746 1075 787 Deus
1098 743 1209 799 ipse,
1232 758 1334 785 cum
1354 743 1440 786 illis
1458 746 1720 798 colloquen—

96 822 222 871 dum,
250 820 543 864 necessitates
566 822 863 872 ostendendo,
890 829 976 865 etc.

186 902 294 944 2721·
316 897 575 953 Aliquando
604 905 757 941 tenera
780 900 999 953 quaedam
1023 898 1150 953 quasi
1174 898 1427 951 indignatio
1457 899 1638 954 profuit,
1673 907 1720 941 ut

98 975 157 1027 ei,
178 974 257 1030 qui
274 974 552 1017 Crucifixum
575 976 746 1025 orabat,
768 982 811 1017 et
830 976 1022 1019 dicebat:
1052 975 1289 1027 «Domine,
1311 975 1347 1017 si
1369 977 1453 1017 hoc
1477 990 1566 1017 non
1592 976 1715 1027 facis,

94 1066 347 1106 conquerar
369 1052 425 1094 ad
449 1059 570 1094 tuam
594 1059 826 1096 matrem.»
854 1054 1192 1108 Nonnunquam
1210 1052 1337 1107 quasi
1361 1053 1647 1107 exprobrare,
1670 1060 1718 1094 ut

93 1128 170 1184 qui
188 1128 382 1171 dicebat:
408 1130 523 1171 «Tot
546 1128 674 1171 annis
698 1128 778 1171 tibi
801 1129 966 1181 seruio,
988 1138 1032 1173 et
1056 1131 1140 1172 hoc
1162 1145 1254 1172 non
1279 1129 1386 1170 mihi
1410 1130 1533 1173 das»
1556 1144 1717 1173 seuero

99 1205 293 1260 quodam
317 1206 501 1257 affectu,
527 1205 654 1260 quasi
677 1206 854 1261 pueruli
877 1207 932 1248 ad
951 1216 1154 1249 matrem.

182 1281 274 1336 Qui
296 1281 555 1325 desiderant
579 1289 734 1324 nostro
757 1282 1005 1325 ministerio
1027 1283 1090 1325 vti
1113 1282 1145 1334 ¹³,
1183 1283 1212 1325 ii
1245 1298 1292 1326 se
1325 1283 1455 1327 facile
1489 1283 1712 1338 aperiunt:

90 1359 161 1401 his
184 1345 324 1414 igitur
341 1357 520 1401 difficile
544 1373 632 1400 non
652 1366 719 1402 est
743 1359 787 1400 in
810 1361 928 1414 Xpo.
953 1367 969 1384 ⁰
992 1374 1109 1413 quae
1128 1361 1183 1402 ad
1208 1375 1301 1404 rem
1325 1367 1447 1411 sunt,
1472 1362 1716 1415 persuade-

92 1451 155 1487 re,
181 1442 226 1478 et
249 1434 518 1477 medicinam
549 1435 778 1489 adhibere3
804 1437 883 1479 sed
911 1437 948 1478 si
971 1437 1071 1491 quis
1100 1444 1168 1480 est
1196 1437 1369 1480 alienus
1400 1438 1456 1478 ab
1480 1439 1566 1479 hoc
1595 1437 1714 1480 desi—

31 1521 33 1526 ·
87 1511 213 1554 derio
235 1512 306 1553 vel
328 1510 346 1535 d
369 1511 589 1567 pertinax,
616 1527 848 1567 nunquam
872 1513 997 1555 illum
1020 1513 1234 1556 adoriaris
1258 1528 1346 1569 qua
1368 1529 1423 1556 ex
1448 1522 1570 1568 parte
1588 1515 1714 1556 labo—

87 1596 172 1640 rat,
199 1596 249 1630 ut
271 1589 327 1630 de
351 1589 618 1640 concubina,
639 1589 676 1631 si
693 1597 762 1632 est
780 1590 1145 1642 concubinarius,
1167 1591 1247 1633 sed
1263 1590 1456 1646 primum
1476 1590 1712 1646 negotiare

88 1672 137 1707 ut
160 1679 236 1707 cor
259 1665 378 1708 illius
401 1665 617 1718 emollias,
643 1673 687 1709 et
717 1667 998 1709 uoluntatem
1033 1682 1165 1711 sanes
1197 1667 1308 1709 locis
1340 1667 1609 1709 comunibus
1642 1667 1712 1708 in—

84 1741 217 1794 ferni,
242 1741 453 1797 paradisi,
490 1742 706 1798 exemplis
728 1750 1005 1795 sanctorum,
1034 1743 1240 1799 passione
1265 1743 1448 1795 Christi,
1475 1752 1582 1795 etc.;
1609 1751 1652 1787 et
1676 1743 1713 1785 si
1764 1751 1768 1755 “

87 1818 196 1873 quid
219 1818 316 1874 ipse
338 1820 394 1862 de
416 1834 500 1861 suo
523 1826 643 1862 statu
666 1819 860 1875 ingerat,
886 1834 943 1862 ne
965 1820 1198 1876 permittas
1220 1820 1265 1862 in
1289 1820 1365 1863 illo
1393 1820 1633 1871 immorari,
1657 1835 1712 1861 <m

85 1895 330 1937 induretur
353 1903 384 1947 e,
410 1896 488 1938 sed
512 1896 568 1938 ab
591 1896 666 1938 illo
683 1898 912 1949 abstrahe,
934 1904 994 1950 et,
1016 1906 1235 1952 quantum
1255 1905 1400 1952 potes,
1414 1903 1559 1953 perge
1577 1898 1712 1938 emol-

86 1973 187 2026 lire,
224 1986 562 2027 nonnumquam
603 1977 750 2014 tamen
790 1972 873 2017 erit
912 1981 1268 2017 consentaneum
1302 1973 1327 2026 f,
1364 1981 1412 2016 ut
1446 1988 1534 2016 non
1567 1974 1710 2015 solum

88 2056 377 2105 praeceptum
400 2049 673 2092 contrarium
699 2050 949 2105 praedices,
974 2052 1054 2094 sed
1082 2051 1216 2094 etiam
1246 2051 1499 2102 consilium,
1536 2058 1582 2093 ut
1612 2058 1712 2093 tan-

81 2127 183 2168 dem
216 2126 406 2181 ipsemet
439 2127 693 2178 erubescat,
730 2134 774 2170 et
807 2128 964 2169 uolens
996 2129 1250 2182 lubensque
1280 2129 1333 2170 ad
1364 2129 1555 2171 salutem
1580 2142 1707 2169 suam

80 2202 267 2245 nitatur.
760 2252 763 2255 ¹

172 2279 449 2334 Principium
473 2287 523 2321 ut
546 2279 740 2334 aliquem
764 2282 862 2324 Deo
885 2281 1071 2324 lucreris
1094 2281 1138 2323 in
1162 2281 1282 2324 omni
1312 2281 1631 2324 exhortatione
1663 2289 1707 2323 et

22 2385 26 2388 -
83 2355 270 2412 negotio
294 2356 530 2411 spirituali,
557 2356 592 2399 si
618 2357 842 2400 feruorem
872 2372 974 2401 eum
993 2358 1256 2409 charitatis,
1294 2372 1427 2412 quem
1460 2358 1515 2399 ad
1549 2371 1708 2398 omnes

79 2433 234 2484 habes,
259 2433 303 2474 in
327 2433 452 2475 illum
475 2447 632 2476 exeras
654 2441 686 2485 g,
713 2448 796 2476 nec
819 2433 1013 2488 aliquam
1037 2434 1382 2477 amaritudinem
1402 2434 1473 2477 uel
1493 2432 1703 2474 irritatio-

77 2524 180 2553 nem
204 2510 424 2553 aduersus
447 2510 572 2552 illum
596 2511 669 2553 uel
693 2511 862 2553 sentias
888 2512 959 2553 uel
981 2511 1168 2554 indices.

167 2587 340 2641 Quater
362 2587 516 2629 locuta
547 2587 716 2643 legitur
749 2587 879 2643 virgo
914 2587 1055 2630 Maria
1083 2587 1128 2630 in
1158 2587 1423 2643 euangeliis:
1457 2594 1698 2639 antequam

145 2714 162 2731 a
211 2703 285 2739 Hic
309 2704 445 2740 titulus
469 2717 488 2740 a
515 2706 604 2743 Nat.
632 2711 692 2740 est
717 2711 911 2740 exaratus.
945 2706 1118 2751 Singulis
1156 2705 1270 2750 hujus
1302 2704 1416 2739 seriei
1449 2703 1698 2749 paragraphis

78 2763 227 2798 Natalis
245 2764 343 2798 hanc
362 2769 492 2798 notam
513 2777 593 2814 «φο,
615 2765 652 2799 id
677 2771 751 2810 est,
772 2763 932 2811 «Φάβερ»
951 2764 1143 2811 apposuit.
1198 2766 1263 2791 -b
1290 2762 1545 2797 Emendatum
1566 2773 1586 2795 a
1608 2761 1696 2795 Nat.

77 2833 125 2856 ex
145 2822 190 2857 Si
207 2822 294 2868 quis
314 2826 492 2858 nostrum
512 2825 671 2869 quaerit
691 2825 974 2861 ministerium.
1028 2834 1088 2850 —C
1116 2822 1371 2858 Emendatum
1396 2833 1417 2855 a
1438 2821 1525 2856 Nat.
1550 2832 1597 2854 ex
1617 2832 1698 2854 ((συν

76 2879 253 2927 Χριςτῶ».
305 2884 369 2909 -d
397 2883 505 2918 Haec
523 2891 543 2926 5
570 2885 687 2918 verba
708 2884 837 2918 addita
856 2890 946 2918 sunt
964 2895 985 2918 a
1004 2884 1093 2919 Nat.
1115 2883 1152 2917 in
1180 2893 1298 2926 marg.
1352 2901 1384 2906 ——
1398 2891 1412 2907 e
1439 2880 1696 2914 Emendatum

75 2950 96 2974 a
123 2940 212 2975 Nat.
238 2952 286 2976 ex
306 2953 400 2976 nam
425 2942 703 2977 indurabitur.
757 2944 816 2969 —f
838 2942 1093 2977 Emendatum
1119 2953 1138 2976 a
1170 2941 1256 2975 Nat.
1291 2951 1339 2974 ex
1370 2944 1566 2984 quantum
1589 2940 1702 2983 potes

75 3000 278 3043 emollias;
301 3012 378 3035 non
403 3014 611 3047 nunquam
638 3003 718 3037 erit
741 3006 1061 3037 consentaneum.
1115 3012 1178 3033 —g‘
1205 2999 1458 3034 Emendatum
1486 3010 1506 3032 a
1531 2998 1618 3032 Nat.
1647 3009 1698 3031 ex

72 3057 108 3092 si
117 3057 331 3104 feruorem
349 3061 572 3102 charitatis,
593 3073 705 3106 quem
726 3063 779 3096 ad
797 3073 930 3096 omnes
947 3061 1072 3100 habes,
1092 3060 1206 3094 illum
1230 3060 1268 3093 in
1289 3058 1406 3093 illum
1425 3069 1574 3092 exeras.
