2028 3426
718 203 1145 242 INSTRUCTloNES-61
1626 200 1700 246 443

112 310 369 363 dicendum,
405 310 525 364 quod
552 309 608 351 ad
640 307 1010 363 disceptationem
1042 304 1234 348 attinere
1261 303 1484 353 videatur,
1520 311 1564 344 vt
1593 304 1740 346 lucem

112 387 323 430 maiorem
355 388 527 438 afferat,
559 385 668 427 illud
700 384 831 426 faciat
864 383 1080 437 grauiter,
1118 380 1342 424 audiendo
1380 379 1479 421 illos
1516 387 1560 421 et
1599 374 1750 422 inter-'

113 464 330 520 rogando,
356 464 525 516 absque
548 462 635 503 vlla
657 461 806 515 specie
827 458 1143 510 contentionis,
1170 472 1258 512 qua
1286 455 1420 500 etiam
1453 457 1745 498 consultores

114 540 198 596 ipsi
221 554 375 583 carere
398 539 514 580 inter
536 553 585 581 se
606 538 787 579 debent.

205 618 274 661 193
297 618 370 660 Ad
392 615 591 658 officium
614 615 923 656 ‘consultorum
947 613 1170 654 addantur
1191 613 1319 654 haec,

200 682 494 737 Consultores
524 706 689 747 magna
717 690 1004 732 obseruantia
1034 695 1216 732 teneant
1247 695 1441 738 secrete,
1484 700 1600 741 quae
1638 700 1741 727 cum

112 771 221 828 ipsis
248 777 421 814 secrete
450 775 713 812 tractantur.
746 769 810 809 Ea
838 781 943 809 vero
972 775 1077 808 sunt
1106 764 1271 816 omnia,
1296 765 1351 806 de
1375 763 1541 818 quibus
1562 762 1609 803 in
1633 776 1741 804 con-

113 847 379 904 gregatione
400 846 599 901 ipsorum
622 844 787 899 agitur.
815 845 969 898 ltaque
986 843 1093 897 quid
1111 848 1288 897 agatur,
1310 841 1417 896 quid
1435 839 1676 882 definiatur
1696 840 1741 881 in

111 923 465 980 congregatione
490 936 673 977 prorsus
696 935 752 963 ne
774 920 1011 963 enuntient
1033 919 1131 974 ipsi3
1158 919 1241 961 erit
1264 925 1415 961 autem
1434 917 1479 958 id
1496 916 1743 972 superioris

112 1000 347 1044 enuntiare
379 999 449 1042 vel
482 999 785 1054 promulgare,
820 998 1015 1051 quando,
1047 996 1138 1046 vbi,
1171 994 1351 1050 quibus,
1383 1009 1460 1049 per
1491 1007 1619 1047 quos,
1652 1007 1742 1047 quo

116 1085 265 1133 pacto,
292 1076 400 1131 quid
422 1076 541 1118 dicto
563 1090 676 1131 opus
698 1074 770 1117 sit.

206 1154 586 1197 Animaduertant
609 1166 665 1193 ne
687 1150 847 1194 elatius
869 1165 917 1192 se
939 1157 1114 1205 gerant,
1140 1150 1212 1191 vel
1233 1163 1325 1191 non
1342 1148 1592 1199 humilime,
1614 1148 1740 1201 quasi

113 1231 311 1275 sentiant
333 1229 647 1285 magistratum
670 1243 718 1270 se
741 1242 913 1283 gerere,
940 1228 1011 1269 vel
1035 1226 1237 1269 officium
1261 1226 1576 1269 reuerendum.

199 1309 268 1350 Ne
290 1306 466 1349 curiose
489 1305 593 1348 item
617 1312 772 1360 agant,
798 1304 835 1346 si
863 1319 953 1346 non
982 1304 1290 1354 consulantur,
1317 1301 1445 1356 quasi
1469 1301 1578 1343 nihil
1599 1300 1742 1356 possit

111 1399 247 1440 agere
264 1383 482 1439 superior,
505 1382 590 1425 nisi
607 1382 714 1437 ipsis
731 1380 964 1424 consultis.
985 1381 1133 1424 Debet
1150 1379 1332 1434 quidem
1354 1379 1476 1434 ipsos
1500 1378 1740 1421 consulere
1791 1375 1793 1379 ’

112 1461 315 1517 superior
333 1460 378 1502 in
397 1461 532 1504 rebus
550 1459 852 1515 grauioribus,
871 1465 914 1500 et
932 1457 978 1499 in
996 1457 1093 1499 aliis
1110 1456 1355 1500 leuioribus
1376 1462 1541 1511 potest,
1567 1454 1743 1498 etiamsi

111 1552 202 1580 non
225 1538 402 1579 debeat.
430 1537 561 1591 Quae
582 1549 690 1578 vero
712 1535 801 1577 sint
829 1533 1054 1589 grauiora,
1086 1534 1159 1575 vel
1186 1534 1243 1576 de
1270 1532 1436 1588 quibus
1463 1530 1743 1574 conueniens

110 1614 168 1656 sit
207 1629 284 1657 eos
321 1614 511 1665 consuli,
552 1612 727 1655 etiamsi
758 1626 847 1654 non
882 1611 955 1655 194
987 1610 1308 1661 necessarium,
1340 1609 1385 1650 id
1412 1609 1497 1652 erit
1524 1607 1742 1650 iudicium

113 1691 254 1747 ipsius
277 1689 535 1746 superioris.
569 1692 789 1732 Poterunt
818 1695 968 1730 tamen
998 1688 1282 1730 consultores
1310 1702 1389 1742 per
1416 1684 1741 1729 admonitorem

113 1768 388 1811 ordinarium
406 1766 682 1822 superiorem
701 1766 957 1816 admonere,
979 1764 1015 1806 si
1034 1764 1287 1806 inconsulte
1303 1778 1374 1806 res
1391 1763 1465 1818 agi
1484 1762 1738 1811 videantur;
1786 1751 1790 1754 ⁸

113 1851 175 1897 et,
202 1844 239 1887 si
261 1844 484 1896 videatur,
510 1845 563 1886 ad
587 1841 908 1899 prouincialem
932 1848 976 1884 et
997 1841 1461 1896 generalem'referre.

199 1921 287 1964 Vbi
309 1920 578 1965 sententiam
600 1920 952 1974 interrogantur,
978 1932 1036 1961 ne
1058 1917 1272 1960 continuo
1287 1917 1551 1959 incumbant
1569 1915 1613 1957 in
1632 1930 1740 1957 con-

111 1998 291 2041 trariam
314 1998 597 2048 sententiam,
629 2011 762 2051 quam
794 1996 994 2039 fortassis
1021 1996 1093 2038 vel
1124 1995 1284 2046 scient,
1317 1995 1387 2036 vel
1417 1993 1742 2036 coniectabunt

42 2099 47 2105 =
110 2076 276 2119 habere
293 2075 670 2131 superiorem,vel
686 2073 871 2117 audient
888 2073 1038 2117 dicere
1056 2072 1166 2115 alios
1183 2071 1477 2123 consiliarios;
1499 2070 1596 2121 sed,
1611 2083 1742 2124 sepo—

111 2151 224 2203 sitis,
251 2152 399 2206 quoad
422 2151 519 2195 eius
541 2151 637 2194 fieri
666 2150 844 2206 poterit,
871 2164 974 2192 cum
1004 2149 1089 2192 Dei
1112 2148 1352 2199 adiutorio,
1380 2147 1591 2190 omnibus
1614 2146 1744 2188 malis

111 2235 155 2270 et
177 2228 450 2284 imperfectis
472 2227 756 2284 passionibus
778 2234 823 2270 et
845 2226 1178 2277 affectionibus,
1205 2240 1293 2268 non
1318 2225 1464 2267 solum
1489 2222 1739 2278 acquisitis,

33 2363 35 2365 ι
111 2305 190 2347 sed
226 2304 360 2347 etiam
399 2305 562 2361 (quoad
593 2304 689 2347 eius
722 2304 817 2347 fieri
850 2303 1003 2359 possit)
1034 2302 1329 2353 naturalibus,
1362 2316 1456 2345 rem
1484 2300 1669 2343 audiant
1698 2307 1744 2341 et

37 2409 55 2423 ,
111 2381 383 2437 intelligant,
410 2396 478 2434 ac,
503 2382 622 2423 facta
651 2380 869 2433 oratione,
895 2381 951 2422 de
979 2378 1053 2422 illa
1080 2379 1246 2430 dicant,
1273 2393 1389 2433 quae
1417 2378 1638 2420 Dominus
1661 2377 1741 2418 de-

41 2450 51 2456 ⁷¹
112 2457 243 2509 derit,
271 2458 395 2500 iuxta
417 2459 634 2501 rationem
657 2457 882 2513 propriam
905 2456 1114 2508 instituti,
1142 2456 1302 2512 triplici
1329 2454 1551 2510 principio
1580 2453 1741 2504 innixi,

52 2541 54 2544 ’
114 2534 288 2587 diuino,
315 2535 620 2579 ecclesiastico
642 2549 694 2577 ac
717 2534 887 2577 morali.

202 2611 389 2654 Etiamsi
421 2611 674 2664 intelligant
707 2611 975 2654 sententiam
1010 2611 1079 2653 vel
1112 2609 1446 2652 inclinationem
1481 2605 1738 2662 superioris,

115 2703 171 2731 ne
200 2695 436 2743 propterea
463 2687 712 2730 libertatem
742 2687 964 2743 integram
994 2702 1084 2730 non
1115 2686 1337 2730 retineant
1368 2686 1437 2728 195
1472 2684 1516 2725 in
1549 2683 1740 2725 dicenda

115 2763 355 2816 sententia,
380 2778 528 2819 neque
550 2764 777 2808 declinent
806 2780 831 2807 a
859 2764 1042 2815 iudicio,
1068 2764 1188 2818 quod
1211 2762 1376 2816 alioqui
1405 2767 1532 2804 erant
1555 2758 1735 2801 dicturi.

115 2842 166 2883 In
186 2855 238 2883 ea
261 2841 379 2884 enim
403 2856 449 2883 re
471 2841 726 2884 obedientia
748 2848 832 2894 est,
858 2848 906 2882 vt
929 2855 1019 2883 non
1041 2841 1267 2896 pendeant
1290 2854 1313 2881 a
1336 2838 1501 2879 iudicio
1532 2835 1740 2891 superio-

116 2917 177 2960 ris
193 2918 474 2960 consultores
492 2925 733 2972 antequam
750 2917 987 2968 definierit,
1009 2917 1088 2960 sed
1106 2924 1153 2958 vt
1170 2930 1302 2958 suum
1320 2915 1563 2956 adhibeant
1580 2912 1739 2962 libere,

116 2993 163 3035 in
185 2993 306 3037 omni
329 2993 582 3038 humilitate
604 3001 647 3038 et
671 2993 904 3045 modestia,
930 3001 978 3034 vt
1000 3007 1149 3035 coram
1173 2991 1384 3035 Domino.
