2028 3426
678 303 680 306 ·
729 290 1156 327 INSTRUCTIONES—61
1634 299 1709 335 7405

219 391 398 444 Nullus,
424 391 496 435 vel
519 398 681 444 rector,
707 393 779 435 vel
801 392 1085 448 praepositus
1107 391 1281 444 localis,
1303 391 1376 434 vel
1398 392 1654 448 praefectus
1672 404 1755 435 no·-

127 467 358 520 uitiorum,
376 469 455 511 sed
477 468 531 513 97
554 468 842 524 prouincialis
858 476 1049 521 tantum,
1070 468 1326 513 dimittendi
1350 482 1375 511 e
1397 468 1624 512 Societate
1647 467 1754 511 sim-

125 543 306 601 pliciter
343 545 508 588 habeat
543 544 877 596 authoritatem,
903 559 959 588 ex
988 544 1305 588 commissione
1341 552 1490 587 tamen
1529 544 1754 600 generalis

125 620 385 676 praepositi.
413 621 581 664 Verum
605 620 691 663 illis
712 621 903 665 liberum
926 621 1025 672 erit,
1052 622 1233 677 quando
1261 621 1306 663 id
1328 620 1539 676 expedire
1563 635 1755 664 censue-

130 695 233 750 rint,
255 697 310 739 ad
327 696 649 753 prouincialem
666 697 925 740 huiusmodi
943 698 1135 750 mittere,
1156 712 1243 753 qua
1262 698 1318 740 de
1336 712 1383 741 re
1401 697 1640 740 consulent
1658 697 1751 753 pri-

130 787 253 815 mum
277 772 616 829 prouincialem,
643 773 728 817 nisi
749 789 822 818 res
845 781 1005 831 vrgeat
1027 777 1335 819 vehementer.

216 849 446 894 Ecclesiae
468 864 520 892 ac
543 850 696 906 templi
720 850 861 893 nostri
883 851 1113 907 campanis
1137 858 1311 894 tantum
1334 850 1517 907 signum
1541 850 1674 894 detur
1697 851 1754 893 ad

126 941 202 970 -res
229 925 558 969 ecclesiasticas
586 934 630 970 et
658 942 824 980 sacras,
851 943 941 970 non
963 935 1114 971 autem
1143 928 1200 971 ad
1221 927 1508 980 domesticas,
1529 927 1602 969 vel
1624 927 1680 969 ad
1697 926 1752 968 li-
1787 931 1789 934 '

126 1002 291 1046 ⁴teraria
307 1010 564 1046 nostrorum
582 1003 810 1046 exercitia.
832 1005 906 1046 Ad
924 1006 1034 1047 haec
1052 1004 1172 1048 enim
1189 1005 1390 1047 solemus
1406 1003 1504 1047 aliis
1523 1002 1753 1059 campanis

123 1079 206 1121 vti:
233 1095 323 1122 vna
345 1080 402 1122 ad
424 1094 495 1122 res
517 1079 804 1134 domesticas,
828 1080 914 1123 alia
937 1082 994 1123 ad
1015 1080 1233 1125 lectiones
1255 1080 1476 1136 publicas.

214 1155 337 1198 Libri
380 1155 635 1212 spirituales
664 1157 733 1212 (vt
760 1158 944 1213 vocant)
974 1172 1062 1200 non
1098 1157 1220 1213 prius
1252 1158 1464 1214 legantur
1503 1172 1528 1199 a
1564 1156 1749 1207 nostris,

119 1246 261 1288 -quarn
284 1247 364 1288 per
386 1232 588 1285 idoneos,
615 1232 691 1288 qui
713 1234 770 1276 ad
787 1235 873 1277 hoc
894 1234 1119 1290 designati
1137 1234 1318 1286 fuerint,
1344 1233 1464 1276 domi
1487 1233 1749 1277 examinen-

128 1315 201 1350 tur
223 1322 275 1351 ac
297 1309 562 1364 probentur,
589 1311 872 1354 accedentes
894 1311 1163 1353 auctoritate
1180 1310 1440 1367 superioris.

214 1386 507 1429 Confidenter
531 1393 711 1442 petatur
732 1388 1033 1443 eleemosyna,
1065 1396 1113 1429 vt
1142 1388 1186 1430 in
1216 1387 1381 1430 nostris
1410 1385 1745 1430 constitutioni-

120 1463 210 1504 ⁶bus
232 1462 440 1514 habetur,
468 1464 649 1517 quando
671 1464 862 1520 collegia
886 1464 1152 1507 fundatione
1170 1472 1324 1507 carent
1347 1471 1392 1508 et
1414 1471 1569 1520 egent.

213 1540 282 1582 Ne
318 1540 625 1594 praeseferant
661 1541 940 1596 superiores,
965 1541 1002 1584 si
1031 1541 1192 1594 sciant,
1224 1542 1296 1585 vel
1333 1540 1390 1586 98
1423 1541 1680 1584 coniectent
1702 1555 1751 1584 se

116 1629 223 1659 -esse
245 1616 418 1658 delatos
440 1617 496 1659 ad
517 1617 860 1672 prouincialem,
887 1618 958 1661 vel
981 1618 1353 1671 commissarium,
1378 1618 1450 1660 vel
1472 1618 1747 1673 generalem,

122 1691 261 1734 animi
285 1707 334 1736 se
355 1693 617 1749 concepisse
635 1695 948 1749 offensionem,
974 1696 1053 1738 sed
1076 1694 1325 1738 consistant
1346 1694 1392 1736 in
1410 1694 1558 1737 cordis
1576 1694 1646 1736 sui
1663 1696 1724 1737 hu
1738 1720 1750 1725 -

123 1768 313 1812 militate
334 1784 445 1825 erga
466 1769 582 1822 illos,
608 1771 685 1827 qui
707 1770 827 1827 ipsos
850 1771 1108 1815 detulerint.
1135 1772 1309 1815 Curent
1336 1770 1470 1814 etiam
1501 1770 1745 1826 diligenter
1769 1821 1772 1825 ¹

119 1860 180 1889 ne
203 1845 322 1888 illam
345 1846 602 1902 concipiant
625 1861 809 1903 quoquo
834 1855 965 1903 pacto
988 1847 1123 1889 animi
1142 1847 1491 1904 aegritudinem.

210 1922 345 1965 Nullo
368 1930 502 1978 pacto
524 1923 727 1979 aperiant
750 1924 1020 1969 tentationes
1051 1912 1255 1976 fratrum,
1280 1924 1354 1968 vel
1384 1923 1749 1980 imperfectiones

115 1999 376 2054 superiores
413 2000 627 2053 externis,
669 2015 722 2044 ac
758 2016 816 2045 ne
844 2001 1104 2045 domesticis
1138 2001 1336 2057 quidem;
1372 2000 1457 2044 nisi
1490 2000 1527 2043 si
1566 2001 1748 2056 quando

118 2075 388 2119 consiliariis
426 2076 663 2120 videantur
699 2078 957 2122 necessario
995 2077 1279 2134 aperiendae,
1314 2079 1436 2133 quod
1475 2085 1626 2121 tamen
1664 2078 1749 2120 sub

114 2151 208 2195 fide
225 2153 437 2195 seruandi
460 2154 624 2196 secreti
646 2155 743 2199 fiet.

209 2229 300 2284 Qui
336 2229 382 2272 in
421 2229 680 2274 ministeriis
716 2231 977 2275 domesticis
1010 2238 1280 2275 exercentur
1311 2230 1489 2283 nouitii,
1530 2231 1749 2287 proficere

115 2320 255 2362 :aegre
275 2313 490 2362 poterunt
511 2306 545 2359 b,
572 2307 657 2350 nisi
679 2321 733 2350 eo
762 2307 853 2351 sint
876 2322 1082 2362 numero,
1108 2316 1156 2350 vt
1177 2308 1351 2365 possint
1373 2308 1507 2350 simul
1530 2314 1575 2352 et
1598 2306 1746 2350 officia

121 2382 371 2426 domestica
393 2383 533 2436 obire,
559 2391 604 2427 et
626 2385 808 2441 regulas
825 2385 1099 2445 nouitiorum
1116 2386 1376 2430 obseruare.
1402 2386 1503 2427 Hoc
1526 2383 1744 2440 peculiari

114 2459 270 2502 :studio
294 2474 454 2504 curare
471 2461 606 2505 debet
631 2468 797 2505 rector.

207 2537 455 2580 Obseruari
477 2537 641 2593 poterit
669 2554 727 2582 ne
764 2538 907 2581 nostri
935 2538 1096 2581 diebus
1127 2538 1366 2582 dominicis
1403 2538 1475 2581 vel
1505 2536 1631 2581 festis
1662 2535 1747 2577 iter

111 2613 465 2668 aggrediantur,
490 2629 582 2657 non
604 2622 752 2658 tamen
775 2615 954 2659 videtur
970 2616 1056 2657 hoc
1074 2614 1394 2659 necessarium.
1417 2613 1567 2656 Huius
1586 2612 1650 2655 rei
1673 2611 1742 2653 iu-

111 2687 284 2731 -dicium
307 2690 362 2733 99
385 2690 443 2732 sit
469 2704 609 2746 penes
630 2690 952 2747 prouincialem
982 2691 1183 2734 cuiusuis
1212 2690 1489 2747 prouinciae,
1516 2696 1561 2731 et
1599 2688 1643 2731 id
1673 2702 1746 2730 re«

111 2765 317 2808 ctoribus
334 2767 629 2812 committere.
650 2767 769 2810 Fieri
791 2768 910 2812 enim
932 2775 1099 2824 posset,
1120 2775 1167 2810 vt
1190 2768 1246 2810 ad
1268 2767 1530 2810 euitandum
1550 2765 1744 2808 scanda-

114 2841 209 2884 lum
233 2857 323 2885 non
346 2851 465 2887 esset
487 2843 791 2887 inchoandum
814 2844 898 2888 iter
921 2845 993 2889 die
1015 2844 1259 2887 dominico.

204 2919 420 2962 Rectores
442 2934 532 2962 non
554 2920 721 2964 debent
743 2921 976 2965 discedere
998 2936 1023 2964 a
1045 2920 1271 2977 praesenti
1296 2918 1629 2975 gubernatione
1647 2919 1742 2960 col—

186 3097 203 3114 a
251 3087 450 3124 accidente
469 3101 540 3127 ms.
591 3091 658 3118 ——b
682 3090 858 3136 poterint
878 3101 948 3126 ms.
