2028 3426
696 213 1074 248 INSTRUC'HONES—
1083 212 1124 247 61
1608 226 1676 261 555

99 313 375 368 temporibus
404 314 535 355 modo
563 313 624 364 hi,
658 306 790 356 inodo
819 313 896 364 illi,
930 313 1148 368 colligant
1177 329 1224 356 se
1254 316 1308 356 ad
1342 316 1547 359 facienda
1580 318 1728 372 aliqua

97 389 308 432 exercitia
339 389 602 444 spiritualia,
637 404 740 432 cum
773 389 998 444 aliquibus
1031 389 1128 432 aliis
1162 390 1250 434 508
1289 392 1725 447 mortificationibus,

97 480 208 520 quas
230 465 314 520 ipsi
336 465 518 521 eligent,
545 466 748 509 adhibito
770 466 937 508 iudicio
960 457 1271 521 superiorum,
1291 476 1355 518 vt,
1388 478 1605 511 renouato
1636 471 1728 525 spi-

98 542 202 593 ritu,
229 543 283 584 ad
305 557 386 585 sua
408 543 579 598 possint
602 543 748 586 redire
766 542 996 584 exercitia:
1022 550 1256 598 praeterea
1279 544 1351 586 his
1374 544 1564 599 singulis
1588 546 1729 601 septi-

101 618 242 660 manis
271 619 404 660 debet
431 618 527 660 dari
555 618 703 672 aliqua
732 620 923 661 honesta
953 618 1186 671 recreatio,
1217 626 1295 661 aut
1324 620 1461 670 domi,
1494 629 1571 662 aut
1600 631 1726 663 extra

49 703 58 706 ⁷
98 695 298 744 domum,
338 695 495 737 saltem
533 710 559 737 a
595 695 798 750 prandio,
839 703 886 737 vt
924 696 1038 738 solet
1069 696 1164 737 dari
1195 696 1491 748 scholasticis3
1528 698 1606 740 sed
1639 712 1728 739 non

100 772 257 813 eodem
281 771 353 813 die
382 771 607 813 omnibus.
640 772 767 815 Haec
796 786 902 814 vero
931 771 1014 813 erit
1045 772 1262 815 recreatio
1293 779 1468 827 praeter
1497 787 1587 824 eas,
1619 788 1730 827 quas

98 847 160 888 illi
187 847 319 890 etiam
344 849 574 891 habebunt
600 856 699 903 post
720 863 907 891 coenam
931 857 976 890 et
998 856 1099 903 post
1121 849 1377 904 prandium.
1403 849 1548 893 Simul
1565 852 1730 894 habea-

99 931 170 965 tur
193 924 306 965 ratio
328 932 375 965 vt
397 940 453 967 ex
476 924 737 978 quotidiana
756 925 958 967 oratione
976 933 1019 967 et
1039 925 1343 968 celebratione
1361 933 1406 968 et
1423 926 1730 981 spiritualibus

63 986 66 989 v
99 999 355 1065 ministeriis
377 1001 629 1055 proficiant:
655 1002 715 1043 ita
738 1002 815 1044 fiet
839 1009 901 1053 vt,
928 1001 1099 1044 viribus
1122 1002 1430 1057 corporalibus
1453 1012 1497 1045 et
1516 1002 1729 1057 spiritua—

39 1127 42 1130 ,
98 1076 216 1118 libus
237 1077 516 1119 conseruatis
539 1092 590 1120 ac
614 1077 841 1129 recreatis,
867 1078 1028 1121 melius
1051 1079 1299 1134 procedant
1317 1079 1362 1121 in
1379 1079 1465 1122 Dei
1482 1079 1667 1122 seruitio
1684 1087 1729 1123 et

101 1153 267 1195 auxilio
289 1153 538 1196 animarum
563 1155 619 1196 ad
643 1154 855 1198 maiorem
877 1155 1057 1197 diuinae
1081 1155 1328 1199 maiestatis
1348 1156 1554 1211 gloriam.

190 1231 341 1272 Horae
370 1230 659 1274 recreationis
688 1231 978 1285 quotidianae
1007 1232 1319 1287 transigentur
1347 1248 1435 1275 vna
1464 1233 1728 1276 sedentibus

101 1313 179 1348 aut
202 1307 594 1349 deambulantibus
616 1307 754 1350 libere
777 1307 891 1350 inter
913 1323 962 1351 se
979 1307 1049 1359 iis,
1071 1308 1236 1362 quibus
1254 1323 1344 1351 non
1362 1309 1496 1352 fuerit
1513 1310 1729 1352 schedula

101 1384 224 1425 data.
258 1385 330 1434 Et,
363 1384 724 1438 quandoquidem
753 1386 864 1427 haec
896 1384 1078 1428 libertas
1109 1385 1335 1440 aliquibus
1368 1400 1531 1430 nocere
1560 1393 1728 1441 posset,

101 1459 427 1514 prouidendum
466 1468 535 1503 est
570 1461 784 1516 periculo,
826 1462 910 1505 509
949 1469 1127 1517 praeter
1158 1462 1509 1517 chirographum
1544 1463 1723 1512 silentii,

100 1537 300 1578 curando
322 1544 370 1578 vt
392 1537 460 1588 iis,
487 1537 563 1593 qui
585 1537 781 1580 vicissim
806 1538 889 1580 sibi
914 1554 1000 1581 non
1027 1548 1229 1594 prosunt,
1265 1539 1337 1580 alii
1366 1539 1538 1594 probati
1570 1554 1619 1582 se
1649 1541 1729 1581 ad-

104 1612 338 1666 misceant,
365 1613 583 1656 admoniti
604 1630 627 1655 a
651 1615 880 1670 superiore
904 1616 975 1658 vel
997 1615 1082 1658 alia
1104 1615 1339 1659 industria.

189 1690 276 1732 Vbi
299 1691 495 1734 habeant
517 1691 657 1733 nostri
681 1691 856 1735 vineam
886 1693 956 1734 vel
986 1693 1168 1734 hortum
1197 1701 1323 1735 extra
1353 1693 1601 1744 ciuitatem,
1638 1707 1730 1746 quo
1783 1746 1788 1750 ᾖ

99 1767 244 1809 solent
271 1768 432 1810 fratres
460 1767 575 1809 mitti
604 1768 895 1810 recreationis
918 1769 1078 1823 gratia,
1105 1770 1288 1823 quando
1312 1784 1366 1812 eo
1389 1783 1436 1812 se
1459 1783 1615 1817 omnes
1638 1770 1730 1812 fra-

101 1851 190 1886 tres
211 1844 466 1895 conferunt,
493 1845 613 1899 quod
636 1845 720 1887 erit
747 1845 819 1888 die
848 1846 1136 1888 recreationis
1166 1844 1367 1888 cuiusuis
1396 1846 1723 1896 hebdomadae,

101 1934 276 1975 semper
303 1934 405 1962 cum
434 1920 520 1962 illis
548 1927 620 1963 eat
649 1921 809 1975 aliquis
837 1921 1136 1976 superiorum,
1168 1931 1215 1963 vt
1239 1929 1385 1964 rector
1409 1923 1480 1964 vel
1503 1922 1720 1964 minister.

102 1998 158 2038 Et
180 1998 398 2040 habeatur
420 2012 586 2053 magna
608 1998 796 2041 attentio
813 1999 869 2040 ad
887 1999 1063 2048 fratres,
1090 2006 1137 2040 vt
1154 2013 1257 2041 cum
1276 1999 1398 2041 omni
1416 1998 1731 2042 aedificatione

102 2081 146 2116 et
177 2074 396 2116 modestia
428 2083 702 2127 recreentur3
739 2082 783 2116 et
815 2076 1048 2118 habebunt
1079 2077 1193 2117 duos
1227 2084 1304 2118 aut
1338 2084 1429 2118 tres
1465 2083 1541 2118 aut
1579 2076 1732 2130 plures

40 2199 44 2202 ι
103 2149 332 2204 syndicos,
359 2158 490 2205 prout
511 2150 595 2193 erit
617 2166 833 2194 numerus
856 2152 1060 2203 fratrum3
1086 2160 1131 2195 et
1152 2152 1197 2193 hi
1220 2152 1309 2194 sint
1338 2152 1500 2195 secreti
1532 2152 1728 2206 quidem,

103 2234 148 2268 et
176 2241 254 2282 per
283 2227 462 2270 diuersa
484 2228 583 2269 loca
605 2228 875 2280 discurrant,
897 2230 1019 2284 quod
1036 2229 1202 2272 facient
1222 2229 1367 2280 facile,
1389 2229 1426 2271 si
1448 2229 1629 2283 quidem
1655 2243 1731 2270 su-

103 2303 249 2358 perior
277 2312 404 2346 curet
432 2319 532 2347 esse
560 2304 658 2346 illos
687 2304 803 2346 inter
831 2319 879 2347 se
908 2312 1038 2348 notos
1067 2312 1114 2346 vt
1143 2307 1401 2356 obseruent,
1434 2313 1478 2347 et
1512 2304 1730 2360 superiori

40 2407 45 2440 j
104 2380 312 2431 referant3
337 2388 382 2422 et
399 2379 456 2422 sit
478 2395 654 2436 semper
677 2396 792 2423 Vnus
814 2381 991 2432 ianitor,
1012 2373 1134 2423 sicut
1157 2382 1202 2423 in
1225 2382 1436 2437 collegio,
1463 2381 1539 2435 qui
1563 2388 1651 2422 stet
1675 2382 1731 2422 ad

51 2450 54 2451 ⁷
105 2455 282 2499 ianuam
301 2456 459 2500 vineae
476 2458 548 2500 vel
565 2457 700 2509 horti,
721 2458 828 2500 dum
846 2465 953 2500 sunt
970 2458 1059 2500 illic
1078 2459 1253 2510 fratres3
1269 2466 1312 2501 et
1331 2458 1592 2501 aduertatur
1612 2457 1731 2510 quod

47 2518 50 2519 ⁷
108 2532 236 2576 vinea
271 2532 577 2588 principaliter
614 2535 804 2576 habetur
843 2549 922 2589 pro
964 2534 1241 2577 recreatione
1279 2536 1365 2576 hac
1407 2532 1729 2575 Vniuerfflsssali

106 2609 309 2651 fratrum.
347 2610 484 2664 Quod
521 2609 558 2652 si
594 2617 777 2665 propter
813 2610 1006 2664 aliquam
1049 2610 1180 2652 aliam
1218 2609 1532 2653 necessitatem
1570 2611 1732 2651 fratres

108 2684 275 2739 alioqui
296 2700 350 2728 eo
372 2685 673 2738 mitterentur,
699 2702 815 2729 Vnus
832 2686 890 2728 sit
907 2686 1084 2729 illorum
1103 2686 1320 2741 superior,
1342 2685 1413 2728 cui
1432 2685 1551 2727 credi
1570 2684 1728 2739 possit,

108 2768 153 2804 et
179 2776 410 2817 nunquam
439 2762 588 2817 aliqua
616 2763 788 2807 ratione
816 2764 887 2806 vel
916 2777 1022 2805 casu
1052 2763 1140 2805 vllo
1169 2762 1403 2805 mittantur
1431 2775 1649 2816 personae
1677 2774 1732 2802 ex

108 2837 286 2890 nostris,
312 2838 428 2882 inter
451 2854 563 2894 quas
586 2854 674 2882 non
698 2840 756 2882 sit
778 2840 952 2894 aliquis,
986 2839 1058 2881 cui
1088 2838 1341 2894 superiores
1369 2838 1507 2879 fidere
1538 2836 1727 2891 possint,

106 2913 273 2968 quique
294 2929 365 2958 res
389 2915 527 2971 possit
548 2923 566 2940 a
588 2917 830 2960 obseruare
852 2923 897 2958 et
919 2915 1137 2970 superiori
1160 2915 1343 2957 referre.

180 3018 197 3034 a
241 3010 397 3054 possint
416 3019 491 3045 ms.v
