2028 3426
354 181 425 225 814
934 181 1071 217 Epis-r.
1100 181 1144 216 P.
1173 180 1323 216 NADAL

1091 319 1170 361 22

807 396 855 431 D.
888 394 1176 431 GERARDUS
1208 394 1448 431 BUSAEUS

624 473 842 516 PATRI
881 473 1321 516 HIERONYMO
1363 474 1634 516 NATALI

783 576 986 613 xANTms,
1006 576 1029 609 9
1048 575 1309 602 SEPTEMBIMS
1333 575 1421 612 1572
1444 567 1468 602 ¹.

690 652 746 686 De
771 651 815 688 Ρ.
837 651 1049 686 Xantheno
1070 650 1316 696 Noviomagi
1335 650 1558 686 retinendo.

1119 733 1148 791 †

400 831 494 872 Pax
519 828 704 872 Christi.
728 829 838 873 Rde.
870 831 1019 872 Pater.
1045 829 1139 871 Etsi
1158 829 1272 872 facie
1290 838 1334 873 et
1353 829 1535 873 nomine
1553 829 1739 885 ignotus
1757 829 1857 882 sim,
1880 837 1947 873 ta·
2005 816 2008 819 ¹

307 921 410 950 men
442 905 637 949 familiae
666 920 830 949 nomen
869 905 1062 948 arbitror
1097 907 1150 948 T.
1195 907 1248 950 R.
1282 921 1373 948 non
1411 907 1566 949 latere.
1595 908 1800 949 Busaeus
1829 921 1945 961 sum,
1988 909 1989 913 ’

307 999 553 1040 germanus
572 985 710 1027 frater
729 985 784 1026 D.
812 983 933 1027 Petri
954 983 1268 1038 Busaei,apud
1289 983 1560 1027 viennenses
1578 983 1833 1040 theologiae
1845 998 1947 1039 pro-

308 1060 505 1112 fessoris,
531 1067 577 1103 et
600 1062 663 1105 M.
682 1060 874 1117 Joannis
898 1060 1061 1103 Busaei
1085 1060 1118 1112 ²,
1144 1059 1220 1114 qui
1246 1059 1448 1115 proximo
1481 1060 1728 1104 Nouembri
1759 1061 1946 1104 Romam
2007 1058 2011 1060 ’

307 1138 488 1190 missus,
514 1137 558 1179 in
583 1137 776 1194 collegio
799 1145 1000 1180 moratur
1022 1137 1300 1193 germanico.
1328 1137 1543 1181 Societati
1569 1152 1641 1181 me
1664 1152 1752 1179 non
1777 1137 1943 1189 addixi,

306 1216 386 1258 sed
415 1229 517 1257 cum
543 1223 634 1258 tres
658 1216 847 1257 habeam
881 1215 1044 1257 fratres
1083 1213 1339 1266 Societatis,
1372 1222 1417 1258 et
1449 1229 1475 1256 a
1503 1214 1714 1266 Canisiis,
1739 1214 1947 1272 cognatis
2011 1262 2028 1275 ..

307 1292 434 1344 meis,
460 1291 568 1335 viris
597 1292 641 1334 in
676 1291 925 1336 Germania
953 1291 1275 1344 celeberrimis,
1302 1291 1618 1334 canonicatum
1651 1293 1945 1335 xanthensem
2008 1280 2028 1345 γ’

306 1370 351 1412 in
375 1369 523 1413 Cliuia
547 1371 560 1390 ⁵
584 1369 853 1425 acceperim,
874 1369 920 1411 in
938 1383 1028 1424 quo
1047 1383 1128 1425 pro
1151 1383 1250 1412 mea
1273 1368 1494 1413 tenuitate
1518 1370 1615 1413 Deo
1637 1377 1682 1412 et
1705 1368 1941 1420 ecclesiae,
2003 1379 2028 1405 -·

307 1455 400 1490 tum
425 1446 576 1489 altaris
600 1446 864 1498 ministerio,
892 1453 987 1489 tum
1012 1445 1312 1489 concionibus
1334 1445 1502 1498 seruio,
1529 1460 1619 1488 non
1647 1460 1832 1501 possum
1856 1459 1946 1488 non

305 1523 522 1568 Societati
546 1523 591 1566 in
630 1523 784 1579 primis
820 1524 990 1576 fauere,
1022 1530 1068 1566 et
1097 1523 1274 1578 quoties
1304 1523 1360 1565 ad
1390 1537 1460 1565 me
1489 1522 1758 1565 diuerterint
1788 1524 1982 1565 Patres-

305 1608 384 1644 aut
407 1602 583 1653 fratres,
605 1602 751 1644 laetus
769 1615 870 1644 esse
887 1602 1069 1656 hospes.
1095 1601 1495 1656 Quemadmodum
1517 1607 1667 1643 autem
1687 1600 1946 1642 consultum

306 1678 438 1722 velim
463 1677 708 1723 Societatis
728 1678 957 1732 Patribus,
983 1677 1044 1720 ita
1066 1677 1266 1720 vicissim
1292 1677 1458 1733 quibus
1482 1691 1665 1733 possum
1700 1676 1845 1719 modis
1868 1691 1946 1732 per

304 1755 405 1798 illos
428 1755 607 1811 cupiam
639 1755 898 1798 consultum
929 1754 1206 1811 reipublicae
1237 1753 1467 1811 gelriensi‚
1495 1762 1539 1799 et
1568 1754 1612 1797 in
1637 1754 1791 1810 primis
1817 1754 1945 1796 noui-

306 1832 511 1886 magensi
534 1839 806 1887 nostraeque
830 1832 1006 1875 vicinae
1045 1831 1237 1876 Cliuiae.
1282 1833 1355 1875 Ad
1393 1847 1527 1887 quam
1560 1846 1652 1874 rem
1678 1845 1945 1887 promouen-

379 1996 387 2015 ¹
440 1994 498 2028 Ex
518 1993 746 2039 archetypo,
767 1993 805 2027 in
825 1993 964 2030 Germ.
981 1993 1126 2038 Epist„
1149 1993 1256 2038 XIII,
1272 1992 1417 2040 duplici
1432 1991 1514 2037 fol,
1535 1991 1614 2038 103,
1633 2001 1700 2037 104
1714 1993 1827 2037 (157).
1844 1990 1944 2036 Qua-

309 2064 396 2087 nam
415 2053 512 2087 haee
536 2052 701 2098 epistola
726 2051 932 2087 occasione
962 2051 1052 2086 data
1084 2051 1214 2096 fuerit,
1246 2053 1359 2097 plane
1390 2051 1622 2097 intelligitur
1651 2062 1700 2086 ex
1720 2051 1781 2094 iis,
1806 2062 1904 2097 quae
1923 2061 1944 2085 a

305 2110 498 2147 Sacchino
523 2111 632 2146 hisce
658 2111 789 2146 verbis
816 2116 1058 2146 enarrantur:
1087 2110 1310 2155 «Le0dii-‚...
1340 2111 1496 2157 Brugis,
1528 2111 1593 2146 vbi
1618 2110 1848 2146 Franciseus
1872 2109 1944 2145 Co-

303 2178 432 2207 sterus
448 2177 487 2206 et
502 2171 686 2206 Nicolaus
701 2170 939 2217 Harlemius3
959 2177 998 2205 et
1018 2170 1209 2216 Neomagi
1229 2170 1267 2205 in
1287 2170 1461 2215 Geldria,
1478 2172 1543 2206 vbi
1559 2171 1730 2217 Joannes
1744 2171 1943 2205 Zantenus

306 2229 547 2265 memorabili
570 2240 756 2264 successu
786 2229 1008 2276 conciones,
1041 2229 1341 2276 disputationes,
1372 2229 1524 2276 aliaque
1554 2235 1686 2265 contra
1710 2229 1940 2273 haereticos,

303 2295 343 2324 et
375 2289 470 2324 vitia
502 2289 659 2336 pietatis
684 2299 789 2323 arma
817 2294 1045 2332 tractarunt,
1072 2289 1239 2334 collegia
1265 2300 1499 2335 magnopere
1526 2290 1827 2335 expetebantur.
1865 2287 1942 2323 Sed
1994 2293 2018 2322 *a

303 2349 531 2394 geusiorum
551 2348 677 2383 insani
703 2353 844 2390 motus,
871 2353 910 2384 et
936 2349 1022 2394 plus
1052 2360 1167 2395 quam
1194 2348 1313 2383 nimio
1346 2359 1413 2394 per
1444 2348 1481 2383 id
1507 2354 1660 2394 tempus
1679 2347 1839 2383 secundi
1860 2358 1942 2394 pro-

304 2419 477 2455 gressus,
508 2419 651 2443 moram
678 2406 875 2454 plerisque
903 2409 1092 2443 bonorum
1118 2407 1293 2443 consiliis
1316 2407 1548 2442 afferebant.
1577 2408 1748 2442 Venerat
1779 2406 1943 2441 Neoma-

304 2479 398 2513 gum
417 2468 664 2513 Bransberga
689 2469 906 2513 Zantenus,
935 2473 978 2502 vt
1001 2468 1119 2502 rebus
1142 2478 1230 2502 sese
1251 2466 1478 2502 domesticis
1497 2465 1715 2510 expediret.
1743 2465 1820 2502 Sed
1845 2465 1941 2502 inte·

307 2527 378 2562 rim
407 2526 445 2561 in
472 2533 703 2573 suggestum
729 2527 955 2574 productus,
980 2537 1068 2561 cum
1093 2526 1238 2561 ciuium
1262 2525 1412 2561 animos
1432 2525 1532 2561 'mire
1559 2532 1723 2571 teneret,
1745 2531 1783 2560 et
1808 2525 1941 2560 subor-

303 2586 352 2621 tis
372 2587 605 2622 tumultibus
622 2586 791 2634 Vndique
807 2598 828 2622 a
843 2585 1058 2622 rebellibus
1077 2591 1218 2621 cuncta
1234 2590 1532 2631 occuparentur;
1554 2584 1651 2619 tanti
1670 2595 1743 2619 vox
1760 2584 1844 2619 eius
1862 2583 1938 2619 exi·

303 2645 458 2680 stimata
477 2646 665 2680 momenti
684 2651 756 2690 est,
780 2651 821 2680 vt
838 2645 905 2681 diu
925 2650 1104 2680 retentus
1123 2644 1271 2680 inuitus
1291 2644 1355 2679 sit:
1378 2643 1470 2679 dato
1497 2648 1693 2690 portarum
1712 2642 1941 2678 custodibus

305 2703 478 2749 negotio,
489 2710 531 2738 vt
546 2715 622 2739 non
638 2705 765 2740 minus
780 2705 889 2740 exitu
904 2704 1029 2750 illum,
1045 2715 1160 2750 quam
1175 2704 1309 2738 hostes
1325 2702 1432 2738 aditu
1447 2702 1738 2749 prohiberent.»
1750 2702 1841 2739 Loc.
1857 2701 1939 2745 cit.‚

307 2769 414 2808 parte
434 2764 505 2807 III,
525 2763 593 2798 lib.
611 2764 715 2810 VIII,
736 2776 774 2799 n.
797 2763 879 2801 233.

373 2822 387 2841 ⁸
438 2823 496 2857 De
516 2823 730 2858 notissimis
749 2823 958 2859 Societatis
974 2828 1132 2858 nostrae
1151 2821 1408 2869 scriptoribus
1428 2821 1543 2856 Petro
1568 2827 1607 2856 et
1621 2822 1770 2866 Joanne
1788 2821 1938 2856 Busaeo

302 2881 366 2923 (de
387 2882 521 2927 Buys)‚
541 2880 590 2917 cf.
617 2881 950 2926 SOMMERVOGEL,
986 2883 1057 2917 loc.
1080 2881 1165 2928 cit.‚
1195 2887 1235 2916 et
1265 2881 1456 2925 ΗΑΝ8ΕΝ,
1486 2880 1690 2915 Reinische
1715 2880 1844 2916 Akten
1868 2890 1940 2915 zur
1994 2883 2000 2890 “

308 2940 531 2975 Geschichte
549 2941 615 2976 des
625 2941 967 2988 Jesuitenordens‚
988 2941 1156 2987 saepius.

377 3000 390 3017 ³
442 2999 673 3037 Kleveland.
