2028 3426
643 189 1072 226 INSTRUCTmNEs—or
1553 187 1620 233 437

134 294 183 336 In
206 292 477 343 difficilibus,
503 291 540 334 si
563 305 653 333 non
678 291 875 333 confidat
897 291 1166 347 respondere
1187 305 1236 333 se
1258 304 1389 346 posse
1417 305 1473 333 ex
1496 297 1667 345 tempo-

35 386 110 423 re,
136 363 232 414 eius
255 369 317 412 rei
341 368 558 411 rationem
582 368 775 422 aliquam
800 367 1040 424 significet,
1066 374 1110 411 et
1131 367 1285 410 iubeat
1307 367 1364 408 ad
1386 382 1435 410 se
1453 366 1603 410 rediri.

136 449 197 491 Vt
225 446 447 500 cuiusque
479 444 686 487 habuerit
717 452 998 500 perspectam
1032 444 1167 487 animi
1199 443 1555 499 dispositionem,
1592 443 1666 485 vel

48 532 267 574 naturam,
300 522 361 565 ita
392 521 516 563 illum
547 520 737 576 accipiat
769 528 813 563 et
842 527 1018 572 tractet,
1054 536 1153 565 sese
1189 520 1391 564 similiter
1420 519 1506 562 illis
1537 535 1665 563 aeeo-

46 601 286 644 modando.

138 676 418 720 praeseferat
441 689 546 718 vero
569 681 806 729 acceptum
830 689 878 718 se
906 676 1071 718 habere
1099 674 1267 730 aliquid
1294 674 1418 725 boni,
1460 674 1580 728 quod
1618 673 1665 715 in

44 769 101 799 eo
125 761 208 805 est,
235 752 311 808 qui
335 767 438 794 oum
459 765 513 794 eo
535 750 646 807 agit,
672 751 792 805 quod
815 765 1045 806 nunquam
1068 739 1225 802 deerit,
1255 758 1301 794 et
1327 765 1381 794 ex
1410 750 1529 793 illius
1557 750 1664 793 boni

46 838 178 888 grata
199 829 466 885 acceptione>
481 822 708 882 loquatur.

135 909 238 950 Non
262 906 471 948 ostendat
500 919 550 948 se
577 902 787 958 cuiquam
817 903 1018 956 difidere,
1051 905 1129 947 sed
1161 904 1310 960 potius
1342 918 1397 946 ex
1434 903 1665 959 praediea-

47 985 172 1027 tione
194 982 384 1026 alieuius
406 981 486 1035 rei,
518 995 651 1036 quam
681 981 858 1035 probat,
884 987 1010 1022 Curet
1040 981 1248 1023 omnibus
1275 979 1474 1024 animum
1498 981 1661 1032 facere,

44 1065 245 1108 omnium
268 1077 426 1106 curare
448 1062 748 1105 infirmitates.

135 1142 185 1183 In
208 1139 417 1183 omnibus
439 1140 574 1182 rebus
595 1145 702 1194 aget
724 1138 1030 1194 spiritualiter.

137 1219 186 1260 In
209 1217 345 1260 rebus
366 1215 672 1272 spiritualibus
689 1216 925 1270 eloquatur
947 1215 1238 1259 disertissime
1260 1222 1305 1259 et
1327 1214 1599 1271 planissime,
1620 1223 1665 1258 et

47 1295 104 1338 ad
128 1301 309 1349 captum
331 1292 612 1349 singulorum
635 1293 944 1336 accomodate.

136 1370 205 1415 179
237 1371 307 1414 De
338 1369 435 1412 aliis
471 1369 607 1412 rebus
644 1368 711 1410 ita
734 1375 863 1424 agat,
903 1362 1030 1423 quasi
1058 1383 1113 1411 ex
1153 1368 1312 1424 spiritu
1348 1370 1583 1423 quuatur,
1621 1375 1666 1411 et

40 1455 154 1503 *agat
191 1447 247 1490 ad
283 1441 640 1490 aedificationem
677 1435 1102 1488 etinstruetionem
1146 1453 1190 1488 et
1234 1445 1511 1501 spiritualem
1559 1459 1659 1500 pro-

49 1525 234 1567 fectum.

135 1600 222 1643 Vbi
245 1600 471 1656 agendum
495 1598 664 1654 aliquid
685 1599 757 1643 vel
780 1599 1142 1654 persuadendum
1166 1606 1250 1650 est,
1282 1598 1430 1654 gratia
1465 1598 1665 1642 Societa-

51 1677 106 1720 tis
128 1677 298 1719 nitatur
319 1684 365 1719 et
387 1675 596 1729 instituti,
623 1682 667 1719 et
695 1675 893 1718 consiliis
920 1682 1072 1717 Vtatur
1101 1691 1156 1719 ex
1183 1675 1257 1717 illa
1286 1675 1432 1731 gratia
1464 1683 1509 1717 et
1537 1674 1663 1717 insti-

32 1737 145 1797 'tuto
173 1755 351 1809 proprie
379 1752 644 1808 desumptis:
670 1766 726 1795 ex
753 1752 903 1803 bullis,
929 1751 1116 1803 seilicet,
1143 1751 1560 1804 constitutionibus,
1593 1766 1662 1794 re-

46 1830 182 1887 gulis,
208 1828 629 1880 consuetudinibus,
656 1827 972 1870 traditionibus
999 1837 1043 1871 et
1072 1827 1339 1871 obedientiis
1361 1827 1660 1883 superiorum3

23 1922 104 1952 :ex
136 1906 351 1962 exemplis
385 1908 568 1949 Patrum
602 1912 646 1948 et
675 1906 886 1957 fratrum3
923 1918 979 1947 ex
1010 1904 1210 1947 historiis
1241 1904 1498 1958 Societatis,
1532 1915 1578 1947 et
1609 1918 1664 1947 ex

49 1982 361 2040 praesentibus
378 1983 686 2026 consultorum
709 1981 960 2025 sententiis.

39 2046 44 2050 ι
137 2059 379 2103 Communi
403 2073 509 2102 vero
531 2059 627 2101 iure
652 2058 715 2100 vti
739 2058 917 2113 poterit,
939 2065 1163 2112 quatenus
1184 2072 1238 2100 ex
1261 2057 1516 2113 priuilegio,
1545 2057 1666 2111 quod

48 2151 76 2179 a
96 2138 195 2179 Deo
216 2143 260 2178 et
283 2136 390 2179 sede
412 2134 656 2190 apostoliea
678 2133 949 2189 accepimus,
975 2134 1038 2176 illi
1055 2125 1323 2189 derogatum
1347 2149 1436 2176 non
1460 2141 1543 2176 est.

139 2212 437 2257 Seueritatem
460 2225 639 2265 quoque
662 2217 710 2252 vt
731 2211 1020 2266 praeseferat,
1044 2210 1129 2253 erit
1150 2225 1474 2265 nonnunquam
1508 2224 1667 2253 neces-

19 2330 23 2334 .
54 2288 233 2332 sarium.

139 2364 368 2409 Seueritas
404 2378 512 2406 vero
550 2363 860 2419 proficiscatur
896 2377 952 2405 ex
995 2363 1216 2407 desiderio
1258 2363 1573 2419 perfeetionis,
1616 2377 1668 2405 ao

52 2443 146 2485 zelo
167 2441 269 2493 Dei,
297 2440 368 2485 180
391 2441 462 2483 eui
479 2440 523 2482 in
543 2439 773 2495 superiore
795 2440 1019 2492 obeditur,
1045 2447 1090 2483 et
1111 2439 1218 2482 hine
1236 2439 1458 2495 proticisci
1483 2454 1665 2495 praese—

53 2519 238 2562 feretur.

141 2595 209 2638 Sit
232 2602 380 2637 tamen
403 2608 577 2648 semper
599 2593 746 2635 minus
769 2603 957 2636 seuerus
979 2607 1112 2647 quam
1136 2607 1217 2648 pro
1239 2592 1413 2635 merito.

143 2671 280 2726 Quod
301 2678 451 2714 autem
474 2671 532 2712 ad
555 2670 699 2725 magis
721 2669 1008 2725 particularia
1030 2676 1216 2724 spectat:

143 2748 259 2790 Cum
291 2746 360 2799 iis,
387 2746 462 2802 qui
494 2746 578 2802 ipsi
609 2745 911 2798 satisfaciunt,
943 2745 1143 2789 suauiter
1176 2759 1226 2787 ae
1256 2745 1534 2787 confidenter
1563 2750 1668 2798 aget

54 2837 107 2866 ac
137 2823 411 2875 familiarius,
437 2824 570 2866 modo
599 2836 656 2865 ne
683 2822 889 2865 videatur
911 2837 965 2865 ea
993 2836 1092 2865 esse
1122 2836 1414 2877 personarum
1447 2818 1663 2875 acceptio.

57 2900 220 2944 Vtetur
241 2914 396 2943 eorum
420 2914 554 2955 opera
577 2898 873 2954 frequentius,
900 2905 995 2940 tum
1018 2898 1062 2939 in
1086 2897 1181 2940 aliis
1204 2898 1354 2948 rebus,
1381 2904 1476 2938 tum
1503 2896 1547 2937 in
1578 2896 1669 2938 fra-

59 2975 200 3019 tribus
221 2976 444 3019 iuuandis.
