2028 3426
351 296 416 333 150
793 317 802 323 .
820 288 973 323 PATms
1000 286 1241 321 HIERONYMI
1268 285 1418 320 NADAL

298 388 435 432 etiam
465 389 669 432 dicamus
698 388 743 432 in
773 388 1028 432 humilitate
1058 387 1242 441 nostra),
1274 387 1354 430 sed
1391 387 1699 442 gloriabamur
1736 388 1844 431 item
1881 389 1931 433 in
1975 412 1979 416 v

301 467 387 510 hac
404 465 710 520 tribulatione,
736 466 781 509 in
804 466 1000 509 Domino
1033 464 1314 507 confidentes
1343 465 1465 518 quod
1496 463 1726 508 tribulatio
1755 465 1930 521 patien-
1976 467 1983 474 '

302 543 406 586 tiam
429 551 656 600 operatur;
683 543 898 599 patientia
927 543 1078 585 autetn
1108 540 1421 597 probationem
1457 542 1485 594 ¹,
1517 555 1662 597 spem,
1687 541 1930 598 perfectio·

299 634 418 663 nem.
441 620 623 664 Vtinam
652 620 660 677 Ι
687 618 882 663 charitas
905 618 989 661 Dei
1013 618 1070 660 sit
1099 617 1144 659 in
1173 616 1389 660 cordibus
1418 617 1618 661 omnium
1650 617 1815 672 infusa,
1841 633 1933 676 qua
1980 634 1982 638 ·

299 697 449 740 omnia
471 705 516 740 et
540 697 698 740 uiuant
720 705 767 740 et
788 702 1032 752 operentur
1054 694 1101 736 in
1125 693 1310 738 Christo
1332 708 1483 737 coram
1505 695 1605 739 Deo
1633 695 1679 738 in
1709 695 1807 738 eius
1829 696 1929 752 glo·
1979 751 1981 753 ι

298 773 426 818 riam.
472 775 598 817 Haec
642 788 744 816 cum
788 773 849 816 ita
886 779 1054 825 essent,
1094 778 1350 828 opportune
1387 770 1718 816 dominationes
1751 780 1929 818 vestrae

299 851 464 894 Illmae.
493 851 577 893 tria
599 851 674 893 illa
696 849 843 906 capita
866 855 1213 905 proposuerunt.
1874 858 1879 863 ’

387 928 594 983 Quorum
619 928 812 983 primum
836 934 919 970 est.
947 925 1171 980 Quamuis
1195 939 1441 980 numquam
1465 925 1717 969 dubitasset
1735 925 1929 970 sanctis·
1960 951 1965 954 >

297 1003 439 1047 simus
467 1004 676 1047 dominus
711 1011 863 1047 noster
893 1004 965 1045 vel
993 1001 1324 1045 dominationes
1354 1010 1534 1046 vestrae
1566 1004 1722 1046 Rmae.
1754 1003 1811 1047 de
1832 1002 1926 1048 sin-

297 1081 483 1124 ceritate
501 1080 758 1132 Societatis,
785 1093 875 1122 non
899 1079 1100 1136 potuisse
1120 1088 1269 1122 tamen
1288 1093 1377 1122 non
1397 1081 1690 1123 vehementer
1707 1080 1924 1136 gaudere,
1998 1129 2001 1134 ¹

295 1158 416 1213 quod
438 1166 538 1214 post
562 1164 627 1200 tot
645 1165 690 1200 et
709 1164 797 1200 tam
817 1163 1055 1200 accuratas
1072 1155 1456 1213 impugnationes,
1478 1171 1570 1199 non
1588 1157 1723 1199 modo
1739 1156 1851 1200 nihil
1867 1157 1927 1201 sit
2022 1152 2023 1155 ¹

295 1235 351 1278 de
373 1234 612 1279 Societatis
633 1233 966 1278 existimatione
988 1232 1281 1285 inminutum,
1307 1233 1387 1276 sed
1409 1233 1643 1289 probatam
1662 1233 1797 1277 etiam
1815 1248 1924 1278 eua-
1970 1247 1979 1270 ²
2003 1216 2021 1230 Ἃ

295 1311 406 1354 sisse
434 1311 579 1367 magis
608 1325 659 1354 ac
689 1318 972 1368 perspectam
1000 1317 1018 1335 ³
1046 1309 1144 1355 eius
1173 1309 1496 1366 integritatem.
1531 1311 1688 1365 Itaque
1724 1311 1812 1354 hoc
1841 1326 1924 1354 no·
1956 1324 1962 1333 ‘
2018 1346 2019 1354 ,

294 1388 412 1431 mine
434 1387 650 1444 gratulari
669 1387 799 1430 nobis
816 1387 917 1431 S.¹¹“¹
941 1394 986 1429 et
1003 1385 1335 1430 dominationes
1357 1394 1530 1430 vestras
1548 1387 1734 1440 Illmas.;
1755 1389 1924 1433 hortari
1965 1396 1970 1429 .’
1996 1379 1999 1381 ’

293 1479 415 1519 vero,
440 1472 489 1507 vt
518 1465 630 1507 tales
659 1479 757 1508 esse
781 1477 1041 1520 pergamus,
1067 1464 1224 1519 quales
1261 1465 1501 1516 hactenus,
1534 1463 1619 1507 X.⁰
1657 1465 1921 1518 adiuuante,
1955 1500 1962 1507 ..
1981 1452 2017 1491 ’ἦ

292 1537 473 1594 fuimus3
500 1541 730 1598 prouisum
755 1556 854 1586 esse
876 1556 950 1593 ne,
975 1541 1051 1597 qui
1075 1555 1160 1583 nos
1183 1536 1495 1597 oppugnabat,
1522 1556 1624 1585 eum
1649 1541 1841 1598 ampl-ius
1864 1542 1922 1586 ti-
1966 1534 2015 1602 ξ,

291 1633 531 1672 meremus,
572 1633 803 1674 nunquam
837 1617 1030 1674 gratiam
1068 1617 1189 1662 sedis
1226 1617 1517 1674 apostolicae,
1552 1633 1785 1674 nunquam
1824 1619 1922 1683 eius

290 1695 620 1752 benignitatem
643 1695 774 1738 nobis
796 1709 895 1739 esse
917 1695 1192 1737 defuturam.
1219 1695 1325 1750 Quo
1357 1694 1615 1738 testimonio
1645 1702 1782 1752 atque
1811 1697 1919 1740 hor-
1949 1699 1957 1705 “
1987 1751 1998 1766 ⁴

290 1780 403 1826 tatu,
435 1772 654 1825 omnium,
681 1778 903 1828 quotquot
931 1771 977 1814 in
1007 1772 1094 1814 hac
1124 1770 1397 1815 mortalitate
1434 1771 1681 1815 desiderari
1711 1780 1916 1829 possunt,
1940 1814 1953 1829 „
1986 1789 2009 1837 j*

289 1850 573 1906 grauissimo,
600 1850 710 1892 nihil
733 1849 865 1893 nobis
881 1849 1029 1905 potuit
1046 1849 1314 1905 contingere
1331 1848 1591 1905 optabilius,
1612 1849 1752 1892 nichil
1771 1852 1919 1894 hone—
1955 1835 1961 1883 ³,

288 1926 416 1970 stius.
443 1928 614 1982 Itaque,
642 1926 816 1971 etiamsi
848 1926 904 1969 ad
933 1926 1044 1969 illud
1073 1926 1209 1969 animi
1238 1925 1512 1969 desiderium
1542 1934 1588 1969 et
1619 1927 1915 1982 alacritatem,

288 2018 376 2058 qua
399 2019 455 2047 ex
476 2003 685 2046 instituto
707 2002 932 2046 seruimus
953 2003 1049 2046 sedi
1068 2002 1344 2059 apostolicae
1361 2016 1414 2046 ac
1436 2003 1719 2047 sanctissimo
1736 2003 1918 2048 domino

289 2088 458 2132 nostro,
484 2080 593 2122 nihil
617 2080 800 2137 adiungi
827 2095 958 2136 posse
981 2081 1270 2136 putabamus3
1292 2095 1340 2124 re
1363 2087 1514 2123 tamen
1539 2080 1635 2136 ipsa
1659 2080 1918 2136 experimur
1944 2095 1947 2097 ·

287 2159 422 2213 longe
445 2157 588 2200 maius
611 2159 779 2200 factum
802 2171 902 2200 esse
925 2157 1035 2200 illud
1056 2156 1331 2201 desiderium
1354 2164 1397 2201 et
1427 2157 1719 2200 alacritatem.
1748 2160 1919 2202 Munus
1935 2190 1939 2192 -

286 2233 424 2290 igitur
453 2236 538 2276 hoc
567 2250 592 2278 e
623 2234 776 2277 diuina
805 2249 939 2277 manu
969 2234 1224 2290 profectum
1255 2233 1546 2290 agnoscimus
1570 2248 1621 2276 ac
1649 2234 1835 2279 diuinae
1853 2234 1915 2278 illi

285 2312 496 2354 dexterae
521 2313 632 2368 Jesu
661 2312 765 2367 Xpi.
798 2310 966 2354 domini
997 2318 1042 2354 et
1071 2310 1155 2354 Dei
1188 2310 1330 2353 nostri
1363 2310 1534 2368 gratias
1566 2311 1842 2356 immortales
1869 2305 1915 2355 et

285 2389 503 2430 habemus
525 2395 569 2430 et
592 2388 771 2444 agimus
792 2397 838 2431 et
859 2387 1110 2431 secundum
1132 2389 1279 2431 Deum
1305 2387 1590 2431 sanctissimo
1619 2388 1802 2432 domino
1833 2403 1912 2432 no·

284 2472 376 2507 stro
398 2472 443 2509 et
465 2464 846 2508 dominationibus
870 2465 1031 2509 vestris
1053 2465 1206 2516 Illmisff

371 2543 713 2598 proposuerunt
743 2550 976 2597 praeterea
1006 2542 1140 2585 nobis
1168 2540 1497 2585 dominationes
1534 2549 1712 2586 vestrae
1740 2538 1928 2586 Illmae.'
1975 2527 1987 2562 ἲ

283 2619 498 2662 nonnulla
520 2618 682 2674 capita,
708 2633 822 2673 quae
845 2635 868 2662 a
892 2619 1025 2662 nobis
1048 2620 1216 2663 vellent
1240 2618 1328 2663 264
1351 2618 1644 2670 considerari,
1665 2618 1811 2674 sicubi
1828 2619 1931 2663 ali-2
1967 2615 1979 2655 -”

280 2710 369 2751 qua
392 2694 710 2739 reformatione
732 2710 845 2751 opus
873 2710 972 2739 esse
1001 2696 1246 2740 videretur.
1274 2696 1471 2738 Probata
1501 2695 1684 2750 quidem
1715 2696 1789 2739 illa
1818 2709 1909 2739 non
1970 2696 1983 2749 ,J

279 2787 378 2816 esse
410 2773 751 2825 confirmarunt3
787 2773 866 2815 sed
905 2772 1270 2828 quandoquidem
1309 2771 1405 2814 fieri
1437 2772 1675 2827 potuisset,
1708 2779 1756 2815 vt
1792 2772 1926 2816 inter*

281 2857 370 2892 tarn
393 2850 576 2901 multos,
603 2848 679 2903 qui
697 2849 782 2891 sub
806 2849 1064 2893 obedientia
1087 2848 1329 2894 Societatis
1351 2848 1530 2901 viuunt,
1551 2849 1713 2904 aliquis
1734 2850 1806 2894 vel

347 2992 363 3007 a
410 2981 640 3027 perpectam
659 2990 731 3014 ms.

351 3096 357 3114 ⁸
410 3090 653 3139 R0i1.,v‚3,
672 3102 707 3136 4.
