2028 3426
308 192 376 237 584
491 170 495 171 ⁷
780 191 935 226 PATRls
962 190 1205 225 HIERONYul
1231 188 1384 224 NADAL

261 311 286 338 a
308 295 442 347 malo,
469 294 591 348 quod
612 292 784 335 habitat
808 292 851 333 in
882 305 1018 334 carne
1050 297 1222 342 nostra,
1248 304 1273 332 a
1303 289 1673 346 concupiscentia
1703 289 1892 342 scilicet,

264 380 312 414 vt
334 370 445 414 nihil
468 370 598 413 nobis
621 375 785 413 noceat
808 367 896 411 578
918 381 1040 418 caro,
1067 366 1178 408 nihil
1208 373 1443 422 praeterea
1466 367 1649 418 demon,
1675 366 1788 408 nihil
1820 367 1897 409 ad-

264 449 519 501 uersitates,
545 448 632 498 vel,
659 461 775 502 quae
798 443 1074 501 proueniunt
1098 458 1122 487 a
1147 443 1332 495 mundo,
1359 444 1491 486 mala.
1515 442 1750 486 Castitatis
1768 457 1895 495 vero,

265 526 547 570 obedientiae
585 539 636 566 ac
677 522 973 579 paupertatis,
1007 514 1112 564 tum*
1137 520 1410 575 reliquarum
1444 519 1664 563 virtutum
1698 519 1899 563 omnium

266 603 651 659 imperfectionem
676 616 700 642 a
725 593 855 642 nobis
877 599 1093 655 depellas;
1120 613 1146 640 a
1175 596 1333 653 poenis
1365 597 1518 651 etiarn,
1544 611 1658 652 quas
1687 611 1767 653 pro
1791 610 1899 652 pec-

267 680 380 723 catis
404 694 644 731 meremur,
671 678 726 720 de
757 684 835 719 tua
866 675 1178 720 misericordia
1201 673 1382 730 eripias,
1409 672 1434 717 a
1464 673 1558 717 suis
1583 673 1719 717 etiam
1742 673 1902 730 poenis

268 772 361 809 eos,
383 756 459 812 qui
482 756 526 798 in
550 754 707 811 poenis
731 752 983 810 purgatorii
1006 752 1287 796 detinentur.

362 835 576 877 «Amen»
606 834 705 874 Hoc
739 831 982 886 respondet
1011 828 1221 873 ecclesia.
1259 829 1374 872 Orat
1411 827 1531 872 enim
1571 827 1808 871 nobiscum
1831 841 1904 871 ec-

271 911 422 956 clesia.
452 912 675 953 Obsecrat
698 916 746 950 vt
769 922 886 963 quae
909 906 1105 963 petimus
1134 920 1448 962 assequamur,
1474 919 1527 948 ac
1564 905 1802 948 confirmat
1830 903 1905 947 illa

269 1003 352 1032 nos
375 1003 472 1032 esse
497 993 823 1042 assequuturos
846 985 891 1027 in
916 984 1118 1028 Christo.
1146 983 1292 1028 Simul
1309 998 1395 1026 nos
1413 983 1458 1025 in
1477 983 1665 1026 Christo
1687 990 1732 1026 et
1755 983 1904 1026 eccle—

271 1066 337 1108 sia
359 1065 566 1107 dicimus:
597 1064 788 1106 «Amen.
803 1084 819 1099 »
846 1062 1052 1118 Angelos
1075 1068 1120 1105 et
1143 1067 1327 1104 sanctos
1349 1074 1547 1112 oramus,
1573 1066 1622 1101 vt
1644 1059 1797 1102 dicant
1820 1074 1905 1102 no-

271 1143 466 1186 biscum:
496 1142 717 1184 «Amen»

362 1278 422 1306 AD
446 1248 675 1305 FRUC‘l'UM
695 1273 912 1310 ALIQUEM
938 1270 1161 1302 SPIRITUS
1186 1270 1512 1301 ACCIPIENDUM
1538 1269 1818 1308 SEQUENTES

657 1349 1024 1380 MEDITATIONES
1049 1348 1265 1378 POSSUNT
1289 1347 1529 1377 EXERCERI

365 1453 517 1496 Primo
541 1451 615 1495 die
640 1450 911 1493 meditemur
933 1449 1054 1492 circa
1073 1449 1159 1493 579
1177 1447 1594 1508 circumcisionem,
1621 1445 1909 1490 consideran-

277 1540 344 1576 tes
367 1531 532 1573 deuote
555 1529 758 1572 dolorem
783 1526 970 1579 Christi,
998 1525 1236 1582 sanguinis
1265 1525 1533 1569 effusionem
1561 1532 1606 1568 et
1635 1522 1912 1580 compassio-

254 1623 378 1653 ·nem
404 1610 528 1652 B.¹¹¹⁸²
551 1604 743 1662 virginis
767 1604 951 1648 Mariae.

364 1684 577 1729 Secundo
600 1683 688 1734 die,
716 1682 835 1725 circa
858 1681 1109 1725 orationem
1138 1680 1310 1723 Christi
1340 1680 1385 1721 in
1415 1681 1548 1722 horto
1573 1678 1913 1721 consideremus

278 1771 482 1813 mortem,
510 1750 626 1816 Quae
650 1759 834 1803 Christo
866 1759 1310 1814 repraesentabatur,
1336 1771 1474 1801 saeua
1512 1755 1645 1798 nimis
1681 1763 1726 1800 et
1755 1762 1914 1798 trucu-

277 1842 416 1891 lenta,
443 1846 529 1882 etc.
573 1839 727 1892 Atque
757 1835 864 1878 hinc
894 1834 1063 1878 Christi
1103 1834 1358 1887 tristiciam,
1383 1832 1600 1885 taedium,
1634 1832 1836 1876 dolorem
1867 1841 1913 1876 et

279 1917 503 1974 agoniam.
530 1915 708 1959 Deinde
732 1913 1038 1969 sanguineum
1062 1913 1275 1955 sudorem
1299 1926 1379 1967 per
1403 1917 1547 1953 totum
1571 1923 1736 1965 corpus
1759 1908 1805 1951 in
1823 1916 1913 1952 ter-

278 2010 372 2037 ram
409 1995 740 2037 decurrentem.
782 1992 1019 2034 Postremo
1052 1989 1245 2046 virginis
1283 1994 1601 2031 sacrosanctae
1639 1985 1914 2042 compassio-

279 2086 400 2122 nem,
428 2085 543 2124 quae
567 2068 742 2112 etiamsi
766 2081 983 2123 praesens
1002 2081 1092 2109 non
1111 2074 1225 2119 erat,
1245 2068 1358 2108 haec
1378 2072 1528 2109 tamen
1553 2066 1717 2108 absens
1739 2078 1916 2107 summo

279 2162 383 2191 cum
407 2147 559 2188 dolore
583 2145 989 2200 contemplabatur.

370 2223 525 2267 Tertio
562 2222 633 2265 die
672 2222 1032 2276 contemplemur
1069 2219 1420 2275 flagellationem
1460 2218 1647 2271 Christi,
1678 2217 1917 2274 sanguinis

283 2300 588 2349 effussionem,
615 2298 815 2340 dolorem
840 2305 884 2340 et
908 2296 1266 2352 compassionem
1293 2297 1417 2338 33¹¹ae
1444 2295 1636 2351 virginis
1667 2295 1852 2338 Mariae.

373 2378 550 2432 Quarto
572 2375 645 2417 die
669 2375 1009 2418 consideremus
1031 2380 1185 2416 actum
1217 2372 1523 2416 coronationis
1546 2387 1602 2415 ex
1626 2371 1786 2428 spinis,
1812 2385 1919 2414 san-

285 2454 438 2509 guinis
461 2452 746 2502 effusionem,
773 2439 973 2494 dolorem
998 2458 1042 2493 et
1065 2449 1427 2505 compassionem
1451 2451 1576 2492 BHMe
1601 2448 1790 2504 virginis
1820 2449 1918 2490 Ma-

284 2532 390 2576 riae.

375 2607 565 2663 Quinto,
591 2605 667 2648 vbi
692 2618 932 2661 percussus
956 2612 1025 2649 est
1047 2604 1285 2656 arundine,
1313 2610 1579 2646 coronatum
1603 2601 1745 2659 spinis
1763 2608 1917 2658 caput,

285 2701 340 2729 ex
364 2699 451 2740 qua
474 2682 766 2740 percussione
791 2696 939 2724 nouus
967 2682 1097 2724 dolor
1126 2681 1291 2733 extitit,
1319 2695 1440 2723 noua
1477 2679 1638 2723 effusio
1662 2677 1917 2735 sanguinis,

285 2770 330 2807 et
355 2777 474 2804 noua
499 2763 622 2804 B.¹¹¹²¹0
646 2759 836 2816 virginis
860 2759 1030 2802 Mariae
1054 2757 1325 2814 compassio.

376 2838 462 2883 580
497 2838 564 2881 6.⁰
628 2835 916 2881 Considerari
955 2835 1090 2880 etiam
1126 2843 1289 2892 potest,
1316 2849 1420 2877 cum
1450 2834 1660 2890 imposita
1698 2832 1782 2875 fuit
1811 2846 1922 2875 crux

288 2917 488 2969 Christo,
518 2924 566 2957 vt
596 2930 695 2958 eam
724 2913 961 2965 baiularet,
987 2914 1073 2955 sub
1102 2913 1234 2968 cujus
1257 2912 1457 2968 pondere
1488 2911 1608 2953 haud
1636 2909 1773 2953 dubie
1796 2923 1923 2952 com-

290 3001 411 3036 mota
436 2993 574 3036 fuisse
597 2992 693 3035 eius
716 2992 922 3042 vulnera,
947 2997 992 3033 et
1015 2996 1316 3033 consecutum
1340 2988 1554 3032 maiorem
1583 2988 1800 3039 dolorem,
1825 2999 1923 3028 ma-
