2028 3426
350 223 419 261 540
819 218 971 252 PATRJS
998 217 1245 255 HiERoNYm
1272 219 1422 256 NADAL

296 331 435 373 opera
458 317 788 362 misericordiae
811 319 987 361 curabit
1008 333 1088 362 eos
1111 319 1274 373 iuuari,
1301 323 1681 376 quemadmodum
1710 323 1934 368 ordinarie

299 394 631 450 eleemosynam
657 403 867 452 procurat
891 395 1094 440 Societas
1118 411 1196 453 pro
1219 399 1510 454 pauperibus,
1536 414 1682 456 eoque
1705 400 1804 444 illos
1832 401 1935 444 dili·
1976 395 2011 465 fi}

298 471 483 527 gentius
512 480 556 516 et
586 472 709 528 prius
739 472 895 516 iuuare
924 472 1116 525 curabit,
1149 488 1238 530 quo
1271 475 1611 520 circumstantia
1643 479 1755 521 haec
1787 478 1934 534 magis

297 548 495 604 vrgebit.

710 677 770 706 DE
796 677 1036 708 EXTERNIS
1060 680 1193 710 DOMO
1218 681 1522 710 RECIPIENDIS

387 781 584 836 Quando
607 781 804 837 religiosi
828 782 981 838 aliqui,
1007 798 1199 839 quorum
1222 792 1290 828 est
1312 785 1460 840 aliqua
1482 786 1690 830 habenda
1713 787 1842 839 ratio,
1876 788 1932 830 ad

293 857 485 912 collegia
515 866 667 900 nostra
698 858 918 912 venerint,
943 864 1029 906 472
1051 860 1116 905 eis
1139 862 1437 905 declarandus
1466 869 1535 906 est
1556 862 1788 907 charitatis
1821 867 1928 910 affe—

290 940 394 976 ctus
416 934 547 977 solito
571 949 707 986 more,
729 935 846 978 sicut
867 936 951 992 ipsi
974 951 1084 993 erga
1106 946 1123 963 ³
1145 953 1228 981 nos
1253 938 1436 981 faciunt:
1459 946 1504 982 et
1521 939 1650 982 cibus
1668 940 1762 983 dari
1782 949 1932 998 potest

292 1009 336 1052 in
359 1010 508 1065 aliquo
532 1012 630 1054 loco
653 1021 859 1068 separato
882 1027 985 1056 cum
1009 1014 1160 1070 aliquo
1183 1016 1386 1071 probato,
1413 1017 1485 1060 vel
1507 1016 1642 1059 etiam
1667 1026 1857 1070 rectore,
1889 1019 1930 1062 si

291 1087 375 1142 ipsi
399 1087 459 1130 ita
489 1088 710 1141 videatur,
737 1105 895 1134 verum
919 1091 981 1133 nil
1006 1092 1097 1135 fere
1119 1092 1234 1135 vltra
1257 1092 1564 1147 quotidianam
1588 1093 1855 1149 portionem.
1880 1097 1928 1141 Si

291 1165 390 1219 quis
415 1174 562 1210 tamen
586 1174 722 1220 esset,
747 1167 820 1210 cui
838 1167 875 1211 is
893 1176 1126 1228 respectus
1144 1170 1402 1224 deberetur,
1424 1172 1599 1215 admitti
1618 1180 1771 1229 posset
1789 1175 1925 1217 semel
1991 1160 1994 1163 ¹

287 1243 344 1284 ad
373 1243 678 1297 refectorium;
710 1245 790 1288 sed
822 1260 953 1288 nemo
982 1254 1029 1288 vt
1058 1246 1178 1289 domi
1208 1256 1387 1292 nostrae
1420 1249 1612 1292 dormiat
1641 1250 1922 1303 admittatur,

287 1333 370 1364 nec
394 1320 680 1375 permittatur
702 1336 781 1377 per
803 1323 986 1365 domum
1010 1338 1090 1379 pro
1119 1324 1305 1367 arbitrio
1333 1340 1416 1368 suo
1446 1326 1602 1382 vagari
1631 1328 1804 1382 absque
1835 1342 1926 1371 vno

285 1410 340 1439 ex
365 1397 528 1440 nostris
552 1397 641 1454 (qui
664 1413 767 1441 eum
797 1399 1066 1452 comitetur),
1099 1415 1232 1456 quem
1263 1402 1466 1458 superior
1497 1403 1770 1460 designabit.
1806 1405 1862 1447 Et
1890 1405 1927 1448 si

283 1472 384 1527 quis
407 1474 530 1517 volet
552 1475 673 1530 loqui
696 1476 986 1532 singulariter
1008 1492 1110 1520 curn
1135 1478 1376 1534 aliquibus,
1402 1480 1480 1522 fiat
1503 1479 1546 1523 id
1576 1494 1678 1523 cum
1710 1482 1927 1526 facultate

285 1550 539 1606 superioris,
562 1551 762 1595 adhibito
785 1553 925 1605 socio,
948 1555 1018 1597 vel
1036 1555 1169 1598 etiam
1193 1571 1284 1599 non
1310 1556 1528 1609 adhibito,
1551 1565 1598 1599 vt
1621 1558 1825 1601 censebit
1847 1573 1925 1602 su-

283 1627 428 1681 perior
450 1643 550 1672 esse
572 1629 878 1673 necessarium
904 1631 974 1674 vel
996 1631 1118 1675 vtile,

370 1709 455 1750 473
478 1706 642 1749 Nullus
664 1714 954 1750 externorum
979 1707 1306 1752 intromittatur
1324 1711 1506 1753 domum
1529 1711 1626 1755 sine
1646 1712 1921 1768 praescripto

280 1781 352 1823 vel
380 1771 581 1837 generali
611 1783 682 1827 vel
711 1783 969 1839 particulari
1002 1785 1260 1841 superioris3
1298 1794 1343 1830 et
1376 1788 1451 1842 qui
1485 1788 1797 1842 admittentur,
1840 1803 1921 1831 eos

279 1858 507 1902 deducent
531 1860 606 1914 qui
630 1861 686 1903 ad
710 1862 796 1904 hoc
820 1868 953 1905 erunt
976 1862 1156 1915 delecti,
1178 1877 1260 1906 nec
1279 1865 1334 1906 ad
1352 1864 1561 1908 cubicula
1579 1866 1819 1917 ducentur,
1841 1866 1920 1921 qui

280 1935 463 1978 domum
493 1936 639 1980 visere
667 1937 829 1989 velint,
862 1939 942 1983 sed
971 1953 1050 1995 per
1081 1941 1337 1984 communia
1365 1942 1480 1986 loca.
1514 1944 1738 1987 Parentur
1766 1950 1919 1985 autem

278 2012 473 2055 honesta
509 2014 607 2056 loca
644 2013 761 2057 inter
799 2015 985 2070 primam
1024 2023 1069 2059 et
1101 2019 1347 2060 secundam
1381 2018 1561 2061 ianuam
1597 2019 1791 2075 collegii,
1827 2034 1918 2075 quo

277 2088 580 2143 deducantur,
596 2090 671 2145 qui
691 2091 887 2146 colloqui
905 2106 1008 2134 cum
1028 2093 1192 2136 nostris
1210 2095 1386 2146 volunt,
1403 2095 1520 2138 facta
1534 2096 1761 2140 facultate.
1780 2097 1917 2152 Quod

278 2164 316 2207 si
340 2167 426 2207 hoc
451 2167 630 2222 collegii
654 2168 887 2224 dispositio
917 2168 933 2193 b
963 2184 1051 2212 non
1077 2170 1287 2226 patiatur,
1314 2171 1438 2215 iuxta
1469 2180 1618 2215 tamen
1650 2173 1830 2216 ianuam
1853 2173 1916 2216 si-

279 2241 395 2284 milis
418 2243 545 2286 locus
568 2252 766 2299 paretur,
793 2245 966 2289 etiamsi
992 2246 1195 2291 interius.

366 2320 435 2361 Ne
459 2319 733 2376 recipiantur
755 2322 955 2378 hospites
977 2323 1178 2376 domum,
1205 2324 1290 2367 nisi
1313 2325 1414 2380 quis
1436 2326 1584 2382 aliqua
1607 2341 1661 2369 ex
1686 2334 1811 2382 parte
1834 2328 1915 2369 de-

275 2395 496 2440 creuisset
529 2404 726 2439 nostram
762 2399 946 2441 omnino
975 2400 1246 2444 Societatem
1271 2401 1464 2457 ingredi3
1491 2403 1548 2445 ob
1572 2404 1715 2445 bonos
1739 2403 1913 2458 aliquos

275 2472 404 2523 fines,
431 2480 567 2528 atque
590 2475 674 2516 hoc
698 2475 753 2516 ad
778 2482 867 2517 tres
889 2476 984 2519 dies
1014 2482 1100 2523 474
1129 2486 1173 2520 et
1202 2491 1305 2520 cum
1337 2479 1567 2530 facultate,
1599 2488 1648 2522 vt
1677 2480 1911 2523 minimum

276 2549 583 2604 prouincialis‚
609 2550 727 2593 sicut
750 2552 943 2595 habetur
966 2553 1009 2596 in
1034 2554 1413 2597 declarationibus
1436 2568 1463 2609 4
1487 2569 1585 2612 cap.
1615 2556 1783 2612 primae
1805 2571 1912 2613 par-

276 2625 331 2668 tis
348 2626 727 2669 constitutionum
751 2630 776 2670 ¹.
800 2629 915 2671 Nam
935 2645 988 2672 ex
1007 2643 1062 2672 eo
1082 2630 1180 2673 loco
1197 2631 1352 2687 colligi
1371 2639 1518 2687 potest
1535 2633 1664 2675 aliter
1686 2633 1909 2689 hospitem

345 2754 362 2769 a
412 2755 488 2790 ega
509 2755 580 2779 ms.
634 2747 699 2772 —b
726 2745 787 2781 vel
805 2746 1012 2792 dispositio
1031 2759 1100 2784 ms.

344 2843 354 2863 ¹
405 2843 557 2879 Clarius
576 2845 672 2880 haec
691 2845 872 2882 dicuntur
892 2847 929 2881 in
948 2848 1033 2882 loco
1050 2847 1170 2883 citato
1188 2849 1510 2886 constitutionum
1530 2852 1588 2886 his
1608 2852 1752 2888 verbis:
1774 2853 1843 2892 «B,
1863 2853 1907 2888 Si

269 2902 408 2948 aliquis
427 2904 477 2938 ob
495 2915 632 2939 causas
650 2905 790 2940 rationi
809 2917 1000 2941 consonas
1021 2906 1057 2942 in
1074 2908 1241 2942 Domum
1257 2909 1507 2955 reciperetur,
1525 2911 1591 2957 qui
1610 2911 1780 2946 nondum
1795 2913 1906 2947 obse-

269 2962 359 3007 quio
392 2962 526 2998 divino
557 2963 595 2998 in
626 2965 696 2999 hae
728 2964 923 3000 Societate
955 2976 997 3000 se
1027 2965 1207 3001 dedicare
1237 2968 1394 3002 omnino
1422 2970 1640 3013 statuisset,
1672 2970 1832 3016 perinde
1864 2977 1906 3007 ut

267 3021 424 3066 hospes,
445 3028 483 3057 et
502 3033 578 3058 non
597 3022 644 3057 ad
663 3023 824 3069 primam
846 3024 906 3058 vel
926 3024 1134 3059 secundam
1156 3025 1420 3071 probationem
1446 3027 1730 3064 admitteretur.
1757 3029 1835 3065 Sed
1860 3041 1905 3065 ea
