2028 3426
277 235 345 281 278
751 235 904 270 PATms
930 234 1172 269 Hrssnonvm
1198 232 1350 268 NADAL

231 337 483 381 doctrinam
506 337 813 388 christianam,
840 344 884 380 et
906 349 1117 378 exercere
1149 333 1598 390 interrogationibus,
1625 333 1703 389 qui
1725 333 1860 378 etiam

232 422 445 471 poterunt
468 416 633 458 addere
656 414 823 468 aliquid
845 411 1157 468 explicationis
1179 411 1331 454 breuis
1352 418 1397 454 et
1421 411 1782 454 familiarissime.

319 492 542 536 Videatur
565 492 698 535 etiam
728 505 784 532 an
818 488 1059 532 conueniat
1091 487 1334 543 aliquando
1366 487 1544 530 mittere
1577 487 1771 542 aliquem
1803 502 1863 531 ex

231 568 398 611 nostris
422 570 476 611 ad
500 583 658 624 pagos,
685 566 1057 609 concionaturum
1081 579 1184 607 cum
1207 564 1334 608 socio
1356 564 1668 609 selectissimo.

321 646 518 689 Curetur
540 652 588 686 vt
611 645 770 686 fratres
792 644 945 684 lauent
969 655 1129 684 manus
1152 656 1177 684 a
1199 641 1402 698 prandio.

319 721 678 764 Accusatissime
706 721 780 763 det
809 733 988 774 operam
1028 726 1178 761 rector
1215 733 1272 762 ne
1304 720 1568 762 comedatur
1605 718 1734 775 panis
1765 726 1861 762 tam·

228 812 400 842 recens.

315 876 362 917 In
383 874 705 917 concludendis
723 873 971 916 rationibus
989 887 1091 916 cum
1111 874 1313 926 Occhoa,
1328 871 1438 914 nihil
1457 871 1591 915 faciat
1607 880 1755 915 rector
1772 886 1859 916 nec

226 951 516 1007 prouincialis
539 953 709 1006 absque
731 950 1029 1005 instructione
1046 966 1071 994 a
1091 952 1141 993 P.
1165 949 1381 1002 Victoria;
1407 949 1545 992 immo
1563 964 1672 992 uero
1688 963 1860 994 censeo

225 1036 274 1070 ut
299 1036 444 1070 totum
470 1028 703 1083 negotium
727 1027 789 1069 illi
813 1027 1135 1072 committatur.

296 1105 359 1148 ‘Si
383 1106 516 1160 &quod
539 1104 761 1147 Dominus
783 1105 972 1161 auertat)
996 1111 1253 1161 aegrotaret
1277 1104 1338 1147 ita
1357 1111 1504 1147 rector
1521 1103 1701 1161 collegii
1725 1104 1853 1147 vien-

222 1181 389 1233 nensis,
412 1190 567 1223 utnon
592 1189 744 1236 posset
762 1182 869 1224 dare
892 1196 1073 1238 operam
1097 1181 1434 1238 gubernationi,
1455 1182 1643 1224 absente
1665 1180 1852 1237 prouin-

219 1258 337 1310 ciali,
366 1261 449 1301 ΜΓ.
478 1257 747 1300 Franciscus
781 1260 788 1279 ¹
814 1266 967 1314 posset
994 1273 1094 1303 esse
1122 1258 1390 1312 vicerector‚
1417 1265 1462 1302 et
1494 1260 1544 1301 P.
1572 1257 1789 1310 Victoria,
1815 1258 1855 1301 si

219 1337 412 1386 adesset,
450 1335 848 1391 superintendens:
885 1336 1005 1391 quod
1034 1335 1215 1391 utrique
1243 1335 1420 1379 dicetur
1449 1334 1630 1378 nomine
1659 1349 1774 1388 meo3
1807 1343 1853 1378 et

220 1420 367 1456 tamen
398 1411 705 1468 prouincialis,
738 1412 811 1454 vbi
842 1412 1035 1468 primum
1065 1412 1110 1454 id
1139 1412 1290 1464 sciret,
1323 1413 1457 1456 debet
1487 1411 1644 1456 uenire
1675 1412 1731 1454 ad
1765 1413 1856 1455 hoc

218 1489 477 1545 collegium,
504 1503 594 1544 quo
622 1503 725 1531 cum
747 1489 1023 1545 perueniret,
1049 1497 1248 1534 cessaret
1270 1489 1344 1531 ille
1373 1490 1499 1542 ordo;
1532 1488 1712 1549 collegii
1742 1503 1856 1532 uero

219 1566 589 1609 commensalium
613 1574 766 1622 posset
787 1580 887 1610 esse
909 1566 1160 1610 vicerector
1182 1565 1227 1608 in
1251 1565 1326 1609 illo
1348 1580 1458 1609 casu
1487 1567 1572 1609 Mr.
1606 1566 1849 1623 Wolfgan-

220 1657 324 1699 gus,
350 1642 566 1686 adiuncto
589 1642 651 1684 illi
674 1643 796 1686 socio
812 1645 884 1700 Jo.
911 1643 1129 1686 Antonio.
1757 1636 1760 1640 ’

991 1772 1071 1816 48

1009 1869 1038 1926 ἢ.

552 1964 927 2008 INSTRUCTIO
962 1964 1086 2007 PRO
1121 1965 1172 2006 P.
1211 1964 1508 2007 VICTORIA

742 2073 895 2103 FACTA
926 2073 955 2103 A
985 2073 1026 2103 Ρ.
1061 2073 1251 2102 NATALE
1274 2059 1306 2101 Ξ.

906 2173 1023 2201 ANNO
1053 2164 1157 2210 1563.

303 2259 373 2303 Sit
411 2269 647 2316 exemptus
683 2260 960 2317 simpliciter,
996 2267 1041 2304 et
1077 2260 1334 2305 immediate
1372 2260 1605 2304 subiectus
1642 2260 1846 2317 generali

215 2337 469 2392 praeposito
493 2345 537 2381 et
559 2337 683 2390 mihi,
709 2339 852 2381 donec
869 2337 1048 2382 veniam
1071 2337 1353 2382 Tridentum.

279 2449 287 2468 ¹
345 2450 386 2485 P.
409 2450 637 2485 Franciscus
657 2450 806 2496 Sunye‚
825 2450 891 2497 qui
909 2450 947 2485 in
972 2451 1150 2496 catalogo
1174 2449 1460 2485 vindobonensi
1478 2450 1569 2485 anni
1593 2450 1677 2494 1561
1699 2450 1844 2486 dicitur

216 2508 458 2554 «praefectus
476 2509 612 2544 domus
635 2510 915 2553 convictorum,
935 2511 1055 2545 lector
1074 2509 1295 2556 hispanus».
1316 2508 1376 2544 Cf.
1399 2509 1437 2544 in
1458 2509 1585 2556 Epist.
1613 2510 1661 2544 P.
1689 2510 1843 2550 Nadal,

208 2568 260 2612 11,
281 2569 349 2612 476
376 2574 415 2602 et
435 2579 517 2613 549,
547 2580 709 2604 examen
735 2571 783 2604 ab
807 2569 945 2604 eodem
970 2569 1172 2615 scriptum,
1191 2569 1257 2604 ubi
1283 2569 1366 2615 ipse
1391 2580 1531 2604 nomen
1562 2580 1675 2604 suum
1706 2569 1843 2605 scribit

209 2630 340 2672 Sunye‘
360 2633 399 2662 et
418 2638 493 2662 non
515 2628 665 2663 Sunier
683 2639 755 2662 nec
776 2629 947 2674 Sunyer,
974 2629 1030 2663 uti
1054 2627 1279 2674 frequenter
1303 2627 1489 2674 scriptum
1514 2627 1720 2674 reperitur.
1741 2627 1846 2663 Vide

206 2688 402 2731 catalogos
423 2686 736 2722 vindobonenses
756 2687 853 2722 infra
872 2689 1054 2734 prolatos.

274 2750 286 2766 ·-’
343 2746 395 2779 Ex
418 2747 643 2792 archetypO,
665 2747 812 2781 Natalis
832 2758 946 2781 manu
966 2751 1150 2782 annotato
1170 2752 1209 2781 et
1228 2745 1448 2791 emendato,
1476 2745 1514 2780 in
1539 2745 1675 2781 codiee
1699 2745 1838 2788 Natal.

204 2805 320 2838 instr.
347 2804 506 2847 Germ.,
534 2811 698 2851 quatuor
723 2805 839 2850 foliis,
871 2813 1063 2850 lut-Izgr
1088 2804 1288 2851 (193-195).
1312 2806 1490 2840 Alterum
1511 2806 1732 2851 exemplum
1752 2815 1843 2851 apo-

197 2864 387 2909 graphum
403 2875 589 2898 coaevum
609 2864 723 2910 hujus
743 2864 1011 2900 instructionis
1026 2866 1192 2900 habetur
1207 2865 1245 2900 in
1260 2864 1394 2900 codiee
1410 2865 1602 2899 Ins-truci.
1622 2865 1654 2906 1,
1672 2863 1736 2899 fol.
1758 2873 1837 2909 142.

207 2923 307 2956 Huic
338 2929 587 2957 monumento
619 2923 825 2958 scribendo
856 2924 1099 2959 occasionem
1135 2923 1314 2970 praebuit
1348 2935 1486 2959 recens
1522 2923 1686 2959 mutatio
1722 2923 1841 2958 officii·

200 2982 239 3015 Ρ.
263 2981 471 3021 Victoriae,
488 2988 526 3016 et
542 2982 790 3017 difficultates
809 2988 968 3018 exortae
988 2995 1035 3017 ex
1051 2982 1165 3029 hujus
1179 2994 1267 3018 curn
1285 2982 1593 3018 moderatoribus
1610 2981 1840 3028 provinciae

202 3040 278 3073 imo
298 3047 335 3074 et
356 3041 472 3075 totius
493 3041 698 3076 Societatis
718 3041 1042 3086 dissensionibus,
1063 3053 1158 3089 quas
1183 3041 1269 3078 fuse
1295 3047 1481 3077 tractatas
1506 3041 1677 3088 reperies
1702 3041 1741 3077 in
1764 3041 1837 3077 Car
