2028 3426
505 271 636 307 INDEX
662 278 958 316 PERSONARUM,
986 278 1129 305 RERUM
1154 278 1209 305 Ac
1234 277 1433 305 LOCORUM
1665 277 1732 314 911

194 371 493 418 conceptionem
530 370 813 406 immaculatam
855 370 925 405 de-

198 430 342 475 fendit,
371 430 456 475 690,
486 429 575 476 693,
603 429 691 474 699,
724 437 815 474 701,
840 437 924 473 7zo;

196 489 326 524 crucis
350 490 497 525 Christi
520 500 653 524 amans
677 494 717 523 et
743 493 925 531 sectator,

197 547 282 595 6913
309 555 352 584 ut
382 549 559 594 Ignatius
586 559 692 583 suam
721 547 839 582 vitam
867 547 926 582 lit-

196 607 289 642 teris
326 607 502 653 mandet,
539 608 791 642 vehementer
826 606 927 641 desi-

195 665 327 712 derat,
368 667 457 711 6922
498 677 705 712 germanos
741 664 925 711 peculiari

196 728 325 763 studio
357 729 616 775 prosequitur,
643 726 813 772 693-696‚
840 726 925 771 698,

191 787 274 832 699,
301 788 384 832 716,
412 796 494 832 721,
517 795 599 832 7223
625 785 925 821 constitutiones

193 851 232 880 et
277 847 432 891 regulas
479 845 686 881 Societatis
732 845 925 880 illustrare

192 910 364 950 exoptat,
379 905 461 949 695:
480 905 619 950 Ignatii
634 904 782 939 obitum
797 902 924 949 Septi-

192 963 339 998 mancis
355 963 487 1007 rescit,
506 964 588 1009 6973
610 962 784 1008 ejusdem
807 962 925 996 virtu-

192 1028 251 1057 tes
269 1022 411 1057 imitari
431 1020 576 1067 studet,
595 1021 678 1066 698,
698 1029 780 1065 7253
809 1031 924 1066 ange-

192 1082 269 1116 lum
283 1081 485 1116 custodem
499 1081 706 1116 Societatis
715 1079 923 1126 propitium

193 1140 324 1183 habet,
354 1149 439 1186 7003
465 1139 712 1186 reliquiarum
743 1143 924 1173 contactu

190 1199 427 1242 consolatus,
453 1206 537 1242 7023
565 1197 696 1232 divino
722 1196 855 1231 favore
886 1195 924 1229 in

190 1257 397 1292 Societatis
428 1257 676 1292 tribulatione
711 1260 923 1297 recreatus,

190 1323 275 1361 704,
298 1324 382 1359 7103
409 1315 549 1350 summi
575 1314 768 1361 pontificis
794 1314 923 1348 obser-

193 1374 457 1419 vantissimus,
490 1383 573 1420 704,
609 1383 693 1418 7053
726 1373 810 1418 ejus
839 1371 924 1407 dies

189 1433 478 1477 genethliacus,
521 1442 610 1478 7173
646 1431 801 1477 collegii
835 1442 924 1465 con-

190 1492 345 1526 chensis
369 1491 604 1527 institutioni
631 1492 814 1534 interest,
839 1488 924 1533 735-

190 1547 273 1593 7373
298 1549 536 1584 Placentiam
564 1549 740 1594 veniens,
773 1547 924 1583 litteras

191 1608 294 1654 regis
313 1609 524 1655 Hispaniae
547 1608 701 1654 accipit,
728 1605 812 1652 738,
838 1604 922 1650 739,

190 1674 274 1712 754,
305 1668 389 1713 7603
419 1667 667 1712 Complutum
691 1677 733 1700 se
758 1665 922 1709 confert,

191 1726 398 1761 Araozium
425 1726 605 1771 consulit,
638 1736 707 1771 per
736 1735 825 1772 eum
856 1723 924 1758 So-

189 1784 372 1820 cietatem
403 1784 612 1819 defendere
647 1783 803 1828 satagit,
838 1781 925 1827 739-

188 1851 271 1887 7403
291 1843 388 1889 regii
413 1842 565 1878 consilii
589 1841 858 1877 auctoritatem
885 1840 923 1876 in

190 1902 398 1945 Societatis
422 1901 611 1947 regimine
637 1905 805 1944 recusat,
837 1908 921 1945 741-

188 1969 270 2009 7443
291 1960 548 2007 provinciales
567 1964 756 1994 convocat
782 1964 821 1993 et
847 1960 922 1993 col-

190 2019 334 2065 legium
364 2020 632 2064 complutense
662 2017 810 2062 invisit,
838 2017 924 2062 743-

188 2086 271 2122 7453
292 2077 513 2123 provinciae
539 2078 732 2111 toletanae
758 2076 923 2121 collegia

191 2138 342 2181 lustrat,
362 2135 543 2180 745-7463
565 2134 745 2169 Baeticae
771 2134 922 2180 provin·

189 2196 272 2231 ciae
299 2196 453 2230 Patrem
480 2195 593 2229 Plaza
621 2193 806 2240 praeficit,
838 2201 922 2241 7503

188 2266 276 2289 cum
297 2255 342 2288 P.
368 2253 534 2298 Aegidio
554 2253 751 2288 Gonzalez
770 2252 919 2296 Davila,

188 2313 383 2348 Castellae
417 2312 583 2357 collegia
602 2311 755 2355 visitat,
775 2312 813 2346 in
833 2311 923 2347 Gal-

189 2371 278 2406 liam
309 2383 352 2407 se
381 2370 559 2407 conferre
593 2370 750 2416 statuit,
777 2378 867 2414 7513
903 2382 924 2404 a
962 2377 974 2385 ⁸

195 2442 287 2476 rege
305 2430 483 2476 Philippo
501 2429 656 2475 jubetur
669 2429 799 2464 curiae
818 2440 860 2464 se
875 2428 924 2464 si-

192 2494 295 2525 stere
319 2495 359 2525 et
383 2489 589 2524 facultates
613 2488 813 2533 exhibere,
838 2496 925 2532 752-

191 2548 271 2595 753,
305 2548 486 2593 756-757;
515 2547 563 2582 ad
588 2552 846 2592 augustanum
866 2558 924 2581 re·

190 2619 344 2643 cessum
359 2619 380 2641 a
399 2607 468 2641 Pio
487 2607 521 2640 V
541 2605 718 2648 mittitur,
739 2614 804 2650 771
817 2604 923 2649 -773‚

190 2665 471 2700 haereticorum
502 2662 728 2698 insolentias
755 2668 922 2706 enarrat3

199 2722 368 2767 773-7773
384 2734 490 2757 suam
506 2733 573 2768 per
586 2721 750 2766 collegia
767 2721 924 2756 Germa-

192 2782 277 2816 niae
290 2781 577 2827 expeditionem
591 2780 764 2815 ordinate
777 2780 924 2824 scribit,

191 2839 373 2885 778-7923
408 2838 651 2873 Monachium
682 2838 809 2881 venit,
841 2846 927 2882 777-

192 2898 273 2945 778,
301 2898 383 2942 784;
413 2897 704 2943 Ingolstadium,
733 2897 816 2943 778,
844 2897 926 2944 7843

194 2959 429 3004 Augustam,
474 2957 660 3003 778-7793
708 2957 928 3002 Dilingam,

194 3015 375 3062 779-780,
401 3016 488 3060 7843
520 3015 805 3060 Vindobonam,
839 3015 925 3060 780-

1043 368 1127 413 7823
1158 370 1328 415 Magium
1364 368 1546 404 Austriae
1566 368 1780 415 provincia-

1046 431 1121 464 lem
1140 430 1351 474 renuntiat,
1373 429 1560 475 Lanojum
1586 427 1780 474 Oenipon—

1046 493 1124 523 tem
1143 488 1275 534 mittit,
1295 487 1530 534 Tyrnaviam
1556 493 1595 522 et
1622 486 1782 524 Olomu·

1047 548 1143 582 tium
1169 548 1288 593 venit,
1311 547 1482 593 pericula
1509 547 1548 583 in
1575 546 1780 581 itineribus

1045 606 1165 653 subit,
1183 605 1366 650 780-783‚
1396 605 1479 650 789,
1504 613 1586 652 7943
1615 606 1779 650 Pragam

1046 666 1230 708 excurrit,
1245 665 1452 710 collegium
1472 663 1620 709 invisit,
1640 674 1780 710 resque

1046 723 1148 759 illius
1174 724 1282 759 urbis
1311 729 1479 769 enarrat,
1497 723 1667 767 782-7843
1690 721 1780 757 inde

1044 781 1307 829 Oenipontem
1342 788 1380 816 et
1417 781 1681 828 Herbipolim‚
1712 782 1781 815 hu-

1040 839 1182 887 jusque
1200 840 1357 886 collegii
1371 839 1638 875 fundationem
1655 845 1776 886 parat,

1044 900 1219 945 784-785;
1240 900 1287 934 ad
1305 901 1514 935 rhenanam
1539 899 1778 946 provinciam

1045 963 1084 993 et
1115 958 1333 993 Flandriam
1368 957 1579 1004 accedens,
1614 957 1780 1003 collegia

1043 1016 1195 1063 Spirae,
1216 1017 1452 1062 Moguntiae,
1473 1015 1672 1062 Coloniae,
1687 1017 1780 1051 Tre-

1044 1074 1227 1120 virorum,
1245 1074 1420 1120 Lovanii,
1441 1073 1590 1119 Leodii,
1610 1073 1781 1108 Dionan-

1044 1132 1094 1179 ti,
1128 1132 1202 1167 Sti.
1232 1132 1478 1177 Audomaris,
1502 1132 1681 1177 Tornaci,
1708 1131 1774 1167 Ca-

1045 1192 1187 1227 meraci
1217 1198 1256 1227 ct
1282 1191 1405 1226 Duaci
1432 1192 1654 1237 perlustrat,
1681 1191 1781 1226 ordi-

1043 1257 1121 1294 nat,
1144 1249 1466 1285 instructionibus
1482 1255 1521 1284 et
1536 1249 1683 1295 regulis
1699 1261 1779 1284 mu-

1044 1308 1114 1351 nit,
1134 1307 1353 1342 dotationes
1372 1317 1564 1352 congruas
1583 1312 1780 1353 procurat,

1044 1366 1363 1412 temporibusque
1399 1365 1608 1400 subcisivis
1646 1371 1780 1400 eontra

1043 1425 1259 1460 haereticos
1278 1425 1342 1459 vel
1360 1423 1408 1459 de
1427 1426 1545 1459 rebus
1570 1424 1779 1459 Societatis

1044 1485 1191 1531 scribit,
1223 1484 1407 1531 786—7923
1445 1484 1686 1530 Antuerpiae
1713 1484 1763 1519 do

1044 1555 1148 1579 mum
1167 1543 1278 1579 novis
1293 1543 1477 1589 operariis
1493 1549 1532 1578 et
1549 1542 1779 1590 opportunis

1045 1603 1366 1638 instructionibus
1392 1601 1439 1637 ad
1470 1602 1664 1637 utiliorem
1689 1612 1797 1660 open

1043 1673 1123 1696 ram
1144 1660 1330 1707 proximis
1356 1659 1571 1694 navandam
1590 1659 1773 1706 disponit,

1042 1729 1184 1767 7923ex
1198 1719 1376 1755 Flandria
1390 1720 1428 1754 in
1443 1719 1608 1755 Galliam
1626 1720 1776 1763 transit,

1043 1779 1189 1826 ibique,
1209 1778 1480 1824 parisiensium
1505 1779 1696 1813 sociorum
1721 1790 1777 1812 re-

1043 1840 1116 1874 bus
1143 1836 1341 1880 ordinatis,
1371 1836 1585 1871 Virdunum
1617 1848 1659 1871 se
1690 1848 1780 1872 con-

1043 1897 1130 1939 fert,
1149 1895 1238 1930 inde
1257 1895 1553 1930 Camberiacum
1569 1900 1608 1930 et
1624 1895 1778 1940 Lugdu-

1043 1967 1134 1991 num
1165 1955 1355 2000 excurrit,
1390 1962 1459 1999 792
1473 1962 1581 1999 -7953
1616 1950 1777 1989 Romam

1043 2014 1266 2057 revertitur,
1284 2022 1367 2057 7953
1382 2012 1527 2058 gratias
1546 2013 1712 2059 principi
1731 2013 1780 2048 de

1043 2072 1154 2108 Eboli
1190 2084 1211 2107 a
1245 2071 1427 2118 pontifice
1461 2071 1655 2117 impetrat,
1693 2073 1777 2117 796-

1043 2142 1125 2178 797;
1146 2132 1261 2168 sociis
1280 2131 1474 2177 toletanis,
1495 2131 1534 2166 in
1553 2131 1677 2177 litigio
1691 2143 1778 2166 cum

1043 2191 1296 2226 dominicanis
1314 2190 1490 2224 Patribus
1506 2195 1654 2231 exorto,
1673 2201 1778 2235 prae-

1043 2251 1185 2286 claram
1213 2260 1368 2295 operam
1399 2247 1564 2292 confert,
1594 2247 1776 2293 797-813,

1044 2309 1125 2355 8183
1145 2309 1297 2343 Patrem
1313 2308 1410 2353 Spes
1426 2306 1778 2351 Caesaraugustam

1045 2367 1175 2413 mittit,
1196 2375 1279 2414 7993
1300 2366 1339 2400 in
1358 2366 1529 2400 Siciliam
1556 2367 1604 2400 ab
1629 2366 1780 2410 Ignatio

1045 2426 1228 2470 mittitur,
1272 2423 1460 2469 874-8773
1503 2424 1778 2470 Aphrodisium

1044 2490 1132 2531 post
1146 2483 1387 2528 naufragium
1405 2483 1598 2529 pervenit,
1609 2483 1779 2528 877-878;

1044 2545 1226 2581 Carolum
1252 2544 1508 2578 Pharaonium
1540 2543 1579 2578 in
1610 2543 1780 2578 Societa-

1049 2609 1126 2638 tem
1145 2608 1315 2649 cooptat,
1334 2602 1498 2646 878-881
1511 2629 1520 2638 .

1029 2688 1035 2697 .
1063 2660 1162 2705 Ejus
1176 2660 1339 2706 scripta.
1356 2660 1476 2694 Multa
1491 2671 1557 2705 pro
1573 2658 1780 2694 Societatis

1047 2718 1208 2754 historia
1233 2718 1345 2753 valde
1372 2717 1480 2752 utilia
1499 2719 1611 2753 nobis
1637 2719 1781 2764 scripta

1048 2778 1247 2824 relinquit,
1274 2785 1328 2821 V1,
1356 2785 1439 2822 vm,
1472 2786 1528 2813 ΧΗ
1560 2777 1713 2812 Scholia
1741 2776 1780 2811 in

1049 2836 1360 2879 constitutiones,
1388 2844 1428 2881 V,
1457 2844 1498 2881 X,
1523 2844 1592 2877 x11;
1621 2835 1781 2870 Medita-

1050 2895 1175 2931 tiones
1194 2895 1242 2929 de
1261 2895 1340 2929 vita
1365 2894 1522 2936 Christi,
1550 2903 1590 2939 V,
1609 2894 1780 2941 726-7283

1049 2953 1326 3001 Ephemerides
1357 2953 1565 2988 Societatis
1591 2955 1708 2998 Jesu,
1740 2963 1780 3001 νς

1051 3014 1281 3060 Apologiam
1325 3013 1599 3048 exercitiorum
1649 3018 1782 3048 contra
