2028 3426
662 212 1094 249 INSTRUCTIONES-61
1574 213 1638 257 581

18 305 22 308 .
61 323 202 370 :atque
224 314 513 371 expugnatis,
538 313 762 358 mansueti
785 327 837 356 ac
859 313 1004 369 pacati
1027 312 1182 363 simus,
1219 319 1312 354 tum
1343 312 1388 354 in
1417 308 1560 364 nobis,
1592 321 1687 355 tum

66 406 176 448 erga
199 392 326 435 alios.
351 393 416 433 Ita
438 392 532 442 fiet,
557 398 606 432 vt
629 390 805 433 animus
822 396 975 432 noster
991 388 1246 431 dominetur
1264 389 1452 432 terrenis
1470 404 1521 431 ac
1543 390 1688 432 noxiis

61 469 291 519 omnibus,
318 475 452 523 atque
474 467 747 523 imperfectis
769 464 1137 522 cogitationibus,
1169 480 1252 508 nec
1275 465 1361 507 illis
1384 480 1430 508 se
1459 466 1684 517 subiiciat,

67 546 146 588 sed
170 552 331 588 terram
356 543 607 587 viuentium
630 535 872 599 possideat.

158 620 310 663 «Beati
334 620 410 674 qui
432 621 607 675 lugent,
635 619 845 674 quoniam
870 619 952 674 ipsi
975 619 1374 662 consolabuntur.»
1411 619 1513 659 Non
1543 619 1686 659 solum

34 713 37 719 ’
64 705 252 754 peccata
274 704 426 740 nostra
449 697 704 751 lugeamus,
730 698 906 748 fratres,
932 696 1011 739 sed
1029 703 1073 738 et
1095 695 1416 750 proximorum,
1443 694 1566 736 iuxta
1588 694 1688 736 finis

64 773 208 817 nostri
231 774 465 826 rationem3
492 774 598 815 hinc
620 774 738 815 enim
758 771 1067 827 'consequetur
1088 771 1332 827 spiritualis
1349 770 1611 822 consolatio,
1638 785 1688 813 ac

60 850 280 907 gaudium
303 850 348 892 in
372 850 542 906 Spiritu
565 858 740 894 sanctO.

156 927 309 970 «Beati
333 927 409 981 qui
432 927 636 970 esuriunt
659 934 703 970 et
725 926 883 969 sitiunt
905 925 1144 977 iusticiam,
1170 925 1380 979 quoniam
1404 924 1487 979 ipsi
1511 932 1688 967 satura-

63 1004 272 1047 buntur.»
299 1004 500 1048 Salutem
524 1012 569 1046 et
591 1003 912 1059 perfectionem
937 1002 1069 1044 simul
1092 1009 1137 1046 et
1160 1008 1362 1044 nostram
1391 1009 1435 1043 et
1458 1000 1688 1056 proximo-

60 1094 180 1131 rum,
206 1081 260 1122 ad
286 1080 497 1123 maiorem
521 1080 605 1123 Dei
628 1080 817 1136 gloriam
840 1079 902 1121 ita
925 1085 1206 1134 appetamus,
1229 1093 1280 1120 ac
1299 1077 1334 1120 si
1359 1077 1488 1120 cibus
1511 1078 1548 1120 is
1570 1085 1689 1121 esset

23 1211 26 1214 Δ
63 1164 216 1199 noster
238 1163 284 1198 et
305 1164 454 1212 potus,
481 1171 570 1199 non
594 1157 736 1198 solum
762 1155 1021 1211 spiritualis,
1047 1155 1125 1198 sed
1149 1154 1392 1210 corporalis
1415 1154 1565 1207 etiam,
1598 1169 1688 1209 quo

63 1233 161 1275 loco
183 1240 228 1276 et
251 1248 350 1276 esse
373 1234 507 1276 debet
528 1241 664 1287 atque
692 1223 953 1275 existimari:
985 1239 1138 1275 noster
1160 1236 1228 1279 571
1252 1231 1325 1274 hic
1353 1231 1411 1274 sit
1437 1231 1581 1283 cibus,
1608 1246 1687 1273 no-

61 1316 153 1354 ster
176 1317 326 1366 potus,
354 1316 508 1352 nostra
531 1310 638 1352 vita:
664 1310 806 1368 pariet
827 1312 937 1353 haec
966 1309 1137 1352 esuries
1169 1309 1215 1350 in
1247 1308 1392 1360 nobis,
1428 1310 1540 1352 haec
1573 1309 1685 1362 sitis,

61 1386 306 1442 spiritualis
328 1386 417 1429 cibi
439 1394 484 1429 et
506 1394 642 1442 potus
665 1385 955 1430 refectionem
980 1400 1033 1428 ac
1054 1385 1254 1428 diuinam
1277 1385 1575 1428 saturitatem.

154 1464 307 1507 «Beati
330 1463 661 1515 misericordes,
686 1463 898 1518 quoniam
922 1462 1005 1518 ipsi
1029 1462 1382 1505 misericordiam
1405 1475 1686 1517 consequen-

59 1547 179 1583 tur.»
206 1542 303 1583 Nec
327 1540 399 1583 his
420 1540 561 1583 simus
590 1539 790 1583 contenti
819 1539 1067 1590 desideriis,
1100 1540 1179 1581 sed
1207 1539 1282 1582 illa
1310 1540 1598 1582 conferamus
1631 1539 1687 1580 ad

62 1617 393 1661 misericordiae
415 1617 603 1660 eximiae
635 1617 815 1659 virtutis
851 1616 1134 1669 exercitium3
1168 1631 1253 1660 nec
1281 1617 1512 1659 doleamus
1541 1617 1686 1658 solum

61 1695 117 1738 de
140 1694 268 1736 malis
290 1707 341 1736 ac
364 1694 562 1749 peccatis
586 1687 749 1736 nostris
771 1707 822 1735 ac
845 1692 1052 1748 proximi,
1077 1693 1157 1736 sed
1179 1693 1313 1736 etiam
1342 1693 1398 1735 de
1420 1691 1491 1735 his
1521 1693 1688 1735 habea—

21 1775 24 1782 ’
55 1784 159 1813 mus
202 1770 560 1825 compassionem
599 1769 801 1812 intimam
845 1775 981 1824 atque
1022 1770 1274 1822 efficacem,
1320 1784 1436 1824 quae
1479 1767 1688 1811 videlicet

60 1848 207 1899 faciat,
233 1854 297 1898 vt,
329 1862 420 1890 non
451 1848 595 1889 solum
624 1861 705 1902 pro
728 1846 944 1901 proximis
973 1845 1137 1888 nostris
1166 1849 1361 1897 oremus,
1388 1860 1542 1888 eorum
1571 1846 1687 1887 mala

14 1965 20 1971 ,
56 1905 272 1975 miserati',
298 1925 377 1968 sed
400 1938 482 1980 pro
505 1938 661 1967 eorum
685 1923 881 1978 peccatis
903 1930 948 1966 et
972 1922 1056 1966 alia
1085 1923 1359 1978 penitentiae
1391 1937 1525 1978 opera
1548 1921 1687 1964 facia—

59 2015 175 2054 mus,
217 2008 262 2043 et
299 2002 539 2052 bonorum,
580 2000 709 2055 siqua
746 2007 853 2042 sunt
890 1999 935 2041 in
973 1999 1105 2042 nobis
1143 1999 1188 2041 in
1222 1999 1420 2051 Christo,
1461 1999 1686 2054 proximos

57 2076 274 2119 ⁴faciamus
297 2076 554 2131 participes.
581 2075 680 2119 Fiet
702 2076 822 2118 haud
846 2075 982 2118 dubie
998 2082 1048 2117 vt
1065 2090 1091 2118 a
1108 2075 1292 2118 Christo
1303 2077 1413 2132 Jesu
1432 2075 1686 2118 misericor—

57 2153 174 2196 diam
198 2167 546 2208 consequamur,
572 2161 617 2195 et
646 2145 895 2195 sentiamus
925 2167 1106 2194 manum
1136 2152 1319 2195 Domini
1348 2152 1609 2194 adiutricem
1641 2151 1685 2193 in

56 2229 477 2285 opportunitatibus
499 2230 542 2272 in
568 2229 855 2273 necessitate.

147 2311 230 2354 572
266 2306 421 2350 «Beati
460 2307 630 2348 mundo
668 2306 819 2357 corde,
861 2305 1072 2360 quoniam
1111 2305 1196 2361 ipsi
1232 2307 1379 2348 Deum
1419 2305 1701 2348 videbunt.»'

0 2401 22 2427 η
55 2383 334 2427 Studeamus
357 2398 434 2426 cor
456 2384 676 2425 mundum
700 2384 883 2434 habere,
916 2376 1007 2425 nori
1038 2383 1183 2425 solum
1215 2397 1241 2424 a
1269 2382 1401 2437 culpa
1434 2381 1570 2433 omni,
1605 2382 1684 2423 sed

16 2446 21 2451 ⁸
55 2458 192 2501 etiam
215 2460 272 2502 ab
293 2459 415 2501 omni
437 2459 792 2515 imperfectione,
820 2466 864 2502 et
886 2458 1088 2501 actiones
1110 2466 1286 2501 nostras
1303 2472 1476 2509 omnes;
1504 2464 1548 2501 et
1570 2472 1681 2499 con-

58 2536 294 2578 tendamus
333 2550 508 2591 semper
545 2535 841 2579 intentionem
885 2534 1021 2577 animi
1063 2534 1204 2577 nostri
1246 2535 1303 2576 ad
1345 2534 1557 2575 maiorem
1597 2532 1681 2576 Dei

18 2619 29 2640 -'
55 2611 245 2666 gloriam
267 2619 311 2654 et
333 2614 567 2663 honorem,
594 2611 981 2666 plurimarumque
1004 2611 1256 2653 animarum
1286 2611 1475 2655 salutem
1500 2617 1550 2651 vet
1578 2623 1681 2664 per-

22 2727 27 2739 ,
60 2687 296 2731 sectionem
322 2687 531 2744 dirigere.
558 2687 657 2730 Fiet
686 2695 734 2729 vt
756 2689 882 2731 Deus
911 2686 1258 2730 clementissime
1287 2685 1416 2727 nobis
1438 2685 1506 2727 sui
1536 2684 1680 2726 nomi-

46 2762 127 2805 'nis
149 2778 200 2806 ac
223 2764 473 2806 diuinitatis
496 2764 803 2820 cognitionem
827 2763 1101 2818 singularem
1125 2762 1420 2817 gratificetur.

149 2840 302 2882 «Beati
324 2839 515 2894 pacifici,
541 2839 755 2894 quoniam
777 2839 856 2881 filii
886 2838 970 2881 Dei
1003 2839 1331 2880 vocabuntur.»
1369 2838 1437 2880 Ne
1471 2836 1679 2891 negliga-

34 2908 492 2974 'mussingularemst
534 2930 667 2969 quam
703 2914 960 2969 accepimus
992 2929 1018 2956 a
1049 2916 1170 2965 Deo,
1209 2911 1462 2954 vocationis
1498 2919 1679 2956 nostrae

56 2989 262 3046 gratiam;
288 3006 444 3033 sumus
468 2991 587 3035 enim
611 2990 774 3042 vocati,
801 2990 885 3033 Dei
908 2989 1125 3045 singulari
1147 2988 1442 3043 benignitate,
1469 2994 1517 3029 vt
1539 2987 1681 3031 simus
