2028 3426
700 215 1129 251 INSTRUCTloNES-61
1609 223 1675 260 441

100 315 247 373 gratia
269 316 438 359 domini
466 312 608 358 nostri
631 317 731 359 Iesu
755 315 939 368 Christi,
965 315 1041 371 qui
1063 314 1176 357 viuit
1205 322 1250 359 et
1278 322 1439 370 regnat
1467 314 1513 357 in
1541 315 1725 358 seculo-

101 407 200 435 rum
223 394 391 436 secula.
419 394 586 443 Amen„

188 469 407 525 Superior
429 468 686 520 instructio,
712 468 886 511 etiamsi
917 468 1091 524 proprie
1119 469 1175 510 ad
1206 475 1404 510 rectores
1432 468 1504 510 vel
1532 483 1725 523 praepo·

100 545 209 588 sitos
231 546 396 589 locales
419 545 623 598 attineat,
650 545 778 588 facile
801 545 964 600 poterit
981 547 1037 588 ad
1054 545 1356 600 prouinciales
1373 544 1719 587 accommodari.

92 723 176 768 2188
866 687 967 767 stis

319 842 692 880 QUEMADMODUM
726 842 782 872 SE
814 834 1005 872 G'ERERE
1037 842 1227 872 DEBEAT
1263 841 1500 871 SUPERIOR

647 919 745 949 CUM
778 904 1176 949 cONsoLromssUs

186 1011 429 1055 Contineat
453 1026 530 1055 eos
553 1011 597 1053 in
620 1012 742 1054 omni
765 1011 1021 1055 obedientia
1043 1012 1253 1054 omnibus
1276 1011 1321 1053 in
1345 1013 1497 1063 rebus,
1522 1018 1723 1066 praeter-

85 1103 230 1144 ·quam
259 1089 380 1144 quod
408 1088 548 1132 libere
569 1096 614 1132 et
636 1088 788 1132 dicent
816 1088 1031 1131 iudicium
1054 1103 1203 1140 suum,
1235 1103 1338 1131 cum
1362 1089 1418 1130 ab
1448 1087 1513 1131 eis
1535 1087 1719 1143 petitur,

67 1188 73 1194 ·
96 1173 141 1209 et
162 1165 360 1208 scribent
382 1166 439 1207 ad
461 1164 782 1220 prouincialem
805 1173 849 1208 et
871 1165 1147 1221 generalem,
1172 1165 1290 1207 sicut
1312 1179 1369 1207 ex
1386 1164 1532 1207 officio
1549 1163 1635 1206 illis
1653 1164 1723 1205 in-

94 1242 281 1293 cumbit,
307 1249 443 1297 atque
465 1242 527 1284 ita
549 1256 639 1284 non
662 1241 779 1285 sinet
802 1256 879 1285 eos
902 1242 1117 1285 maiorem
1147 1241 1231 1283 sibi
1260 1241 1513 1284 libertatem
1543 1255 1723 1284 sumere

88 1318 195 1362 >aliis
217 1319 260 1360 in
287 1319 421 1361 rebus
444 1319 503 1360 ob
526 1317 587 1371 id,
613 1319 737 1374 quod
760 1319 1042 1361 consultores
1064 1326 1188 1360 sunt.

183 1396 370 1447 Curent,
397 1402 445 1436 vt
469 1394 684 1446 officium,
710 1396 831 1449 quod
859 1402 1040 1450 gerunt,
1067 1395 1187 1436 omni
1211 1409 1266 1436 ex
1299 1401 1425 1449 parte
1457 1395 1718 1437 obseruent.

182 1472 363 1515 Nullam
385 1470 592 1514 admittat
621 1471 737 1514 inter
765 1471 863 1513 illos
891 1470 1217 1526 exceptionem,
1242 1470 1370 1525 quasi
1401 1484 1517 1512 vnus
1548 1469 1725 1512 meliori

93 1549 150 1591 sit
186 1548 352 1591 iudicio
390 1563 525 1603 quam
556 1549 684 1591 alter.
721 1547 1024 1591 Nihilominus
1054 1554 1204 1591 tamen
1234 1547 1383 1590 videat
1407 1548 1527 1602 apud
1550 1561 1614 1598 se,
1649 1545 1724 1588 cui

94 1625 238 1668 maius
256 1626 475 1669 talentum
493 1632 536 1668 et
555 1625 745 1681 gratiam
757 1627 882 1667 Deus
899 1624 1135 1680 largiatur,
1154 1631 1200 1666 vt
1214 1622 1326 1666 citra
1341 1625 1475 1666 vllam
1491 1630 1722 1665 externam

93 1701 491 1757 significationem,
538 1702 687 1756 quoad
722 1701 820 1744 eius
861 1701 959 1745 fieri
994 1700 1180 1756 poterit,
1226 1700 1323 1743 eius
1366 1699 1533 1743 auxilio
1575 1699 1733 1755 magis⁵
1783 1758 1787 1762 ἡ

94 1785 261 1821 Vtatur.
656 1763 663 1767 ‘

181 1854 435 1898 Meminerit
457 1856 594 1910 quod,
620 1855 997 1909 quemadmodum
1028 1853 1098 1898 189
1122 1848 1403 1897 consultores
1426 1854 1470 1896 in
1495 1853 1723 1897 Societate

90 1946 182 1973 non
209 1931 544 1974 constituantur
571 1932 628 1973 ad
656 1931 723 1984 id,
754 1940 802 1974 vt
830 1931 1094 1987 suffragium
1125 1932 1272 1974 ferant
1301 1930 1585 1973 definitiuum
1602 1964 1611 1982 ,
1643 1931 1723 1973 sed

83 2014 264 2050 vtantum
295 2007 615 2059 consultiuum,
647 2007 709 2050 ita
737 2015 782 2051 et
809 2007 1013 2063 superior
1039 2022 1094 2050 ex
1123 2007 1300 2050 illorum
1328 2006 1495 2050 iudicio
1523 2007 1723 2062 pendere

91 2098 180 2126 non
203 2085 352 2135 debet,
378 2085 458 2126 sed
479 2085 625 2126 lucem
642 2091 688 2127 et
705 2084 954 2127 claritatem
971 2098 1028 2126 ex
1045 2084 1222 2127 illorum
1241 2083 1476 2128 sententiis
1494 2084 1719 2138 accipere3

89 2167 246 2215 postea
267 2175 374 2204 vero
396 2174 452 2202 ex
468 2161 631 2216 seipso,
652 2160 886 2216 implorata
903 2160 1057 2203 diuina
1074 2175 1175 2215 ope,
1196 2160 1461 2204 deliberare.
1483 2160 1581 2203 Nisi
1599 2159 1721 2202 enim

89 2236 184 2291 ipse
213 2237 296 2279 sibi
327 2237 543 2288 defuerit,
575 2236 719 2279 maius
748 2236 843 2292 ipse
871 2252 988 2279 Vnus
1016 2237 1254 2289 iudicium,
1281 2251 1415 2292 quam
1447 2237 1510 2278 illi
1543 2251 1718 2288 omnes,

90 2313 224 2355 etiam
249 2313 382 2355 simul
403 2313 560 2365 iuncti,
586 2328 690 2356 cum
712 2314 799 2357 Dei
821 2313 967 2369 gratia
990 2321 1057 2358 est
1085 2314 1338 2366 habiturus,
1364 2313 1450 2356 illis
1479 2313 1659 2356 auditis.

180 2389 228 2434 Si
249 2389 464 2432 iudicium
489 2397 637 2433 tamen
660 2390 886 2446 proprium
919 2373 1066 2445 aliqiua
1095 2391 1140 2432 in
1168 2406 1217 2434 re
1245 2405 1335 2433 non
1364 2391 1567 2444 haberet,
1601 2390 1723 2444 quod

89 2467 257 2509 habere
286 2473 435 2509 tamen
467 2467 601 2510 debet
630 2481 686 2509 ex
714 2466 887 2510 ratione
915 2467 985 2509 sui
1013 2467 1147 2509 officii
1176 2475 1221 2509 et
1249 2467 1418 2522 gratia,
1451 2474 1528 2509 aut
1556 2466 1722 2508 dubius

92 2551 210 2584 esset
228 2550 328 2597 post
351 2542 527 2586 auditos
545 2544 841 2595 consultores,
862 2543 1032 2586 diutius
1049 2544 1106 2587 de
1124 2558 1170 2586 re
1188 2543 1284 2598 ipsa
1301 2543 1502 2598 cogitare
1519 2541 1717 2593 debebit,

18 2612 22 2615 ’
71 2632 230 2674 Δεεῳιθ
252 2618 395 2674 ipsum
418 2621 516 2661 Deo
537 2620 867 2671 commendare,
895 2627 1029 2675 atque
1050 2620 1112 2662 ita
1133 2634 1212 2675 per
1234 2633 1283 2661 se
1304 2619 1401 2674 ipse
1424 2619 1531 2673 quid
1554 2618 1720 2660 sentiat

94 2695 272 2737 tandem
288 2695 489 2747 definire;
510 2696 597 2747 vel,
618 2695 655 2738 si
673 2696 854 2752 proprio
871 2696 1036 2738 iudicio
1054 2695 1164 2737 nihil
1181 2695 1367 2738 definire
1385 2701 1549 2749 potest,
1571 2693 1616 2734 in
1634 2695 1720 2735 hoc

93 2771 249 2814 saltem
272 2771 437 2814 iudicio
460 2771 622 2824 valeat,
648 2780 697 2814 vt
719 2772 904 2815 definiat
932 2772 1038 2827 quid
1067 2787 1123 2816 ex
1150 2772 1203 2813 iis
1232 2771 1359 2825 sequi
1392 2770 1570 2820 debeat,
1603 2783 1720 2823 quae

30 2880 32 2882 ψ
92 2861 149 2908 ex
169 2848 508 2890 consultoribus
531 2848 721 2891 audiuit.

182 2923 251 2967 190
281 2924 332 2964 In
363 2924 589 2968 reddenda
618 2939 785 2976 rerum,
816 2939 927 2979 quas
956 2924 1195 2974 definierit,
1232 2922 1420 2974 ratione,
1461 2921 1719 2964 huiusmodi

94 2998 221 3057 quasi
250 3000 584 3044 excusationem
614 3015 671 3043 ne
698 3001 964 3056 praetendat
995 2999 1213 3055 superior:
1240 3013 1394 3041 omnes
1419 2999 1716 3050 consultores,
