2028 3426
646 260 1074 297 INSTRUc‘rroNEs-ffl
1552 270 1617 305 451

138 361 208 404 De
229 361 381 412 rebus,
408 374 524 415 quae
540 360 585 402 in
604 375 688 403 vsu
707 369 943 405 versantur
960 362 1236 417 quotidiano,
1257 368 1302 405 et
1318 361 1475 405 iuuare
1499 362 1671 417 possint

42 436 108 489 jad
129 436 488 480 aedificationem
516 436 793 492 spiritualem
823 445 868 482 et
896 438 1031 482 animi
1055 439 1292 482 honestam
1324 438 1667 482 recreationem.

140 514 210 557 De
232 514 400 566 fructu,
425 527 560 567 quem
583 513 627 556 in
650 514 853 558 oratione
875 529 957 557 sua
978 521 1290 571 perceperunt;
1315 516 1372 557 de
1392 514 1469 557 illo
1490 514 1554 557 sic
1577 529 1671 557 ser—

47 603 232 632 monem
256 589 549 641 instituendo,
582 590 708 644 quasi
741 591 796 633 de
825 591 995 635 alienae
1023 606 1239 647 personae
1266 593 1417 633 fructu
1447 599 1669 635 narretur.

140 667 210 709 De
233 665 376 721 gratia
399 673 445 709 et
466 665 675 709 instituto
697 667 956 720 Societatis;
983 669 1039 711 de
1070 667 1485 720 constitutionibus3
1517 668 1573 710 de
1603 683 1674 711 re—

47 741 192 798 :gulis3
219 743 275 785 (16
296 756 379 785 sua
402 742 654 786 vocatione.

142 821 211 861 De
241 818 312 864 his
340 827 491 862 autem
520 820 577 862 ad
602 834 757 862 eorum
789 821 1032 875 perfectam
1065 821 1427 865 obseruationem
1458 829 1598 878 agant
1631 821 1674 863 in

55 894 215 951 spiritu
237 895 519 948 humilitatis,
545 895 858 951 simplicitatis,
885 897 1169 941 obedientiae
1190 905 1326 953 atque
1353 897 1608 940 deuotionis
1631 898 1674 939 in

48 971 255 1015 Christo.

144 1050 213 1091 136
234 1049 495 1101 virtutibus,
521 1056 566 1093 et
588 1049 641 1092 iis
673 1050 949 1105 praesertim,
976 1065 1091 1105 quae
1114 1050 1324 1107 religioso
1345 1059 1452 1094 sunt
1480 1052 1679 1106 peculia-

51 1138 142 1177 ·res3
169 1127 253 1169 hae
274 1140 383 1169 vero
406 1125 478 1169 2¹3
500 1133 751 1170 tractentur
767 1141 821 1169 ex
839 1127 1113 1181 proprietate
1136 1134 1315 1171 nostrae
1332 1127 1507 1184 gratiae
1529 1136 1574 1170 et
1597 1142 1679 1170 vo-

55 1201 265 1244 cationis.

145 1280 216 1322 De
237 1278 358 1321 vitiis
381 1278 634 1332 contrariis,
659 1279 738 1322 sed
761 1279 803 1321 in
829 1279 896 1321 his
920 1295 977 1322 ne
1008 1287 1225 1322 tractetur
1246 1282 1302 1323 de
1325 1280 1460 1333 vitiis,
1487 1295 1602 1335 quae
1626 1282 1680 1323 ad

58 1368 243 1398 carnem
272 1362 496 1410 spectant.

147 1433 217 1474 136
241 1439 401 1483 morte,
427 1432 610 1484 iudicio,
637 1431 827 1483 inferno,
854 1431 1077 1487 paradiso.

148 1510 216 1550 De
241 1508 432 1553 miseriis
454 1508 628 1552 mundi.

148 1586 218 1628 De
239 1584 415 1628 iudiciis
436 1585 538 1637 Dei,
564 1592 609 1628 et
630 1585 894 1637 manifestis,
920 1592 965 1628 et
989 1586 1197 1631 occultis.

149 1663 219 1704 136
240 1661 453 1716 periculis
475 1676 650 1713 eorum,
676 1661 752 1716 qui
775 1661 820 1703 in
844 1662 997 1705 seculo
1018 1661 1194 1705 viuunt.

151 1738 219 1780 De
241 1737 483 1781 securitate
506 1752 677 1789 eorum,
704 1737 780 1792 qui
808 1737 853 1779 in
884 1738 1110 1781 Societate
1137 1739 1315 1792 viuunt;
1356 1740 1402 1782 in
1430 1740 1685 1783 humilitate

37 1806 214 1861 Qtamen
237 1814 294 1856 de
315 1813 386 1856 his
413 1822 592 1870 agatur,
624 1813 731 1856 nihil
763 1829 860 1857 eam
891 1814 989 1857 aliis
1018 1815 1314 1871 religionibus
1346 1817 1683 1872 praeponendo,

46 1890 143 1946 ⁸sed
171 1889 317 1932 viuaci
341 1897 517 1933 tantum
550 1890 725 1946 spiritu,
758 1890 855 1934 eius
884 1891 1073 1946 gratiam
1106 1907 1187 1947 per
1215 1892 1446 1935 Christum
1475 1893 1681 1949 magnifi—

62 1967 209 2009 cando
227 1966 272 2009 in
297 1968 447 2011 corde.

35 2101 37 2103 ι
155 2044 439 2099 Proponatur
466 2043 714 2086 chronicon
744 2039 1098 2087 ecclesiasticum
1126 2045 1321 2101 publice,
1347 2060 1403 2089 ex
1425 2061 1515 2101 quo
1543 2046 1686 2106 histo-

63 2119 158 2162 riae
179 2120 512 2163 ecclesiasticae
534 2120 710 2164 desumi
732 2120 920 2176 possint,
945 2121 1002 2164 de
1024 2121 1188 2175 quibus
1209 2122 1539 2177 colloquantur.

156 2196 292 2239 Liber
314 2197 621 2253 exemplorum
644 2197 751 2241 item
773 2203 1065 2253 proponatur,
1091 2213 1147 2241 ex
1167 2212 1259 2262 ⁸quo
1282 2199 1422 2254 possit
1450 2200 1584 2243 etiam
1614 2201 1689 2243 (16-

63 2273 185 2316 sumi
207 2274 263 2317 de
286 2287 376 2328 quo
400 2281 579 2329 agatur,
604 2275 683 2316 sed
706 2273 750 2315 in
772 2275 859 2316 hoc
881 2280 1030 2337 tamen
1052 2273 1166 2317 libro
1197 2275 1321 2330 prius
1349 2284 1687 2332 expungantur,

44 2362 49 2366 ·
68 2362 186 2404 quae
207 2351 514 2406 expungenda
536 2350 812 2393 videbuntur
832 2358 863 2392 ἃ.

29 2429 32 2431 ’
157 2425 232 2470 214
265 2426 398 2469 Liber
430 2426 565 2470 etiam
597 2426 914 2469 miraculorum
953 2427 1009 2469 ad
1046 2427 1234 2471 eandem
1271 2429 1489 2471 rationem
1527 2444 1693 2485 propo-

71 2508 222 2547 natur.

161 2579 230 2622 De
258 2579 470 2634 operibus
498 2579 644 2631 bonis,
678 2575 794 2634 quae
831 2587 1032 2635 aguntur
1068 2581 1139 2624 vel
1176 2582 1470 2624 conferuntur
1507 2582 1552 2624 in
1590 2596 1691 2636 pro-

75 2653 258 2697 ximum.
1280 2707 1287 2716 .

44 2723 46 2727 ’
119 2758 123 2762 .
163 2732 232 2774 De
255 2731 499 2774 virtutibus
523 2734 712 2775 Patrum
734 2747 786 2775 ac
809 2733 1012 2785 fratrum,
1039 2741 1083 2775 et
1101 2733 1310 2788 religiosa
1330 2734 1690 2785 conuersatione,

74 2807 336 2861 praesertim
359 2822 531 2861 eorum,
556 2808 632 2864 qui
654 2808 700 2851 in
722 2809 916 2851 Domino
939 2809 1180 2864 quiescunt
1208 2816 1254 2852 et
1276 2810 1542 2852 absentium.

163 2884 232 2926 De
254 2884 494 2939 euangelio
516 2884 613 2928 eius
630 2884 738 2930 diei.

147 3057 164 3074 a
212 3048 297 3083 Hoc
315 3059 477 3094 comma,
497 3050 546 3084 ab
564 3049 640 3084 illis
661 3049 790 3085 verbis
809 3051 875 3084 sed
894 3050 936 3084 in
954 3050 1041 3100 hoc,
1057 3048 1230 3084 additum
1248 3049 1451 3095 posterius.
