<?xml version="1.0" encoding="UTF-8"?>
<!DOCTYPE html PUBLIC "-//W3C//DTD XHTML 1.0 Transitional//EN"
    "http://www.w3.org/TR/xhtml1/DTD/xhtml1-transitional.dtd">
<html xmlns="http://www.w3.org/1999/xhtml" xml:lang="en" lang="en">
 <head>
  <title>
</title>
<meta http-equiv="Content-Type" content="text/html;charset=utf-8" />
  <meta name='ocr-system' content='tesseract 3.04.00' />
  <meta name='ocr-capabilities' content='ocr_page ocr_carea ocr_par ocr_line ocrx_word'/>
</head>
<body>
  <div class='ocr_page' id='page_1' title='image "./epistolaephieron11nada/epistolaephieron11nada_0725.png"; bbox 0 0 2028 3426; ppageno 0'>
   <div class='ocr_carea' id='block_1_1' title="bbox 568 234 1690 284">
    <p class='ocr_par' dir='ltr' id='par_1_1' title="bbox 568 234 1690 284">
     <span class='ocr_line' id='line_1_1' title="bbox 568 234 1690 284; baseline 0 -12"><span class='ocrx_word' id='word_1_1' title='bbox 568 234 801 272; x_wconf 82' lang='lat' dir='ltr'><strong>ORATIONIS</strong></span> <span class='ocrx_word' id='word_1_2' title='bbox 828 243 1271 280; x_wconf 74' lang='lat' dir='ltr'>OBSERVAT10NEs-7o</span> <span class='ocrx_word' id='word_1_3' title='bbox 1617 238 1690 284; x_wconf 85' lang='lat'>699</span> 
     </span>
    </p>
   </div>
   <div class='ocr_carea' id='block_1_2' title="bbox 97 335 1778 3058">
    <p class='ocr_par' dir='ltr' id='par_1_2' title="bbox 107 335 1735 544">
     <span class='ocr_line' id='line_1_2' title="bbox 107 335 1735 396; baseline 0.002 -17"><span class='ocrx_word' id='word_1_4' title='bbox 107 335 340 379; x_wconf 86' lang='lat' dir='ltr'><strong>Christum</strong></span> <span class='ocrx_word' id='word_1_5' title='bbox 371 336 669 388; x_wconf 83' lang='lat' dir='ltr'>conferretur,</span> <span class='ocrx_word' id='word_1_6' title='bbox 699 335 775 391; x_wconf 90' lang='lat' dir='ltr'>qui</span> <span class='ocrx_word' id='word_1_7' title='bbox 799 343 955 379; x_wconf 91' lang='lat' dir='ltr'>noster</span> <span class='ocrx_word' id='word_1_8' title='bbox 985 343 1052 379; x_wconf 88' lang='lat' dir='ltr'>est</span> <span class='ocrx_word' id='word_1_9' title='bbox 1075 344 1321 392; x_wconf 91' lang='lat' dir='ltr'>perpetuus</span> <span class='ocrx_word' id='word_1_10' title='bbox 1344 338 1626 394; x_wconf 89' lang='lat' dir='ltr'>praepositus</span> <span class='ocrx_word' id='word_1_11' title='bbox 1650 354 1735 396; x_wconf 42' lang='lat' dir='ltr'>ge*</span> 
     </span>
     <span class='ocr_line' id='line_1_3' title="bbox 107 402 1733 470; baseline 0.002 -16"><span class='ocrx_word' id='word_1_12' title='bbox 107 411 289 465; x_wconf 87' lang='lat' dir='ltr'>neralis,</span> <span class='ocrx_word' id='word_1_13' title='bbox 316 411 392 467; x_wconf 89' lang='lat' dir='ltr'>qui</span> <span class='ocrx_word' id='word_1_14' title='bbox 416 402 484 455; x_wconf 91' lang='lat' dir='ltr'>est</span> <span class='ocrx_word' id='word_1_15' title='bbox 505 414 632 456; x_wconf 90' lang='lat' dir='ltr'>Deus</span> <span class='ocrx_word' id='word_1_16' title='bbox 654 411 922 456; x_wconf 87' lang='lat' dir='ltr'>benedictus</span> <span class='ocrx_word' id='word_1_17' title='bbox 946 412 990 454; x_wconf 91' lang='lat' dir='ltr'>in</span> <span class='ocrx_word' id='word_1_18' title='bbox 1014 414 1181 465; x_wconf 90' lang='lat' dir='ltr'>secula,</span> <span class='ocrx_word' id='word_1_19' title='bbox 1208 420 1253 455; x_wconf 89' lang='lat' dir='ltr'>et</span> <span class='ocrx_word' id='word_1_20' title='bbox 1278 417 1330 456; x_wconf 86' lang='grc' dir='ltr'>Ρ.</span> <span class='ocrx_word' id='word_1_21' title='bbox 1358 414 1522 470; x_wconf 89' lang='lat' dir='ltr'>Ignatii</span> <span class='ocrx_word' id='word_1_22' title='bbox 1551 416 1733 458; x_wconf 87' lang='lat' dir='ltr'>humili-</span> 
     </span>
     <span class='ocr_line' id='line_1_4' title="bbox 108 488 767 544; baseline 0.002 -14"><span class='ocrx_word' id='word_1_23' title='bbox 108 495 248 531; x_wconf 81' lang='lat' dir='ltr'><strong>tatem</strong></span> <span class='ocrx_word' id='word_1_24' title='bbox 273 488 396 531; x_wconf 89' lang='lat' dir='ltr'>cordi</span> <span class='ocrx_word' id='word_1_25' title='bbox 420 488 728 544; x_wconf 89' lang='lat' dir='ltr'>infigeremus.</span> <span class='ocrx_word' id='word_1_26' title='bbox 740 523 767 531; x_wconf 93' lang='lat'>..</span> 
     </span>
    </p>

    <p class='ocr_par' dir='ltr' id='par_1_3' title="bbox 103 565 1734 851">
     <span class='ocr_line' id='line_1_5' title="bbox 195 565 1734 621; baseline 0.001 -12"><span class='ocrx_word' id='word_1_27' title='bbox 195 565 266 609; x_wconf 87' lang='grc'>173</span> <span class='ocrx_word' id='word_1_28' title='bbox 298 566 510 621; x_wconf 79' lang='lat' dir='ltr'>Angelus</span> <span class='ocrx_word' id='word_1_29' title='bbox 541 573 695 608; x_wconf 92' lang='lat' dir='ltr'>custos</span> <span class='ocrx_word' id='word_1_30' title='bbox 723 566 1004 609; x_wconf 88' lang='lat' dir='ltr'>confidenter</span> <span class='ocrx_word' id='word_1_31' title='bbox 1033 580 1085 608; x_wconf 93' lang='lat' dir='ltr'>ac</span> <span class='ocrx_word' id='word_1_32' title='bbox 1116 566 1392 610; x_wconf 77' lang='lat' dir='ltr'>familiariter</span> <span class='ocrx_word' id='word_1_33' title='bbox 1426 567 1470 608; x_wconf 91' lang='lat' dir='ltr'>in</span> <span class='ocrx_word' id='word_1_34' title='bbox 1509 568 1734 612; x_wconf 86' lang='lat' dir='ltr'>suauitate</span> 
     </span>
     <span class='ocr_line' id='line_1_6' title="bbox 104 642 1733 698; baseline 0.002 -14"><span class='ocrx_word' id='word_1_35' title='bbox 104 642 253 684; x_wconf 90' lang='lat' dir='ltr'>cordis</span> <span class='ocrx_word' id='word_1_36' title='bbox 277 656 329 684; x_wconf 90' lang='lat' dir='ltr'>ac</span> <span class='ocrx_word' id='word_1_37' title='bbox 353 643 456 685; x_wconf 92' lang='lat' dir='ltr'>luce</span> <span class='ocrx_word' id='word_1_38' title='bbox 478 642 775 693; x_wconf 90' lang='lat' dir='ltr'>inuocandus,</span> <span class='ocrx_word' id='word_1_39' title='bbox 803 642 931 696; x_wconf 82' lang='lat' dir='ltr'>quasi</span> <span class='ocrx_word' id='word_1_40' title='bbox 954 642 990 684; x_wconf 88' lang='lat' dir='ltr'>si</span> <span class='ocrx_word' id='word_1_41' title='bbox 1014 642 1167 685; x_wconf 90' lang='lat' dir='ltr'>videas</span> <span class='ocrx_word' id='word_1_42' title='bbox 1189 644 1337 685; x_wconf 89' lang='lat' dir='ltr'>Deum</span> <span class='ocrx_word' id='word_1_43' title='bbox 1363 658 1441 698; x_wconf 86' lang='lat' dir='ltr'>per</span> <span class='ocrx_word' id='word_1_44' title='bbox 1464 643 1588 685; x_wconf 89' lang='lat' dir='ltr'>illum</span> <span class='ocrx_word' id='word_1_45' title='bbox 1620 646 1733 688; x_wconf 85' lang='lat' dir='ltr'>velle</span> 
     </span>
     <span class='ocr_line' id='line_1_7' title="bbox 103 718 1733 781; baseline 0.001 -21"><span class='ocrx_word' id='word_1_46' title='bbox 103 733 186 761; x_wconf 91' lang='lat' dir='ltr'>nos</span> <span class='ocrx_word' id='word_1_47' title='bbox 216 718 390 761; x_wconf 91' lang='lat' dir='ltr'>iuuare:</span> <span class='ocrx_word' id='word_1_48' title='bbox 423 719 480 760; x_wconf 89' lang='lat' dir='ltr'>ad</span> <span class='ocrx_word' id='word_1_49' title='bbox 508 718 553 760; x_wconf 93' lang='lat' dir='ltr'>id</span> <span class='ocrx_word' id='word_1_50' title='bbox 582 719 788 781; x_wconf 88' lang='lat' dir='ltr'>conferre</span> <span class='ocrx_word' id='word_1_51' title='bbox 817 718 951 762; x_wconf 90' lang='lat' dir='ltr'>etiam</span> <span class='ocrx_word' id='word_1_52' title='bbox 980 719 1259 762; x_wconf 84' lang='lat' dir='ltr'>voluntatem</span> <span class='ocrx_word' id='word_1_53' title='bbox 1290 734 1417 762; x_wconf 88' lang='lat' dir='ltr'>suam</span> <span class='ocrx_word' id='word_1_54' title='bbox 1449 727 1584 775; x_wconf 89' lang='lat' dir='ltr'>atque</span> <span class='ocrx_word' id='word_1_55' title='bbox 1607 720 1733 763; x_wconf 82' lang='lat' dir='ltr'>auxi-</span> 
     </span>
     <span class='ocr_line' id='line_1_8' title="bbox 105 795 1149 851; baseline 0.001 -14"><span class='ocrx_word' id='word_1_56' title='bbox 105 795 230 847; x_wconf 89' lang='lat' dir='ltr'>lium,</span> <span class='ocrx_word' id='word_1_57' title='bbox 257 795 477 851; x_wconf 88' lang='lat' dir='ltr'>virginem</span> <span class='ocrx_word' id='word_1_58' title='bbox 501 800 674 846; x_wconf 64' lang='grc' dir='ltr'>θεοτόκον,</span> <span class='ocrx_word' id='word_1_59' title='bbox 699 809 751 838; x_wconf 90' lang='lat' dir='ltr'>ac</span> <span class='ocrx_word' id='word_1_60' title='bbox 773 802 953 838; x_wconf 89' lang='lat' dir='ltr'>sanctos</span> <span class='ocrx_word' id='word_1_61' title='bbox 976 810 1149 839; x_wconf 83' lang='lat' dir='ltr'>omnes.</span> 
     </span>
    </p>

    <p class='ocr_par' dir='ltr' id='par_1_4' title="bbox 99 872 1735 1235">
     <span class='ocr_line' id='line_1_9' title="bbox 193 872 1733 929; baseline 0.001 -15"><span class='ocrx_word' id='word_1_62' title='bbox 193 873 300 914; x_wconf 87' lang='lat' dir='ltr'>Erat</span> <span class='ocrx_word' id='word_1_63' title='bbox 323 872 503 927; x_wconf 88' lang='lat' dir='ltr'>quidam</span> <span class='ocrx_word' id='word_1_64' title='bbox 528 873 757 915; x_wconf 89' lang='lat' dir='ltr'>desolatus</span> <span class='ocrx_word' id='word_1_65' title='bbox 779 872 955 928; x_wconf 90' lang='lat' dir='ltr'>spiritu,</span> <span class='ocrx_word' id='word_1_66' title='bbox 983 880 1077 914; x_wconf 89' lang='lat' dir='ltr'>tum</span> <span class='ocrx_word' id='word_1_67' title='bbox 1102 873 1236 917; x_wconf 90' lang='lat' dir='ltr'>etiam</span> <span class='ocrx_word' id='word_1_68' title='bbox 1267 888 1453 929; x_wconf 88' lang='lat' dir='ltr'>corpore</span> <span class='ocrx_word' id='word_1_69' title='bbox 1483 875 1597 917; x_wconf 90' lang='lat' dir='ltr'>male</span> <span class='ocrx_word' id='word_1_70' title='bbox 1626 876 1733 916; x_wconf 77' lang='lat' dir='ltr'>afte-</span> 
     </span>
     <span class='ocr_line' id='line_1_10' title="bbox 99 948 1735 1008; baseline 0.002 -19"><span class='ocrx_word' id='word_1_71' title='bbox 99 953 232 1008; x_wconf 67' lang='lat' dir='ltr'>ictus,</span> <span class='ocrx_word' id='word_1_72' title='bbox 259 949 314 990; x_wconf 86' lang='lat' dir='ltr'>ad</span> <span class='ocrx_word' id='word_1_73' title='bbox 336 949 449 990; x_wconf 92' lang='lat' dir='ltr'>haec</span> <span class='ocrx_word' id='word_1_74' title='bbox 466 948 624 1004; x_wconf 87' lang='lat' dir='ltr'>spiritu</span> <span class='ocrx_word' id='word_1_75' title='bbox 644 948 903 992; x_wconf 79' lang='lat' dir='ltr'>tentationis</span> <span class='ocrx_word' id='word_1_76' title='bbox 921 949 1221 1004; x_wconf 85' lang='lat' dir='ltr'>affligebatur.</span> <span class='ocrx_word' id='word_1_77' title='bbox 1243 950 1318 992; x_wconf 82' lang='lat' dir='ltr'>Ad</span> <span class='ocrx_word' id='word_1_78' title='bbox 1336 950 1565 993; x_wconf 81' lang='lat' dir='ltr'>Christum</span> <span class='ocrx_word' id='word_1_79' title='bbox 1579 953 1735 1007; x_wconf 79' lang='lat' dir='ltr'>Jesum</span> 
     </span>
     <span class='ocr_line' id='line_1_11' title="bbox 115 1024 1734 1082; baseline 0.002 -15"><span class='ocrx_word' id='word_1_80' title='bbox 115 1040 144 1066; x_wconf 90' lang='lat' dir='ltr'>n</span> <span class='ocrx_word' id='word_1_81' title='bbox 167 1024 414 1068; x_wconf 87' lang='lat' dir='ltr'>afflictione</span> <span class='ocrx_word' id='word_1_82' title='bbox 439 1024 586 1067; x_wconf 90' lang='lat' dir='ltr'>cordis</span> <span class='ocrx_word' id='word_1_83' title='bbox 609 1025 816 1081; x_wconf 83' lang='lat' dir='ltr'>confugit</span> <span class='ocrx_word' id='word_1_84' title='bbox 839 1025 883 1067; x_wconf 92' lang='lat' dir='ltr'>in</span> <span class='ocrx_word' id='word_1_85' title='bbox 912 1025 1130 1070; x_wconf 87' lang='lat' dir='ltr'>oratione:</span> <span class='ocrx_word' id='word_1_86' title='bbox 1164 1026 1291 1068; x_wconf 88' lang='lat' dir='ltr'>affuit</span> <span class='ocrx_word' id='word_1_87' title='bbox 1322 1026 1467 1082; x_wconf 90' lang='lat' dir='ltr'>gratia</span> <span class='ocrx_word' id='word_1_88' title='bbox 1500 1035 1544 1070; x_wconf 82' lang='lat' dir='ltr'>et</span> <span class='ocrx_word' id='word_1_89' title='bbox 1574 1028 1651 1069; x_wconf 80' lang='lat' dir='ltr'>lux</span> <span class='ocrx_word' id='word_1_90' title='bbox 1677 1040 1734 1070; x_wconf 76' lang='lat' dir='ltr'>’ex</span> 
     </span>
     <span class='ocr_line' id='line_1_12' title="bbox 105 1101 1731 1158; baseline 0.003 -16"><span class='ocrx_word' id='word_1_91' title='bbox 105 1102 238 1143; x_wconf 91' lang='lat' dir='ltr'>corde</span> <span class='ocrx_word' id='word_1_92' title='bbox 262 1101 454 1143; x_wconf 88' lang='lat' dir='ltr'>animam</span> <span class='ocrx_word' id='word_1_93' title='bbox 479 1103 754 1155; x_wconf 87' lang='lat' dir='ltr'>confortans,</span> <span class='ocrx_word' id='word_1_94' title='bbox 780 1102 824 1145; x_wconf 91' lang='lat' dir='ltr'>in</span> <span class='ocrx_word' id='word_1_95' title='bbox 847 1117 936 1157; x_wconf 93' lang='lat' dir='ltr'>qua</span> <span class='ocrx_word' id='word_1_96' title='bbox 959 1102 1104 1158; x_wconf 89' lang='lat' dir='ltr'>gratia</span> <span class='ocrx_word' id='word_1_97' title='bbox 1128 1105 1343 1147; x_wconf 77' lang='lat' dir='ltr'>tenebrae</span> <span class='ocrx_word' id='word_1_98' title='bbox 1363 1104 1622 1147; x_wconf 83' lang='lat' dir='ltr'>tentationis</span> <span class='ocrx_word' id='word_1_99' title='bbox 1639 1105 1731 1147; x_wconf 78' lang='lat' dir='ltr'>dis-</span> 
     </span>
     <span class='ocr_line' id='line_1_13' title="bbox 104 1177 1571 1235; baseline 0.002 -15"><span class='ocrx_word' id='word_1_100' title='bbox 104 1177 382 1234; x_wconf 87' lang='lat' dir='ltr'>sipabantur,</span> <span class='ocrx_word' id='word_1_101' title='bbox 407 1180 681 1233; x_wconf 83' lang='lat' dir='ltr'>sequebatur</span> <span class='ocrx_word' id='word_1_102' title='bbox 704 1194 813 1222; x_wconf 91' lang='lat' dir='ltr'>vero</span> <span class='ocrx_word' id='word_1_103' title='bbox 835 1179 1018 1222; x_wconf 86' lang='lat' dir='ltr'>libertas</span> <span class='ocrx_word' id='word_1_104' title='bbox 1040 1179 1224 1235; x_wconf 88' lang='lat' dir='ltr'>spiritus</span> <span class='ocrx_word' id='word_1_105' title='bbox 1247 1195 1299 1222; x_wconf 93' lang='lat' dir='ltr'>ac</span> <span class='ocrx_word' id='word_1_106' title='bbox 1322 1181 1571 1225; x_wconf 83' lang='lat' dir='ltr'>dulcedo...</span> 
     </span>
    </p>

    <p class='ocr_par' dir='ltr' id='par_1_5' title="bbox 102 1255 1730 1389">
     <span class='ocr_line' id='line_1_14' title="bbox 192 1255 1730 1313; baseline 0.001 -15"><span class='ocrx_word' id='word_1_107' title='bbox 192 1255 267 1298; x_wconf 86' lang='grc'>174</span> <span class='ocrx_word' id='word_1_108' title='bbox 290 1255 560 1309; x_wconf 89' lang='lat' dir='ltr'>Sequendus</span> <span class='ocrx_word' id='word_1_109' title='bbox 579 1263 731 1298; x_wconf 89' lang='lat' dir='ltr'>custos</span> <span class='ocrx_word' id='word_1_110' title='bbox 749 1257 957 1312; x_wconf 84' lang='lat' dir='ltr'>angelus,</span> <span class='ocrx_word' id='word_1_111' title='bbox 981 1256 1107 1312; x_wconf 89' lang='lat' dir='ltr'>quasi</span> <span class='ocrx_word' id='word_1_112' title='bbox 1131 1257 1168 1299; x_wconf 87' lang='lat' dir='ltr'>si</span> <span class='ocrx_word' id='word_1_113' title='bbox 1181 1272 1292 1312; x_wconf 88' lang='lat' dir='ltr'>puer</span> <span class='ocrx_word' id='word_1_114' title='bbox 1311 1257 1508 1312; x_wconf 88' lang='lat' dir='ltr'>timidus,</span> <span class='ocrx_word' id='word_1_115' title='bbox 1530 1257 1730 1313; x_wconf 89' lang='lat' dir='ltr'>trepidus</span> 
     </span>
     <span class='ocr_line' id='line_1_15' title="bbox 102 1330 1666 1389; baseline 0.002 -16"><span class='ocrx_word' id='word_1_116' title='bbox 102 1337 237 1386; x_wconf 88' lang='lat' dir='ltr'>atque</span> <span class='ocrx_word' id='word_1_117' title='bbox 259 1330 516 1383; x_wconf 87' lang='lat' dir='ltr'>imbecillis,</span> <span class='ocrx_word' id='word_1_118' title='bbox 542 1339 757 1387; x_wconf 89' lang='lat' dir='ltr'>sequatur</span> <span class='ocrx_word' id='word_1_119' title='bbox 786 1333 1125 1388; x_wconf 79' lang='lat' dir='ltr'>magnanimum</span> <span class='ocrx_word' id='word_1_120' title='bbox 1149 1335 1386 1388; x_wconf 87' lang='lat' dir='ltr'>quemdam</span> <span class='ocrx_word' id='word_1_121' title='bbox 1416 1334 1666 1389; x_wconf 84' lang='lat' dir='ltr'>gigantem.</span> 
     </span>
    </p>

    <p class='ocr_par' dir='ltr' id='par_1_6' title="bbox 98 1407 1778 2001">
     <span class='ocr_line' id='line_1_16' title="bbox 191 1407 1778 1464; baseline 0.003 -15"><span class='ocrx_word' id='word_1_122' title='bbox 191 1407 283 1463; x_wconf 70' lang='lat' dir='ltr'>Qui</span> <span class='ocrx_word' id='word_1_123' title='bbox 306 1408 350 1449; x_wconf 90' lang='lat' dir='ltr'>in</span> <span class='ocrx_word' id='word_1_124' title='bbox 374 1423 628 1464; x_wconf 82' lang='lat' dir='ltr'>congressu</span> <span class='ocrx_word' id='word_1_125' title='bbox 650 1423 702 1451; x_wconf 92' lang='lat' dir='ltr'>ac</span> <span class='ocrx_word' id='word_1_126' title='bbox 731 1409 966 1464; x_wconf 88' lang='lat' dir='ltr'>colloquiis</span> <span class='ocrx_word' id='word_1_127' title='bbox 994 1417 1090 1452; x_wconf 90' lang='lat' dir='ltr'>erat</span> <span class='ocrx_word' id='word_1_128' title='bbox 1120 1417 1284 1453; x_wconf 91' lang='lat' dir='ltr'>natura</span> <span class='ocrx_word' id='word_1_129' title='bbox 1318 1425 1369 1453; x_wconf 93' lang='lat' dir='ltr'>ac</span> <span class='ocrx_word' id='word_1_130' title='bbox 1400 1411 1728 1454; x_wconf 87' lang='lat' dir='ltr'>consuetudine</span> <span class='ocrx_word' id='word_1_131' title='bbox 1775 1417 1778 1419; x_wconf 82' lang='grc'><strong>’</strong></span> 
     </span>
     <span class='ocr_line' id='line_1_17' title="bbox 101 1483 1724 1542; baseline 0.003 -18"><span class='ocrx_word' id='word_1_132' title='bbox 101 1483 306 1527; x_wconf 90' lang='lat' dir='ltr'>insuauis</span> <span class='ocrx_word' id='word_1_133' title='bbox 327 1499 379 1527; x_wconf 93' lang='lat' dir='ltr'>ac</span> <span class='ocrx_word' id='word_1_134' title='bbox 402 1486 634 1538; x_wconf 82' lang='lat' dir='ltr'>molestus,</span> <span class='ocrx_word' id='word_1_135' title='bbox 658 1486 768 1527; x_wconf 89' lang='lat' dir='ltr'>nihil</span> <span class='ocrx_word' id='word_1_136' title='bbox 792 1487 964 1529; x_wconf 91' lang='lat' dir='ltr'>habens</span> <span class='ocrx_word' id='word_1_137' title='bbox 985 1486 1112 1542; x_wconf 90' lang='lat' dir='ltr'>pensi</span> <span class='ocrx_word' id='word_1_138' title='bbox 1135 1486 1172 1529; x_wconf 92' lang='lat' dir='ltr'>si</span> <span class='ocrx_word' id='word_1_139' title='bbox 1196 1487 1308 1529; x_wconf 91' lang='lat' dir='ltr'>alios</span> <span class='ocrx_word' id='word_1_140' title='bbox 1331 1488 1484 1531; x_wconf 88' lang='lat' dir='ltr'>dolore</span> <span class='ocrx_word' id='word_1_141' title='bbox 1507 1488 1724 1540; x_wconf 86' lang='lat' dir='ltr'>afficeret,</span> 
     </span>
     <span class='ocr_line' id='line_1_18' title="bbox 104 1561 1729 1617; baseline 0.003 -14"><span class='ocrx_word' id='word_1_142' title='bbox 104 1567 240 1615; x_wconf 91' lang='lat' dir='ltr'>atque</span> <span class='ocrx_word' id='word_1_143' title='bbox 261 1562 374 1604; x_wconf 92' lang='lat' dir='ltr'>adeo</span> <span class='ocrx_word' id='word_1_144' title='bbox 397 1561 458 1615; x_wconf 86' lang='lat' dir='ltr'>id,</span> <span class='ocrx_word' id='word_1_145' title='bbox 485 1561 636 1604; x_wconf 89' lang='lat' dir='ltr'>nescio</span> <span class='ocrx_word' id='word_1_146' title='bbox 659 1577 749 1617; x_wconf 89' lang='lat' dir='ltr'>quo</span> <span class='ocrx_word' id='word_1_147' title='bbox 772 1577 939 1614; x_wconf 84' lang='lat' dir='ltr'>errore,</span> <span class='ocrx_word' id='word_1_148' title='bbox 963 1563 1069 1606; x_wconf 91' lang='lat' dir='ltr'>boni</span> <span class='ocrx_word' id='word_1_149' title='bbox 1093 1564 1376 1615; x_wconf 85' lang='lat' dir='ltr'>consulebat,</span> <span class='ocrx_word' id='word_1_150' title='bbox 1404 1564 1551 1607; x_wconf 89' lang='lat' dir='ltr'>orauit</span> <span class='ocrx_word' id='word_1_151' title='bbox 1579 1564 1729 1608; x_wconf 91' lang='lat' dir='ltr'>inten-</span> 
     </span>
     <span class='ocr_line' id='line_1_19' title="bbox 103 1638 1726 1696; baseline 0.002 -16"><span class='ocrx_word' id='word_1_152' title='bbox 103 1638 191 1680; x_wconf 91' lang='lat' dir='ltr'>tius</span> <span class='ocrx_word' id='word_1_153' title='bbox 213 1640 273 1682; x_wconf 87' lang='lat' dir='ltr'>D.</span> <span class='ocrx_word' id='word_1_154' title='bbox 299 1639 545 1694; x_wconf 68' lang='lat' dir='ltr'>Agafflam,</span> <span class='ocrx_word' id='word_1_155' title='bbox 567 1646 614 1681; x_wconf 79' lang='lat' dir='ltr'>vt</span> <span class='ocrx_word' id='word_1_156' title='bbox 636 1640 805 1682; x_wconf 90' lang='lat' dir='ltr'>donum</span> <span class='ocrx_word' id='word_1_157' title='bbox 827 1640 1078 1682; x_wconf 88' lang='lat' dir='ltr'>contrariae</span> <span class='ocrx_word' id='word_1_158' title='bbox 1102 1640 1282 1683; x_wconf 88' lang='lat' dir='ltr'>virtutis</span> <span class='ocrx_word' id='word_1_159' title='bbox 1305 1641 1389 1683; x_wconf 89' lang='lat' dir='ltr'>sibi</span> <span class='ocrx_word' id='word_1_160' title='bbox 1413 1656 1437 1682; x_wconf 90' lang='lat' dir='ltr'>a</span> <span class='ocrx_word' id='word_1_161' title='bbox 1463 1642 1561 1684; x_wconf 92' lang='lat' dir='ltr'>Deo</span> <span class='ocrx_word' id='word_1_162' title='bbox 1584 1641 1726 1696; x_wconf 88' lang='lat' dir='ltr'>impe-</span> 
     </span>
     <span class='ocr_line' id='line_1_20' title="bbox 100 1715 1766 1772; baseline 0.002 -17"><span class='ocrx_word' id='word_1_163' title='bbox 100 1721 256 1758; x_wconf 88' lang='lat' dir='ltr'>traret:</span> <span class='ocrx_word' id='word_1_164' title='bbox 283 1715 425 1757; x_wconf 89' lang='lat' dir='ltr'>sensit</span> <span class='ocrx_word' id='word_1_165' title='bbox 452 1715 643 1771; x_wconf 88' lang='lat' dir='ltr'>gratiam</span> <span class='ocrx_word' id='word_1_166' title='bbox 675 1731 727 1758; x_wconf 83' lang='lat' dir='ltr'>ac</span> <span class='ocrx_word' id='word_1_167' title='bbox 756 1716 1039 1759; x_wconf 88' lang='lat' dir='ltr'>dulcedinem</span> <span class='ocrx_word' id='word_1_168' title='bbox 1070 1717 1270 1772; x_wconf 88' lang='lat' dir='ltr'>spiritus,</span> <span class='ocrx_word' id='word_1_169' title='bbox 1296 1725 1342 1759; x_wconf 87' lang='lat' dir='ltr'>vt</span> <span class='ocrx_word' id='word_1_170' title='bbox 1374 1725 1466 1760; x_wconf 90' lang='lat' dir='ltr'>tota</span> <span class='ocrx_word' id='word_1_171' title='bbox 1495 1717 1569 1759; x_wconf 91' lang='lat' dir='ltr'>illa</span> <span class='ocrx_word' id='word_1_172' title='bbox 1593 1718 1730 1759; x_wconf 90' lang='lat' dir='ltr'>animi</span> <span class='ocrx_word' id='word_1_173' title='bbox 1762 1751 1766 1755; x_wconf 83' lang='lat'>.</span> 
     </span>
     <span class='ocr_line' id='line_1_21' title="bbox 99 1791 1725 1853; baseline 0.001 -20"><span class='ocrx_word' id='word_1_174' title='bbox 99 1791 340 1847; x_wconf 84' lang='lat' dir='ltr'>propensio</span> <span class='ocrx_word' id='word_1_175' title='bbox 371 1806 422 1834; x_wconf 92' lang='lat' dir='ltr'>ac</span> <span class='ocrx_word' id='word_1_176' title='bbox 451 1793 659 1835; x_wconf 87' lang='lat' dir='ltr'>voluntas</span> <span class='ocrx_word' id='word_1_177' title='bbox 682 1792 894 1836; x_wconf 76' lang='lat' dir='ltr'>fu¹75erit</span> <span class='ocrx_word' id='word_1_178' title='bbox 924 1793 986 1835; x_wconf 92' lang='lat' dir='ltr'>illi</span> <span class='ocrx_word' id='word_1_179' title='bbox 1015 1793 1265 1853; x_wconf 87' lang='lat' dir='ltr'>immutata,</span> <span class='ocrx_word' id='word_1_180' title='bbox 1291 1801 1339 1835; x_wconf 91' lang='lat' dir='ltr'>vt</span> <span class='ocrx_word' id='word_1_181' title='bbox 1363 1795 1418 1836; x_wconf 89' lang='lat' dir='ltr'>ab</span> <span class='ocrx_word' id='word_1_182' title='bbox 1448 1794 1520 1836; x_wconf 90' lang='lat' dir='ltr'>illa</span> <span class='ocrx_word' id='word_1_183' title='bbox 1549 1794 1725 1837; x_wconf 89' lang='lat' dir='ltr'>acerbi-</span> 
     </span>
     <span class='ocr_line' id='line_1_22' title="bbox 101 1869 1726 1924; baseline 0.001 -14"><span class='ocrx_word' id='word_1_184' title='bbox 101 1875 192 1912; x_wconf 92' lang='lat' dir='ltr'>tate</span> <span class='ocrx_word' id='word_1_185' title='bbox 210 1875 332 1911; x_wconf 90' lang='lat' dir='ltr'>totus</span> <span class='ocrx_word' id='word_1_186' title='bbox 350 1869 524 1924; x_wconf 89' lang='lat' dir='ltr'>placide</span> <span class='ocrx_word' id='word_1_187' title='bbox 542 1870 712 1912; x_wconf 91' lang='lat' dir='ltr'>feratur</span> <span class='ocrx_word' id='word_1_188' title='bbox 728 1869 773 1911; x_wconf 90' lang='lat' dir='ltr'>in</span> <span class='ocrx_word' id='word_1_189' title='bbox 792 1869 1100 1913; x_wconf 88' lang='lat' dir='ltr'>affabilitatem</span> <span class='ocrx_word' id='word_1_190' title='bbox 1119 1884 1173 1912; x_wconf 92' lang='lat' dir='ltr'>ac</span> <span class='ocrx_word' id='word_1_191' title='bbox 1192 1870 1481 1923; x_wconf 86' lang='lat' dir='ltr'>suauitatem,</span> <span class='ocrx_word' id='word_1_192' title='bbox 1502 1871 1546 1912; x_wconf 90' lang='lat' dir='ltr'>in</span> <span class='ocrx_word' id='word_1_193' title='bbox 1570 1871 1726 1913; x_wconf 86' lang='lat' dir='ltr'>eadem</span> 
     </span>
     <span class='ocr_line' id='line_1_23' title="bbox 98 1945 1067 2001; baseline 0.003 -15"><span class='ocrx_word' id='word_1_194' title='bbox 98 1952 249 1988; x_wconf 91' lang='lat' dir='ltr'>tamen</span> <span class='ocrx_word' id='word_1_195' title='bbox 273 1945 458 2001; x_wconf 91' lang='lat' dir='ltr'>spiritus</span> <span class='ocrx_word' id='word_1_196' title='bbox 479 1945 686 1988; x_wconf 88' lang='lat' dir='ltr'>libertate</span> <span class='ocrx_word' id='word_1_197' title='bbox 709 1960 762 1988; x_wconf 92' lang='lat' dir='ltr'>ac</span> <span class='ocrx_word' id='word_1_198' title='bbox 786 1946 1067 1990; x_wconf 89' lang='lat' dir='ltr'>suauitate...</span> 
     </span>
    </p>

    <p class='ocr_par' dir='ltr' id='par_1_7' title="bbox 97 2021 1726 2676">
     <span class='ocr_line' id='line_1_24' title="bbox 185 2021 1724 2077; baseline 0.001 -13"><span class='ocrx_word' id='word_1_199' title='bbox 185 2021 381 2077; x_wconf 74' lang='lat' dir='ltr'>Quidam</span> <span class='ocrx_word' id='word_1_200' title='bbox 406 2023 450 2064; x_wconf 88' lang='lat' dir='ltr'>in</span> <span class='ocrx_word' id='word_1_201' title='bbox 474 2037 527 2066; x_wconf 93' lang='lat' dir='ltr'>eo</span> <span class='ocrx_word' id='word_1_202' title='bbox 549 2029 645 2066; x_wconf 88' lang='lat' dir='ltr'>erat</span> <span class='ocrx_word' id='word_1_203' title='bbox 667 2030 806 2075; x_wconf 89' lang='lat' dir='ltr'>totus,</span> <span class='ocrx_word' id='word_1_204' title='bbox 833 2030 880 2065; x_wconf 91' lang='lat' dir='ltr'>vt</span> <span class='ocrx_word' id='word_1_205' title='bbox 902 2023 1222 2068; x_wconf 87' lang='lat' dir='ltr'>subueniretur</span> <span class='ocrx_word' id='word_1_206' title='bbox 1241 2023 1531 2075; x_wconf 85' lang='lat' dir='ltr'>Germaniae,</span> <span class='ocrx_word' id='word_1_207' title='bbox 1552 2031 1598 2065; x_wconf 93' lang='lat' dir='ltr'>et</span> <span class='ocrx_word' id='word_1_208' title='bbox 1616 2024 1724 2065; x_wconf 88' lang='lat' dir='ltr'>mis-</span> 
     </span>
     <span class='ocr_line' id='line_1_25' title="bbox 98 2093 1726 2156; baseline 0.001 -16"><span class='ocrx_word' id='word_1_209' title='bbox 98 2113 193 2140; x_wconf 93' lang='lat' dir='ltr'>sam</span> <span class='ocrx_word' id='word_1_210' title='bbox 217 2113 271 2141; x_wconf 94' lang='lat' dir='ltr'>eo</span> <span class='ocrx_word' id='word_1_211' title='bbox 293 2098 536 2155; x_wconf 88' lang='lat' dir='ltr'>dirigebat:</span> <span class='ocrx_word' id='word_1_212' title='bbox 578 2098 719 2143; x_wconf 89' lang='lat' dir='ltr'>sensit</span> <span class='ocrx_word' id='word_1_213' title='bbox 747 2099 791 2141; x_wconf 91' lang='lat' dir='ltr'>in</span> <span class='ocrx_word' id='word_1_214' title='bbox 828 2100 1049 2156; x_wconf 89' lang='lat' dir='ltr'>principio</span> <span class='ocrx_word' id='word_1_215' title='bbox 1080 2093 1243 2143; x_wconf 88' lang='lat' dir='ltr'>missae</span> <span class='ocrx_word' id='word_1_216' title='bbox 1272 2108 1316 2143; x_wconf 87' lang='lat' dir='ltr'>et</span> <span class='ocrx_word' id='word_1_217' title='bbox 1356 2101 1448 2144; x_wconf 86' lang='lat' dir='ltr'>fere</span> <span class='ocrx_word' id='word_1_218' title='bbox 1477 2114 1557 2156; x_wconf 89' lang='lat' dir='ltr'>per</span> <span class='ocrx_word' id='word_1_219' title='bbox 1586 2107 1726 2143; x_wconf 89' lang='lat' dir='ltr'>totam</span> 
     </span>
     <span class='ocr_line' id='line_1_26' title="bbox 97 2175 1726 2232; baseline 0.001 -15"><span class='ocrx_word' id='word_1_220' title='bbox 97 2175 278 2218; x_wconf 92' lang='lat' dir='ltr'>missam</span> <span class='ocrx_word' id='word_1_221' title='bbox 302 2177 424 2230; x_wconf 89' lang='lat' dir='ltr'>quod</span> <span class='ocrx_word' id='word_1_222' title='bbox 446 2178 590 2231; x_wconf 90' lang='lat' dir='ltr'>Xpus.</span> <span class='ocrx_word' id='word_1_223' title='bbox 612 2175 709 2231; x_wconf 89' lang='lat' dir='ltr'>ipse</span> <span class='ocrx_word' id='word_1_224' title='bbox 730 2176 924 2231; x_wconf 89' lang='lat' dir='ltr'>praeiret</span> <span class='ocrx_word' id='word_1_225' title='bbox 946 2176 1009 2218; x_wconf 90' lang='lat' dir='ltr'>illi</span> <span class='ocrx_word' id='word_1_226' title='bbox 1026 2177 1158 2219; x_wconf 89' lang='lat' dir='ltr'>simul</span> <span class='ocrx_word' id='word_1_227' title='bbox 1180 2177 1227 2219; x_wconf 90' lang='lat' dir='ltr'>in</span> <span class='ocrx_word' id='word_1_228' title='bbox 1244 2176 1462 2228; x_wconf 89' lang='lat' dir='ltr'>oratione,</span> <span class='ocrx_word' id='word_1_229' title='bbox 1484 2184 1529 2219; x_wconf 90' lang='lat' dir='ltr'>et</span> <span class='ocrx_word' id='word_1_230' title='bbox 1546 2191 1726 2232; x_wconf 80' lang='lat' dir='ltr'>preser—</span> 
     </span>
     <span class='ocr_line' id='line_1_27' title="bbox 99 2251 1701 2307; baseline 0.001 -15"><span class='ocrx_word' id='word_1_231' title='bbox 99 2251 178 2292; x_wconf 90' lang='lat' dir='ltr'>tim</span> <span class='ocrx_word' id='word_1_232' title='bbox 202 2251 246 2293; x_wconf 90' lang='lat' dir='ltr'>in</span> <span class='ocrx_word' id='word_1_233' title='bbox 271 2251 473 2295; x_wconf 88' lang='lat' dir='ltr'>oratione</span> <span class='ocrx_word' id='word_1_234' title='bbox 496 2251 722 2295; x_wconf 88' lang='lat' dir='ltr'>dominica</span> <span class='ocrx_word' id='word_1_235' title='bbox 749 2259 793 2295; x_wconf 91' lang='lat' dir='ltr'>et</span> <span class='ocrx_word' id='word_1_236' title='bbox 820 2252 1057 2305; x_wconf 86' lang='lat' dir='ltr'>sacrificio,</span> <span class='ocrx_word' id='word_1_237' title='bbox 1085 2253 1215 2307; x_wconf 89' lang='lat' dir='ltr'>quasi</span> <span class='ocrx_word' id='word_1_238' title='bbox 1243 2253 1469 2295; x_wconf 87' lang='lat' dir='ltr'>infirmum</span> <span class='ocrx_word' id='word_1_239' title='bbox 1500 2269 1548 2297; x_wconf 92' lang='lat' dir='ltr'>se</span> <span class='ocrx_word' id='word_1_240' title='bbox 1573 2261 1616 2297; x_wconf 93' lang='lat' dir='ltr'>et</span> <span class='ocrx_word' id='word_1_241' title='bbox 1645 2254 1701 2295; x_wconf 91' lang='lat' dir='ltr'>de</span> 
     </span>
     <span class='ocr_line' id='line_1_28' title="bbox 97 2328 1726 2386; baseline 0.001 -16"><span class='ocrx_word' id='word_1_242' title='bbox 97 2334 321 2383; x_wconf 89' lang='lat' dir='ltr'>spectum,</span> <span class='ocrx_word' id='word_1_243' title='bbox 347 2336 392 2372; x_wconf 89' lang='lat' dir='ltr'>et</span> <span class='ocrx_word' id='word_1_244' title='bbox 416 2328 545 2383; x_wconf 91' lang='lat' dir='ltr'>quasi</span> <span class='ocrx_word' id='word_1_245' title='bbox 566 2329 811 2384; x_wconf 86' lang='lat' dir='ltr'>patientem</span> <span class='ocrx_word' id='word_1_246' title='bbox 836 2330 1080 2386; x_wconf 75' lang='lat' dir='ltr'>ostendens</span> <span class='ocrx_word' id='word_1_247' title='bbox 1101 2329 1242 2372; x_wconf 84' lang='lat' dir='ltr'>Patri.</span> <span class='ocrx_word' id='word_1_248' title='bbox 1265 2329 1417 2374; x_wconf 88' lang='lat' dir='ltr'>Sensit</span> <span class='ocrx_word' id='word_1_249' title='bbox 1435 2329 1541 2371; x_wconf 89' lang='lat' dir='ltr'>item</span> <span class='ocrx_word' id='word_1_250' title='bbox 1560 2331 1726 2373; x_wconf 87' lang='lat' dir='ltr'>selecte</span> 
     </span>
     <span class='ocr_line' id='line_1_29' title="bbox 97 2404 1721 2461; baseline 0.001 -16"><span class='ocrx_word' id='word_1_251' title='bbox 97 2404 285 2459; x_wconf 90' lang='lat' dir='ltr'>gloriam</span> <span class='ocrx_word' id='word_1_252' title='bbox 308 2404 393 2448; x_wconf 88' lang='lat' dir='ltr'>Dei</span> <span class='ocrx_word' id='word_1_253' title='bbox 415 2420 574 2461; x_wconf 90' lang='lat' dir='ltr'>puram</span> <span class='ocrx_word' id='word_1_254' title='bbox 596 2405 642 2447; x_wconf 91' lang='lat' dir='ltr'>in</span> <span class='ocrx_word' id='word_1_255' title='bbox 665 2405 928 2459; x_wconf 87' lang='lat' dir='ltr'>Germania,</span> <span class='ocrx_word' id='word_1_256' title='bbox 953 2412 999 2448; x_wconf 92' lang='lat' dir='ltr'>et</span> <span class='ocrx_word' id='word_1_257' title='bbox 1021 2419 1137 2460; x_wconf 94' lang='lat' dir='ltr'>quae</span> <span class='ocrx_word' id='word_1_258' title='bbox 1169 2419 1281 2461; x_wconf 89' lang='lat' dir='ltr'>pure</span> <span class='ocrx_word' id='word_1_259' title='bbox 1311 2413 1379 2449; x_wconf 89' lang='lat' dir='ltr'>est</span> <span class='ocrx_word' id='word_1_260' title='bbox 1408 2405 1721 2455; x_wconf 84' lang='lat' dir='ltr'>desideranda,</span> 
     </span>
     <span class='ocr_line' id='line_1_30' title="bbox 97 2480 1723 2536; baseline -0.001 -14"><span class='ocrx_word' id='word_1_261' title='bbox 97 2480 142 2522; x_wconf 91' lang='lat' dir='ltr'>in</span> <span class='ocrx_word' id='word_1_262' title='bbox 178 2481 404 2525; x_wconf 88' lang='lat' dir='ltr'>suauitate</span> <span class='ocrx_word' id='word_1_263' title='bbox 432 2482 624 2536; x_wconf 90' lang='lat' dir='ltr'>quadam</span> <span class='ocrx_word' id='word_1_264' title='bbox 654 2480 872 2524; x_wconf 89' lang='lat' dir='ltr'>claritatis</span> <span class='ocrx_word' id='word_1_265' title='bbox 909 2481 1107 2535; x_wconf 88' lang='lat' dir='ltr'>luminis,</span> <span class='ocrx_word' id='word_1_266' title='bbox 1136 2497 1252 2536; x_wconf 91' lang='lat' dir='ltr'>quae</span> <span class='ocrx_word' id='word_1_267' title='bbox 1289 2496 1468 2525; x_wconf 88' lang='lat' dir='ltr'>ornnem</span> <span class='ocrx_word' id='word_1_268' title='bbox 1504 2481 1723 2524; x_wconf 83' lang='lat' dir='ltr'>haeresim</span> 
     </span>
     <span class='ocr_line' id='line_1_31' title="bbox 98 2557 1723 2613; baseline -0.001 -14"><span class='ocrx_word' id='word_1_269' title='bbox 98 2564 218 2600; x_wconf 91' lang='lat' dir='ltr'>esset</span> <span class='ocrx_word' id='word_1_270' title='bbox 241 2559 484 2613; x_wconf 84' lang='lat' dir='ltr'>expulsura</span> <span class='ocrx_word' id='word_1_271' title='bbox 513 2558 556 2600; x_wconf 89' lang='lat' dir='ltr'>in</span> <span class='ocrx_word' id='word_1_272' title='bbox 582 2560 724 2613; x_wconf 93' lang='lat' dir='ltr'>Xpo.,</span> <span class='ocrx_word' id='word_1_273' title='bbox 751 2563 821 2604; x_wconf 88' lang='grc'>183</span> <span class='ocrx_word' id='word_1_274' title='bbox 844 2558 918 2600; x_wconf 83' lang='lat' dir='ltr'>cui</span> <span class='ocrx_word' id='word_1_275' title='bbox 939 2565 1008 2601; x_wconf 92' lang='lat' dir='ltr'>est</span> <span class='ocrx_word' id='word_1_276' title='bbox 1037 2558 1212 2601; x_wconf 90' lang='lat' dir='ltr'>infinita</span> <span class='ocrx_word' id='word_1_277' title='bbox 1242 2573 1292 2600; x_wconf 90' lang='lat' dir='ltr'>ac</span> <span class='ocrx_word' id='word_1_278' title='bbox 1322 2557 1594 2613; x_wconf 87' lang='lat' dir='ltr'>sempiterna</span> <span class='ocrx_word' id='word_1_279' title='bbox 1623 2558 1723 2612; x_wconf 88' lang='lat' dir='ltr'>glo-</span> 
     </span>
     <span class='ocr_line' id='line_1_32' title="bbox 98 2631 363 2676; baseline 0.008 -2"><span class='ocrx_word' id='word_1_280' title='bbox 98 2631 178 2675; x_wconf 80' lang='lat' dir='ltr'>ria.</span> <span class='ocrx_word' id='word_1_281' title='bbox 199 2634 363 2676; x_wconf 90' lang='lat' dir='ltr'>Amen.</span> 
     </span>
    </p>

    <p class='ocr_par' dir='ltr' id='par_1_8' title="bbox 99 2708 1724 2831">
     <span class='ocr_line' id='line_1_33' title="bbox 185 2708 1724 2765; baseline -0.001 -14"><span class='ocrx_word' id='word_1_282' title='bbox 185 2708 329 2765; x_wconf 88' lang='lat' dir='ltr'>Virgo</span> <span class='ocrx_word' id='word_1_283' title='bbox 356 2715 514 2759; x_wconf 78' lang='grc' dir='ltr'>θεότοκος</span> <span class='ocrx_word' id='word_1_284' title='bbox 552 2711 795 2763; x_wconf 89' lang='lat' dir='ltr'>laudanda,</span> <span class='ocrx_word' id='word_1_285' title='bbox 828 2712 1100 2763; x_wconf 88' lang='lat' dir='ltr'>extollenda,</span> <span class='ocrx_word' id='word_1_286' title='bbox 1142 2710 1384 2761; x_wconf 89' lang='lat' dir='ltr'>adoranda,</span> <span class='ocrx_word' id='word_1_287' title='bbox 1413 2716 1518 2761; x_wconf 81' lang='lat' dir='ltr'>etc.;</span> <span class='ocrx_word' id='word_1_288' title='bbox 1552 2709 1671 2763; x_wconf 90' lang='lat' dir='ltr'>quod</span> <span class='ocrx_word' id='word_1_289' title='bbox 1700 2724 1724 2751; x_wconf 87' lang='lat' dir='ltr'>a</span> 
     </span>
     <span class='ocr_line' id='line_1_34' title="bbox 99 2784 970 2831; baseline 0.007 -6"><span class='ocrx_word' id='word_1_290' title='bbox 99 2784 192 2828; x_wconf 90' lang='lat' dir='ltr'>filio</span> <span class='ocrx_word' id='word_1_291' title='bbox 213 2787 312 2830; x_wconf 92' lang='lat' dir='ltr'>Deo</span> <span class='ocrx_word' id='word_1_292' title='bbox 335 2787 541 2830; x_wconf 88' lang='lat' dir='ltr'>laudetur</span> <span class='ocrx_word' id='word_1_293' title='bbox 565 2795 610 2831; x_wconf 92' lang='lat' dir='ltr'>et</span> <span class='ocrx_word' id='word_1_294' title='bbox 632 2786 970 2831; x_wconf 87' lang='lat' dir='ltr'>honorificetur.</span> 
     </span>
    </p>

    <p class='ocr_par' dir='ltr' id='par_1_9' title="bbox 99 2860 1724 3058">
     <span class='ocr_line' id='line_1_35' title="bbox 188 2860 1722 2917; baseline -0.001 -13"><span class='ocrx_word' id='word_1_295' title='bbox 188 2862 359 2906; x_wconf 90' lang='lat' dir='ltr'>Mariae</span> <span class='ocrx_word' id='word_1_296' title='bbox 381 2863 564 2906; x_wconf 91' lang='lat' dir='ltr'>deuotio</span> <span class='ocrx_word' id='word_1_297' title='bbox 586 2864 691 2906; x_wconf 89' lang='lat' dir='ltr'>data</span> <span class='ocrx_word' id='word_1_298' title='bbox 713 2870 782 2907; x_wconf 91' lang='lat' dir='ltr'>est</span> <span class='ocrx_word' id='word_1_299' title='bbox 804 2863 982 2906; x_wconf 90' lang='lat' dir='ltr'>cuidam</span> <span class='ocrx_word' id='word_1_300' title='bbox 1006 2877 1109 2904; x_wconf 89' lang='lat' dir='ltr'>cum</span> <span class='ocrx_word' id='word_1_301' title='bbox 1133 2861 1463 2917; x_wconf 89' lang='lat' dir='ltr'>significatione</span> <span class='ocrx_word' id='word_1_302' title='bbox 1486 2860 1722 2903; x_wconf 86' lang='lat' dir='ltr'>lachrima—</span> 
     </span>
     <span class='ocr_line' id='line_1_36' title="bbox 100 2937 1724 2993; baseline -0.001 -14"><span class='ocrx_word' id='word_1_303' title='bbox 100 2951 215 2980; x_wconf 88' lang='lat' dir='ltr'>rum:</span> <span class='ocrx_word' id='word_1_304' title='bbox 241 2945 344 2993; x_wconf 90' lang='lat' dir='ltr'>post</span> <span class='ocrx_word' id='word_1_305' title='bbox 366 2939 482 2982; x_wconf 92' lang='lat' dir='ltr'>duos</span> <span class='ocrx_word' id='word_1_306' title='bbox 506 2939 602 2983; x_wconf 91' lang='lat' dir='ltr'>dies</span> <span class='ocrx_word' id='word_1_307' title='bbox 624 2939 762 2982; x_wconf 91' lang='lat' dir='ltr'>sensit</span> <span class='ocrx_word' id='word_1_308' title='bbox 791 2938 876 2982; x_wconf 87' lang='lat' dir='ltr'>sibi</span> <span class='ocrx_word' id='word_1_309' title='bbox 913 2940 1062 2980; x_wconf 88' lang='lat' dir='ltr'>datam</span> <span class='ocrx_word' id='word_1_310' title='bbox 1093 2937 1284 2993; x_wconf 85' lang='lat' dir='ltr'>gratiam</span> <span class='ocrx_word' id='word_1_311' title='bbox 1315 2938 1535 2980; x_wconf 88' lang='lat' dir='ltr'>aduersus</span> <span class='ocrx_word' id='word_1_312' title='bbox 1568 2950 1724 2991; x_wconf 91' lang='lat' dir='ltr'>quam—</span> 
     </span>
     <span class='ocr_line' id='line_1_37' title="bbox 99 3014 533 3058; baseline 0.005 -3"><span class='ocrx_word' id='word_1_313' title='bbox 99 3014 200 3056; x_wconf 93' lang='lat' dir='ltr'>dam</span> <span class='ocrx_word' id='word_1_314' title='bbox 224 3014 533 3058; x_wconf 90' lang='lat' dir='ltr'>tentationem.</span> 
     </span>
    </p>
   </div>
  </div>
 </body>
</html>
