<?xml version="1.0" encoding="UTF-8"?>
<!DOCTYPE html PUBLIC "-//W3C//DTD XHTML 1.0 Transitional//EN"
    "http://www.w3.org/TR/xhtml1/DTD/xhtml1-transitional.dtd">
<html xmlns="http://www.w3.org/1999/xhtml" xml:lang="en" lang="en">
 <head>
  <title>
</title>
<meta http-equiv="Content-Type" content="text/html;charset=utf-8" />
  <meta name='ocr-system' content='tesseract 3.04.00' />
  <meta name='ocr-capabilities' content='ocr_page ocr_carea ocr_par ocr_line ocrx_word'/>
</head>
<body>
  <div class='ocr_page' id='page_1' title='image "./epistolaephieron11nada_0893.png"; bbox 0 0 2028 3426; ppageno 0'>
   <div class='ocr_carea' id='block_1_1' title="bbox 748 256 1733 302">
    <p class='ocr_par' dir='ltr' id='par_1_1' title="bbox 748 256 1733 302">
     <span class='ocr_line' id='line_1_1' title="bbox 748 256 1733 302; baseline 0.001 -11"><span class='ocrx_word' id='word_1_1' title='bbox 748 256 1160 292; x_wconf 79' lang='lat' dir='ltr'>SUPPLEMENTUM-—z</span> <span class='ocrx_word' id='word_1_2' title='bbox 1165 267 1184 301; x_wconf 82' lang='lat'>5</span> <span class='ocrx_word' id='word_1_3' title='bbox 1665 257 1733 302; x_wconf 87' lang='lat'>867</span> 
     </span>
    </p>
   </div>
   <div class='ocr_carea' id='block_1_2' title="bbox 130 357 1793 2560">
    <p class='ocr_par' dir='ltr' id='par_1_2' title="bbox 130 357 1793 2560">
     <span class='ocr_line' id='line_1_2' title="bbox 150 357 1781 413; baseline 0.001 -14"><span class='ocrx_word' id='word_1_4' title='bbox 150 357 422 409; x_wconf 81' lang='lat' dir='ltr'>afficeretur,</span> <span class='ocrx_word' id='word_1_5' title='bbox 448 358 586 413; x_wconf 85' lang='lat' dir='ltr'>longe</span> <span class='ocrx_word' id='word_1_6' title='bbox 609 357 820 400; x_wconf 87' lang='lat' dir='ltr'>maiorem</span> <span class='ocrx_word' id='word_1_7' title='bbox 845 357 891 400; x_wconf 91' lang='lat' dir='ltr'>in</span> <span class='ocrx_word' id='word_1_8' title='bbox 914 372 986 401; x_wconf 91' lang='lat' dir='ltr'>me</span> <span class='ocrx_word' id='word_1_9' title='bbox 1008 372 1203 400; x_wconf 86' lang='lat' dir='ltr'>amorem</span> <span class='ocrx_word' id='word_1_10' title='bbox 1228 357 1460 401; x_wconf 88' lang='lat' dir='ltr'>excitaret.</span> <span class='ocrx_word' id='word_1_11' title='bbox 1484 358 1621 410; x_wconf 85' lang='lat' dir='ltr'>Audi,</span> <span class='ocrx_word' id='word_1_12' title='bbox 1645 361 1781 402; x_wconf 83' lang='lat' dir='ltr'>Pater</span> 
     </span>
     <span class='ocr_line' id='line_1_3' title="bbox 153 418 1779 491; baseline 0.002 -17"><span class='ocrx_word' id='word_1_13' title='bbox 153 433 228 475; x_wconf 90' lang='lat' dir='ltr'>mi:</span> <span class='ocrx_word' id='word_1_14' title='bbox 255 433 318 475; x_wconf 90' lang='lat' dir='ltr'>ita</span> <span class='ocrx_word' id='word_1_15' title='bbox 340 448 518 488; x_wconf 83' lang='lat' dir='ltr'><strong>semper</strong></span> <span class='ocrx_word' id='word_1_16' title='bbox 539 433 635 489; x_wconf 82' lang='lat' dir='ltr'>egit</span> <span class='ocrx_word' id='word_1_17' title='bbox 662 433 902 476; x_wconf 90' lang='lat' dir='ltr'>nobiscum</span> <span class='ocrx_word' id='word_1_18' title='bbox 933 435 1057 477; x_wconf 90' lang='lat' dir='ltr'>Deus</span> <span class='ocrx_word' id='word_1_19' title='bbox 1090 418 1390 488; x_wconf 76' lang='lat' dir='ltr'>omnipotens.</span> <span class='ocrx_word' id='word_1_20' title='bbox 1424 434 1660 489; x_wconf 87' lang='lat' dir='ltr'>Optimum</span> <span class='ocrx_word' id='word_1_21' title='bbox 1691 435 1779 491; x_wconf 81' lang='lat' dir='ltr'>igi-</span> 
     </span>
     <span class='ocr_line' id='line_1_4' title="bbox 154 510 1774 566; baseline 0.001 -15"><span class='ocrx_word' id='word_1_22' title='bbox 154 517 227 551; x_wconf 90' lang='lat' dir='ltr'>tur</span> <span class='ocrx_word' id='word_1_23' title='bbox 249 511 504 565; x_wconf 85' lang='lat' dir='ltr'>exemplum</span> <span class='ocrx_word' id='word_1_24' title='bbox 529 510 771 561; x_wconf 82' lang='lat' dir='ltr'>adduxisti,</span> <span class='ocrx_word' id='word_1_25' title='bbox 798 525 887 552; x_wconf 91' lang='lat' dir='ltr'>non</span> <span class='ocrx_word' id='word_1_26' title='bbox 911 525 990 566; x_wconf 93' lang='lat' dir='ltr'>pro</span> <span class='ocrx_word' id='word_1_27' title='bbox 1013 510 1212 564; x_wconf 86' lang='lat' dir='ltr'>quidem,</span> <span class='ocrx_word' id='word_1_28' title='bbox 1238 511 1317 553; x_wconf 92' lang='lat' dir='ltr'>sed</span> <span class='ocrx_word' id='word_1_29' title='bbox 1346 518 1503 553; x_wconf 88' lang='lat' dir='ltr'>contra</span> <span class='ocrx_word' id='word_1_30' title='bbox 1534 518 1591 562; x_wconf 80' lang='lat' dir='ltr'>te,</span> <span class='ocrx_word' id='word_1_31' title='bbox 1625 512 1774 562; x_wconf 86' lang='lat' dir='ltr'>Pater;</span> 
     </span>
     <span class='ocr_line' id='line_1_5' title="bbox 151 586 1778 642; baseline 0.001 -14"><span class='ocrx_word' id='word_1_32' title='bbox 151 587 260 628; x_wconf 91' lang='lat' dir='ltr'>haec</span> <span class='ocrx_word' id='word_1_33' title='bbox 290 586 409 629; x_wconf 91' lang='lat' dir='ltr'>enim</span> <span class='ocrx_word' id='word_1_34' title='bbox 440 587 535 642; x_wconf 85' lang='lat' dir='ltr'>egit</span> <span class='ocrx_word' id='word_1_35' title='bbox 564 588 786 630; x_wconf 89' lang='lat' dir='ltr'>hactenus</span> <span class='ocrx_word' id='word_1_36' title='bbox 815 588 965 629; x_wconf 88' lang='lat' dir='ltr'>omnia</span> <span class='ocrx_word' id='word_1_37' title='bbox 993 587 1036 628; x_wconf 94' lang='lat' dir='ltr'>in</span> <span class='ocrx_word' id='word_1_38' title='bbox 1067 594 1276 630; x_wconf 86' lang='lat' dir='ltr'>creatura</span> <span class='ocrx_word' id='word_1_39' title='bbox 1298 601 1379 629; x_wconf 85' lang='lat' dir='ltr'>sua</span> <span class='ocrx_word' id='word_1_40' title='bbox 1402 587 1619 630; x_wconf 87' lang='lat' dir='ltr'>immensa</span> <span class='ocrx_word' id='word_1_41' title='bbox 1642 595 1778 642; x_wconf 89' lang='lat' dir='ltr'>atque</span> 
     </span>
     <span class='ocr_line' id='line_1_6' title="bbox 150 662 1778 720; baseline 0.001 -16"><span class='ocrx_word' id='word_1_42' title='bbox 150 662 325 705; x_wconf 88' lang='lat' dir='ltr'>infinita</span> <span class='ocrx_word' id='word_1_43' title='bbox 347 663 564 718; x_wconf 83' lang='lat' dir='ltr'>potentia:</span> <span class='ocrx_word' id='word_1_44' title='bbox 590 664 811 706; x_wconf 86' lang='lat' dir='ltr'>laborauit</span> <span class='ocrx_word' id='word_1_45' title='bbox 835 664 933 707; x_wconf 87' lang='lat' dir='ltr'>sine</span> <span class='ocrx_word' id='word_1_46' title='bbox 955 665 1123 714; x_wconf 86' lang='lat' dir='ltr'>labore,</span> <span class='ocrx_word' id='word_1_47' title='bbox 1155 663 1160 720; x_wconf 85' lang='grc'>1</span> <span class='ocrx_word' id='word_1_48' title='bbox 1190 670 1336 706; x_wconf 88' lang='lat' dir='ltr'>tactus</span> <span class='ocrx_word' id='word_1_49' title='bbox 1359 671 1427 706; x_wconf 90' lang='lat' dir='ltr'>est</span> <span class='ocrx_word' id='word_1_50' title='bbox 1449 664 1596 706; x_wconf 90' lang='lat' dir='ltr'>cordis</span> <span class='ocrx_word' id='word_1_51' title='bbox 1624 665 1778 706; x_wconf 80' lang='lat' dir='ltr'>dolore</span> 
     </span>
     <span class='ocr_line' id='line_1_7' title="bbox 148 739 1777 796; baseline 0.001 -15"><span class='ocrx_word' id='word_1_52' title='bbox 148 740 319 793; x_wconf 82' lang='lat' dir='ltr'>absque</span> <span class='ocrx_word' id='word_1_53' title='bbox 352 739 526 791; x_wconf 88' lang='lat' dir='ltr'>dolore,</span> <span class='ocrx_word' id='word_1_54' title='bbox 563 740 787 796; x_wconf 80' lang='lat' dir='ltr'>ingemuit</span> <span class='ocrx_word' id='word_1_55' title='bbox 823 740 921 783; x_wconf 90' lang='lat' dir='ltr'>sine</span> <span class='ocrx_word' id='word_1_56' title='bbox 954 741 1146 796; x_wconf 82' lang='lat' dir='ltr'>gemitu,</span> <span class='ocrx_word' id='word_1_57' title='bbox 1181 740 1473 782; x_wconf 86' lang='lat' dir='ltr'>contristatus</span> <span class='ocrx_word' id='word_1_58' title='bbox 1506 747 1574 782; x_wconf 89' lang='lat' dir='ltr'>est</span> <span class='ocrx_word' id='word_1_59' title='bbox 1606 741 1777 796; x_wconf 80' lang='lat' dir='ltr'>absque</span> 
     </span>
     <span class='ocr_line' id='line_1_8' title="bbox 149 815 1773 872; baseline 0.001 -14"><span class='ocrx_word' id='word_1_60' title='bbox 149 815 507 868; x_wconf 77' lang='lat' dir='ltr'>contristatione,</span> <span class='ocrx_word' id='word_1_61' title='bbox 539 826 673 872; x_wconf 88' lang='lat' dir='ltr'>atque</span> <span class='ocrx_word' id='word_1_62' title='bbox 702 817 747 859; x_wconf 93' lang='lat' dir='ltr'>in</span> <span class='ocrx_word' id='word_1_63' title='bbox 779 820 901 860; x_wconf 88' lang='lat' dir='ltr'>hunc</span> <span class='ocrx_word' id='word_1_64' title='bbox 931 818 1113 860; x_wconf 82' lang='lat' dir='ltr'>modurn</span> <span class='ocrx_word' id='word_1_65' title='bbox 1142 824 1390 860; x_wconf 88' lang='lat' dir='ltr'>creatorem</span> <span class='ocrx_word' id='word_1_66' title='bbox 1421 831 1536 868; x_wconf 81' lang='lat' dir='ltr'>sese,</span> <span class='ocrx_word' id='word_1_67' title='bbox 1564 825 1773 872; x_wconf 80' lang='lat' dir='ltr'>operato-</span> 
     </span>
     <span class='ocr_line' id='line_1_9' title="bbox 147 893 1773 950; baseline 0.001 -16"><span class='ocrx_word' id='word_1_68' title='bbox 147 907 240 936; x_wconf 89' lang='lat' dir='ltr'>rem</span> <span class='ocrx_word' id='word_1_69' title='bbox 264 900 401 947; x_wconf 89' lang='lat' dir='ltr'>atque</span> <span class='ocrx_word' id='word_1_70' title='bbox 424 901 789 937; x_wconf 85' lang='lat' dir='ltr'>conseruatorem</span> <span class='ocrx_word' id='word_1_71' title='bbox 813 894 1036 950; x_wconf 90' lang='lat' dir='ltr'>praestitit</span> <span class='ocrx_word' id='word_1_72' title='bbox 1060 909 1207 936; x_wconf 89' lang='lat' dir='ltr'>rerum</span> <span class='ocrx_word' id='word_1_73' title='bbox 1232 893 1448 937; x_wconf 89' lang='lat' dir='ltr'>omnium.</span> <span class='ocrx_word' id='word_1_74' title='bbox 1475 894 1601 936; x_wconf 89' lang='lat' dir='ltr'>Haec</span> <span class='ocrx_word' id='word_1_75' title='bbox 1627 901 1773 936; x_wconf 89' lang='lat' dir='ltr'>tamen</span> 
     </span>
     <span class='ocr_line' id='line_1_10' title="bbox 147 969 1776 1024; baseline 0.002 -14"><span class='ocrx_word' id='word_1_76' title='bbox 147 969 372 1012; x_wconf 88' lang='lat' dir='ltr'>hominem</span> <span class='ocrx_word' id='word_1_77' title='bbox 399 984 488 1011; x_wconf 88' lang='lat' dir='ltr'>non</span> <span class='ocrx_word' id='word_1_78' title='bbox 519 979 760 1012; x_wconf 90' lang='lat' dir='ltr'>mouerunt</span> <span class='ocrx_word' id='word_1_79' title='bbox 790 972 847 1013; x_wconf 89' lang='lat' dir='ltr'>ad</span> <span class='ocrx_word' id='word_1_80' title='bbox 876 971 1080 1013; x_wconf 87' lang='lat' dir='ltr'>timorem</span> <span class='ocrx_word' id='word_1_81' title='bbox 1112 971 1197 1014; x_wconf 88' lang='lat' dir='ltr'>Dei</span> <span class='ocrx_word' id='word_1_82' title='bbox 1226 978 1360 1024; x_wconf 89' lang='lat' dir='ltr'>atque</span> <span class='ocrx_word' id='word_1_83' title='bbox 1389 983 1583 1013; x_wconf 85' lang='lat' dir='ltr'>amorem</span> <span class='ocrx_word' id='word_1_84' title='bbox 1614 984 1776 1013; x_wconf 92' lang='lat' dir='ltr'>conse-</span> 
     </span>
     <span class='ocr_line' id='line_1_11' title="bbox 147 1046 1773 1102; baseline 0 -14"><span class='ocrx_word' id='word_1_85' title='bbox 147 1047 377 1100; x_wconf 90' lang='lat' dir='ltr'>quendum</span> <span class='ocrx_word' id='word_1_86' title='bbox 409 1047 471 1101; x_wconf 87' lang='lat' dir='ltr'>(vt</span> <span class='ocrx_word' id='word_1_87' title='bbox 495 1046 573 1088; x_wconf 88' lang='lat' dir='ltr'>tibi</span> <span class='ocrx_word' id='word_1_88' title='bbox 604 1047 737 1090; x_wconf 88' lang='lat' dir='ltr'>etiam</span> <span class='ocrx_word' id='word_1_89' title='bbox 768 1046 949 1090; x_wconf 87' lang='lat' dir='ltr'>dificilia</span> <span class='ocrx_word' id='word_1_90' title='bbox 971 1047 1197 1098; x_wconf 85' lang='lat' dir='ltr'>videntur,</span> <span class='ocrx_word' id='word_1_91' title='bbox 1224 1062 1339 1102; x_wconf 82' lang='lat' dir='ltr'>quae</span> <span class='ocrx_word' id='word_1_92' title='bbox 1369 1046 1543 1102; x_wconf 79' lang='lat' dir='ltr'>possint</span> <span class='ocrx_word' id='word_1_93' title='bbox 1564 1047 1619 1088; x_wconf 89' lang='lat' dir='ltr'>ad</span> <span class='ocrx_word' id='word_1_94' title='bbox 1649 1061 1773 1088; x_wconf 89' lang='lat' dir='ltr'>amo-</span> 
     </span>
     <span class='ocr_line' id='line_1_12' title="bbox 146 1123 1773 1180; baseline 0.002 -16"><span class='ocrx_word' id='word_1_95' title='bbox 146 1137 240 1165; x_wconf 92' lang='lat' dir='ltr'>rem</span> <span class='ocrx_word' id='word_1_96' title='bbox 273 1123 453 1177; x_wconf 84' lang='lat' dir='ltr'>valere).</span> <span class='ocrx_word' id='word_1_97' title='bbox 485 1126 718 1166; x_wconf 84' lang='lat' dir='ltr'>Postremo</span> <span class='ocrx_word' id='word_1_98' title='bbox 747 1123 886 1180; x_wconf 78' lang='lat' dir='ltr'>igitur</span> <span class='ocrx_word' id='word_1_99' title='bbox 914 1123 958 1166; x_wconf 88' lang='lat' dir='ltr'>in</span> <span class='ocrx_word' id='word_1_100' title='bbox 984 1133 1234 1179; x_wconf 89' lang='lat' dir='ltr'>temporum</span> <span class='ocrx_word' id='word_1_101' title='bbox 1264 1123 1464 1178; x_wconf 88' lang='lat' dir='ltr'>ipsorum</span> <span class='ocrx_word' id='word_1_102' title='bbox 1494 1123 1773 1178; x_wconf 83' lang='lat' dir='ltr'>plenitudine</span> 
     </span>
     <span class='ocr_line' id='line_1_13' title="bbox 146 1199 1773 1257; baseline 0.002 -16"><span class='ocrx_word' id='word_1_103' title='bbox 146 1199 362 1254; x_wconf 85' lang='lat' dir='ltr'>explicuit</span> <span class='ocrx_word' id='word_1_104' title='bbox 384 1215 520 1256; x_wconf 86' lang='lat' dir='ltr'>super</span> <span class='ocrx_word' id='word_1_105' title='bbox 543 1201 689 1243; x_wconf 84' lang='lat' dir='ltr'>omnia</span> <span class='ocrx_word' id='word_1_106' title='bbox 714 1216 849 1257; x_wconf 88' lang='lat' dir='ltr'>opera</span> <span class='ocrx_word' id='word_1_107' title='bbox 878 1216 959 1244; x_wconf 88' lang='lat' dir='ltr'>sua</span> <span class='ocrx_word' id='word_1_108' title='bbox 982 1201 1310 1243; x_wconf 81' lang='lat' dir='ltr'>misericordias</span> <span class='ocrx_word' id='word_1_109' title='bbox 1339 1200 1485 1242; x_wconf 90' lang='lat' dir='ltr'>David</span> <span class='ocrx_word' id='word_1_110' title='bbox 1508 1209 1525 1225; x_wconf 72' lang='lat'><strong>³</strong></span> <span class='ocrx_word' id='word_1_111' title='bbox 1546 1206 1631 1246; x_wconf 88' lang='grc'>238</span> <span class='ocrx_word' id='word_1_112' title='bbox 1659 1201 1773 1244; x_wconf 90' lang='lat' dir='ltr'>fide-</span> 
     </span>
     <span class='ocr_line' id='line_1_14' title="bbox 145 1277 1772 1334; baseline 0.001 -16"><span class='ocrx_word' id='word_1_113' title='bbox 145 1277 208 1319; x_wconf 90' lang='lat' dir='ltr'>les</span> <span class='ocrx_word' id='word_1_114' title='bbox 242 1278 252 1297; x_wconf 85' lang='lat'>¹</span> <span class='ocrx_word' id='word_1_115' title='bbox 284 1277 661 1320; x_wconf 88' lang='lat' dir='ltr'>clementissimus</span> <span class='ocrx_word' id='word_1_116' title='bbox 692 1279 841 1329; x_wconf 82' lang='lat' dir='ltr'>Pater,</span> <span class='ocrx_word' id='word_1_117' title='bbox 874 1278 994 1320; x_wconf 89' lang='lat' dir='ltr'>misit</span> <span class='ocrx_word' id='word_1_118' title='bbox 1026 1277 1309 1334; x_wconf 82' lang='lat' dir='ltr'>vnigenitum</span> <span class='ocrx_word' id='word_1_119' title='bbox 1334 1292 1484 1329; x_wconf 88' lang='lat' dir='ltr'>suum,</span> <span class='ocrx_word' id='word_1_120' title='bbox 1516 1279 1683 1320; x_wconf 86' lang='lat' dir='ltr'>factum</span> <span class='ocrx_word' id='word_1_121' title='bbox 1717 1293 1772 1320; x_wconf 85' lang='lat' dir='ltr'>ex</span> 
     </span>
     <span class='ocr_line' id='line_1_15' title="bbox 145 1353 1771 1410; baseline 0.001 -16"><span class='ocrx_word' id='word_1_122' title='bbox 145 1353 348 1405; x_wconf 91' lang='lat' dir='ltr'>muliere,</span> <span class='ocrx_word' id='word_1_123' title='bbox 386 1354 552 1396; x_wconf 88' lang='lat' dir='ltr'>factum</span> <span class='ocrx_word' id='word_1_124' title='bbox 587 1355 671 1397; x_wconf 91' lang='lat' dir='ltr'>sub</span> <span class='ocrx_word' id='word_1_125' title='bbox 694 1356 811 1410; x_wconf 84' lang='lat' dir='ltr'>lege,</span> <span class='ocrx_word' id='word_1_126' title='bbox 840 1364 888 1396; x_wconf 83' lang='lat' dir='ltr'>vt</span> <span class='ocrx_word' id='word_1_127' title='bbox 910 1354 927 1379; x_wconf 71' lang='lat' dir='ltr'>b</span> <span class='ocrx_word' id='word_1_128' title='bbox 956 1369 1038 1397; x_wconf 90' lang='lat' dir='ltr'>nos</span> <span class='ocrx_word' id='word_1_129' title='bbox 1070 1370 1094 1396; x_wconf 90' lang='lat' dir='ltr'>a</span> <span class='ocrx_word' id='word_1_130' title='bbox 1126 1355 1228 1410; x_wconf 77' lang='lat' dir='ltr'>lege</span> <span class='ocrx_word' id='word_1_131' title='bbox 1260 1354 1436 1410; x_wconf 89' lang='lat' dir='ltr'>peccati</span> <span class='ocrx_word' id='word_1_132' title='bbox 1470 1365 1514 1398; x_wconf 91' lang='lat' dir='ltr'>et</span> <span class='ocrx_word' id='word_1_133' title='bbox 1547 1354 1719 1406; x_wconf 82' lang='lat' dir='ltr'>mortis,</span> <span class='ocrx_word' id='word_1_134' title='bbox 1748 1370 1771 1396; x_wconf 85' lang='lat' dir='ltr'>a</span> 
     </span>
     <span class='ocr_line' id='line_1_16' title="bbox 147 1430 1768 1484; baseline 0.001 -14"><span class='ocrx_word' id='word_1_135' title='bbox 147 1430 384 1484; x_wconf 86' lang='lat' dir='ltr'>tyrannide</span> <span class='ocrx_word' id='word_1_136' title='bbox 413 1430 575 1473; x_wconf 90' lang='lat' dir='ltr'>diaboli</span> <span class='ocrx_word' id='word_1_137' title='bbox 607 1430 816 1474; x_wconf 88' lang='lat' dir='ltr'>liberaret</span> <span class='ocrx_word' id='word_1_138' title='bbox 846 1432 878 1483; x_wconf 76' lang='lat'>²,</span> <span class='ocrx_word' id='word_1_139' title='bbox 910 1433 1118 1474; x_wconf 83' lang='lat' dir='ltr'>laborans</span> <span class='ocrx_word' id='word_1_140' title='bbox 1147 1445 1250 1473; x_wconf 91' lang='lat' dir='ltr'>cum</span> <span class='ocrx_word' id='word_1_141' title='bbox 1279 1431 1447 1482; x_wconf 85' lang='lat' dir='ltr'>labore,</span> <span class='ocrx_word' id='word_1_142' title='bbox 1479 1432 1638 1474; x_wconf 91' lang='lat' dir='ltr'>dolens</span> <span class='ocrx_word' id='word_1_143' title='bbox 1665 1446 1768 1473; x_wconf 88' lang='lat' dir='ltr'>cum</span> 
     </span>
     <span class='ocr_line' id='line_1_17' title="bbox 141 1507 1793 1563; baseline 0.002 -15"><span class='ocrx_word' id='word_1_144' title='bbox 141 1507 310 1559; x_wconf 88' lang='lat' dir='ltr'>dolore,</span> <span class='ocrx_word' id='word_1_145' title='bbox 337 1522 543 1562; x_wconf 82' lang='lat' dir='ltr'>gemens,</span> <span class='ocrx_word' id='word_1_146' title='bbox 569 1508 876 1560; x_wconf 88' lang='lat' dir='ltr'>contristatus,</span> <span class='ocrx_word' id='word_1_147' title='bbox 903 1508 1112 1561; x_wconf 87' lang='lat' dir='ltr'>afflictus,</span> <span class='ocrx_word' id='word_1_148' title='bbox 1133 1508 1290 1563; x_wconf 90' lang='lat' dir='ltr'>poenis</span> <span class='ocrx_word' id='word_1_149' title='bbox 1312 1507 1522 1550; x_wconf 90' lang='lat' dir='ltr'>omnibus</span> <span class='ocrx_word' id='word_1_150' title='bbox 1546 1522 1598 1550; x_wconf 87' lang='lat' dir='ltr'>ac</span> <span class='ocrx_word' id='word_1_151' title='bbox 1622 1516 1766 1551; x_wconf 90' lang='lat' dir='ltr'>morte</span> <span class='ocrx_word' id='word_1_152' title='bbox 1791 1551 1793 1554; x_wconf 24' lang='lat' dir='ltr'><strong>f</strong></span> 
     </span>
     <span class='ocr_line' id='line_1_18' title="bbox 141 1584 1768 1640; baseline 0.001 -15"><span class='ocrx_word' id='word_1_153' title='bbox 141 1597 246 1626; x_wconf 88' lang='lat' dir='ltr'>vere</span> <span class='ocrx_word' id='word_1_154' title='bbox 269 1585 474 1627; x_wconf 87' lang='lat' dir='ltr'>affectus.</span> <span class='ocrx_word' id='word_1_155' title='bbox 497 1587 655 1638; x_wconf 87' lang='lat' dir='ltr'>Itaque</span> <span class='ocrx_word' id='word_1_156' title='bbox 680 1600 757 1640; x_wconf 88' lang='lat' dir='ltr'>per</span> <span class='ocrx_word' id='word_1_157' title='bbox 774 1586 954 1627; x_wconf 89' lang='lat' dir='ltr'>modum</span> <span class='ocrx_word' id='word_1_158' title='bbox 973 1584 1219 1627; x_wconf 87' lang='lat' dir='ltr'>laborantis</span> <span class='ocrx_word' id='word_1_159' title='bbox 1237 1600 1288 1628; x_wconf 89' lang='lat' dir='ltr'>ea</span> <span class='ocrx_word' id='word_1_160' title='bbox 1307 1592 1323 1609; x_wconf 79' lang='lat'>‘²</span> <span class='ocrx_word' id='word_1_161' title='bbox 1340 1584 1624 1627; x_wconf 87' lang='lat' dir='ltr'>substinebat</span> <span class='ocrx_word' id='word_1_162' title='bbox 1642 1587 1768 1627; x_wconf 90' lang='lat' dir='ltr'>Deus</span> 
     </span>
     <span class='ocr_line' id='line_1_19' title="bbox 141 1661 1763 1716; baseline 0.001 -14"><span class='ocrx_word' id='word_1_163' title='bbox 141 1668 247 1704; x_wconf 82' lang='lat' dir='ltr'>ante</span> <span class='ocrx_word' id='word_1_164' title='bbox 279 1662 480 1704; x_wconf 87' lang='lat' dir='ltr'>Verbum</span> <span class='ocrx_word' id='word_1_165' title='bbox 515 1661 814 1714; x_wconf 83' lang='lat' dir='ltr'>incarnatum,</span> <span class='ocrx_word' id='word_1_166' title='bbox 847 1662 1011 1716; x_wconf 90' lang='lat' dir='ltr'>quibus</span> <span class='ocrx_word' id='word_1_167' title='bbox 1037 1662 1217 1704; x_wconf 86' lang='lat' dir='ltr'>volebat</span> <span class='ocrx_word' id='word_1_168' title='bbox 1239 1661 1445 1705; x_wconf 89' lang='lat' dir='ltr'>homines</span> <span class='ocrx_word' id='word_1_169' title='bbox 1468 1662 1525 1703; x_wconf 89' lang='lat' dir='ltr'>ad</span> <span class='ocrx_word' id='word_1_170' title='bbox 1547 1662 1763 1712; x_wconf 83' lang='lat' dir='ltr'>dolorem,</span> 
     </span>
     <span class='ocr_line' id='line_1_20' title="bbox 143 1737 1764 1794; baseline 0.001 -15"><span class='ocrx_word' id='word_1_171' title='bbox 143 1737 367 1790; x_wconf 87' lang='lat' dir='ltr'>timorem,</span> <span class='ocrx_word' id='word_1_172' title='bbox 385 1738 518 1780; x_wconf 89' lang='lat' dir='ltr'>simul</span> <span class='ocrx_word' id='word_1_173' title='bbox 535 1746 579 1781; x_wconf 93' lang='lat' dir='ltr'>et</span> <span class='ocrx_word' id='word_1_174' title='bbox 599 1739 656 1780; x_wconf 91' lang='lat' dir='ltr'>ad</span> <span class='ocrx_word' id='word_1_175' title='bbox 673 1752 869 1781; x_wconf 89' lang='lat' dir='ltr'>amorem</span> <span class='ocrx_word' id='word_1_176' title='bbox 895 1738 1096 1782; x_wconf 84' lang='lat' dir='ltr'>excitari.</span> <span class='ocrx_word' id='word_1_177' title='bbox 1117 1740 1180 1780; x_wconf 87' lang='lat' dir='ltr'>Ea</span> <span class='ocrx_word' id='word_1_178' title='bbox 1200 1752 1302 1781; x_wconf 91' lang='lat' dir='ltr'>cum</span> <span class='ocrx_word' id='word_1_179' title='bbox 1327 1753 1416 1780; x_wconf 91' lang='lat' dir='ltr'>non</span> <span class='ocrx_word' id='word_1_180' title='bbox 1442 1739 1708 1794; x_wconf 88' lang='lat' dir='ltr'>prodessent</span> <span class='ocrx_word' id='word_1_181' title='bbox 1730 1737 1764 1789; x_wconf 72' lang='lat' dir='ltr'>d,</span> 
     </span>
     <span class='ocr_line' id='line_1_21' title="bbox 139 1815 1767 1871; baseline 0 -15"><span class='ocrx_word' id='word_1_182' title='bbox 139 1822 322 1869; x_wconf 88' lang='lat' dir='ltr'>propter</span> <span class='ocrx_word' id='word_1_183' title='bbox 345 1815 529 1856; x_wconf 88' lang='lat' dir='ltr'>humani</span> <span class='ocrx_word' id='word_1_184' title='bbox 553 1815 700 1857; x_wconf 92' lang='lat' dir='ltr'>cordis</span> <span class='ocrx_word' id='word_1_185' title='bbox 722 1815 932 1857; x_wconf 86' lang='lat' dir='ltr'>duritiam</span> <span class='ocrx_word' id='word_1_186' title='bbox 956 1815 1280 1866; x_wconf 83' lang='lat' dir='ltr'>incredibilem,</span> <span class='ocrx_word' id='word_1_187' title='bbox 1306 1815 1529 1871; x_wconf 88' lang='lat' dir='ltr'>disposuit</span> <span class='ocrx_word' id='word_1_188' title='bbox 1551 1817 1676 1858; x_wconf 91' lang='lat' dir='ltr'>Deus</span> <span class='ocrx_word' id='word_1_189' title='bbox 1694 1815 1767 1857; x_wconf 88' lang='lat' dir='ltr'>illa</span> 
     </span>
     <span class='ocr_line' id='line_1_22' title="bbox 138 1890 1766 1947; baseline 0.001 -16"><span class='ocrx_word' id='word_1_190' title='bbox 138 1890 181 1932; x_wconf 89' lang='lat' dir='ltr'>in</span> <span class='ocrx_word' id='word_1_191' title='bbox 215 1906 263 1934; x_wconf 93' lang='lat' dir='ltr'>se</span> <span class='ocrx_word' id='word_1_192' title='bbox 292 1899 307 1916; x_wconf 74' lang='lat'><strong>⁶</strong></span> <span class='ocrx_word' id='word_1_193' title='bbox 337 1891 565 1947; x_wconf 88' lang='lat' dir='ltr'>suscipere</span> <span class='ocrx_word' id='word_1_194' title='bbox 598 1906 676 1947; x_wconf 91' lang='lat' dir='ltr'>per</span> <span class='ocrx_word' id='word_1_195' title='bbox 697 1892 1041 1943; x_wconf 87' lang='lat' dir='ltr'>humanitatem,</span> <span class='ocrx_word' id='word_1_196' title='bbox 1068 1892 1111 1934; x_wconf 91' lang='lat' dir='ltr'>in</span> <span class='ocrx_word' id='word_1_197' title='bbox 1146 1907 1234 1946; x_wconf 84' lang='lat' dir='ltr'>qua</span> <span class='ocrx_word' id='word_1_198' title='bbox 1263 1907 1368 1935; x_wconf 88' lang='lat' dir='ltr'>vere</span> <span class='ocrx_word' id='word_1_199' title='bbox 1402 1907 1454 1935; x_wconf 89' lang='lat' dir='ltr'>ea</span> <span class='ocrx_word' id='word_1_200' title='bbox 1487 1891 1766 1947; x_wconf 85' lang='lat' dir='ltr'>experiretur</span> 
     </span>
     <span class='ocr_line' id='line_1_23' title="bbox 136 1967 1758 2022; baseline 0.002 -14"><span class='ocrx_word' id='word_1_201' title='bbox 136 1981 191 2008; x_wconf 86' lang='lat' dir='ltr'>ac</span> <span class='ocrx_word' id='word_1_202' title='bbox 216 1974 447 2022; x_wconf 88' lang='lat' dir='ltr'>pateretur</span> <span class='ocrx_word' id='word_1_203' title='bbox 469 1967 493 2019; x_wconf 83' lang='lat' dir='ltr'>f,</span> <span class='ocrx_word' id='word_1_204' title='bbox 519 1975 567 2009; x_wconf 87' lang='lat' dir='ltr'>vt</span> <span class='ocrx_word' id='word_1_205' title='bbox 590 1968 676 2010; x_wconf 85' lang='lat' dir='ltr'>iam</span> <span class='ocrx_word' id='word_1_206' title='bbox 699 1967 810 2009; x_wconf 93' lang='lat' dir='ltr'>nihil</span> <span class='ocrx_word' id='word_1_207' title='bbox 837 1975 972 2020; x_wconf 84' lang='lat' dir='ltr'>esset,</span> <span class='ocrx_word' id='word_1_208' title='bbox 1006 1969 1125 2011; x_wconf 86' lang='lat' dir='ltr'>vnde</span> <span class='ocrx_word' id='word_1_209' title='bbox 1154 1983 1337 2012; x_wconf 91' lang='lat' dir='ltr'>mouere</span> <span class='ocrx_word' id='word_1_210' title='bbox 1367 1967 1591 2010; x_wconf 89' lang='lat' dir='ltr'>hominem</span> <span class='ocrx_word' id='word_1_211' title='bbox 1624 1970 1758 2011; x_wconf 85' lang='lat' dir='ltr'>vehe-</span> 
     </span>
     <span class='ocr_line' id='line_1_24' title="bbox 135 2038 1763 2100; baseline 0.002 -17"><span class='ocrx_word' id='word_1_212' title='bbox 135 2044 330 2087; x_wconf 86' lang='lat' dir='ltr'>mentius</span> <span class='ocrx_word' id='word_1_213' title='bbox 354 2053 521 2100; x_wconf 90' lang='lat' dir='ltr'>posset.</span> <span class='ocrx_word' id='word_1_214' title='bbox 555 2046 708 2099; x_wconf 83' lang='lat' dir='ltr'>Atque</span> <span class='ocrx_word' id='word_1_215' title='bbox 731 2045 862 2097; x_wconf 90' lang='lat' dir='ltr'>adeo,</span> <span class='ocrx_word' id='word_1_216' title='bbox 889 2047 973 2087; x_wconf 92' lang='lat' dir='ltr'>hoc</span> <span class='ocrx_word' id='word_1_217' title='bbox 997 2046 1119 2097; x_wconf 86' lang='lat' dir='ltr'>audi,</span> <span class='ocrx_word' id='word_1_218' title='bbox 1145 2046 1212 2087; x_wconf 89' lang='lat' dir='ltr'>vir</span> <span class='ocrx_word' id='word_1_219' title='bbox 1234 2038 1509 2089; x_wconf 72' lang='lat' dir='ltr'>deotissime:</span> <span class='ocrx_word' id='word_1_220' title='bbox 1537 2046 1763 2088; x_wconf 84' lang='lat' dir='ltr'>excellen-</span> 
     </span>
     <span class='ocr_line' id='line_1_25' title="bbox 136 2120 1764 2177; baseline 0.001 -16"><span class='ocrx_word' id='word_1_221' title='bbox 136 2120 223 2164; x_wconf 88' lang='lat' dir='ltr'>tiae</span> <span class='ocrx_word' id='word_1_222' title='bbox 253 2122 474 2175; x_wconf 83' lang='lat' dir='ltr'>quaedam</span> <span class='ocrx_word' id='word_1_223' title='bbox 506 2123 603 2164; x_wconf 90' lang='lat' dir='ltr'>Deo</span> <span class='ocrx_word' id='word_1_224' title='bbox 632 2121 677 2162; x_wconf 90' lang='lat' dir='ltr'>in</span> <span class='ocrx_word' id='word_1_225' title='bbox 707 2121 928 2177; x_wconf 88' lang='lat' dir='ltr'>scriptura</span> <span class='ocrx_word' id='word_1_226' title='bbox 952 2122 1145 2164; x_wconf 88' lang='lat' dir='ltr'>tributae</span> <span class='ocrx_word' id='word_1_227' title='bbox 1174 2137 1273 2166; x_wconf 91' lang='lat' dir='ltr'>esse</span> <span class='ocrx_word' id='word_1_228' title='bbox 1295 2121 1523 2173; x_wconf 85' lang='lat' dir='ltr'>videntur,</span> <span class='ocrx_word' id='word_1_229' title='bbox 1550 2121 1623 2163; x_wconf 91' lang='lat' dir='ltr'>vbi</span> <span class='ocrx_word' id='word_1_230' title='bbox 1646 2121 1764 2177; x_wconf 77' lang='lat' dir='ltr'>legi-</span> 
     </span>
     <span class='ocr_line' id='line_1_26' title="bbox 134 2198 1761 2254; baseline 0.002 -17"><span class='ocrx_word' id='word_1_231' title='bbox 134 2211 234 2239; x_wconf 90' lang='lat' dir='ltr'>mus</span> <span class='ocrx_word' id='word_1_232' title='bbox 255 2198 460 2241; x_wconf 83' lang='lat' dir='ltr'>laborare</span> <span class='ocrx_word' id='word_1_233' title='bbox 484 2200 648 2250; x_wconf 83' lang='lat' dir='ltr'>Deum,</span> <span class='ocrx_word' id='word_1_234' title='bbox 673 2199 825 2241; x_wconf 93' lang='lat' dir='ltr'>dolere</span> <span class='ocrx_word' id='word_1_235' title='bbox 848 2206 880 2240; x_wconf 74' lang='lat' dir='ltr'>g:</span> <span class='ocrx_word' id='word_1_236' title='bbox 906 2198 1003 2241; x_wconf 89' lang='lat' dir='ltr'>illas</span> <span class='ocrx_word' id='word_1_237' title='bbox 1026 2213 1117 2240; x_wconf 92' lang='lat' dir='ltr'>non</span> <span class='ocrx_word' id='word_1_238' title='bbox 1141 2198 1286 2254; x_wconf 91' lang='lat' dir='ltr'>potuit</span> <span class='ocrx_word' id='word_1_239' title='bbox 1311 2213 1450 2254; x_wconf 89' lang='lat' dir='ltr'>purus</span> <span class='ocrx_word' id='word_1_240' title='bbox 1473 2200 1610 2240; x_wconf 90' lang='lat' dir='ltr'>homo</span> <span class='ocrx_word' id='word_1_241' title='bbox 1633 2213 1761 2253; x_wconf 87' lang='lat' dir='ltr'>prae-</span> 
     </span>
     <span class='ocr_line' id='line_1_27' title="bbox 134 2274 1757 2330; baseline 0.001 -15"><span class='ocrx_word' id='word_1_242' title='bbox 134 2281 251 2316; x_wconf 90' lang='lat' dir='ltr'>stare</span> <span class='ocrx_word' id='word_1_243' title='bbox 284 2275 353 2316; x_wconf 92' lang='lat' dir='ltr'>vel</span> <span class='ocrx_word' id='word_1_244' title='bbox 388 2274 567 2329; x_wconf 88' lang='lat' dir='ltr'>assequi</span> <span class='ocrx_word' id='word_1_245' title='bbox 601 2274 634 2327; x_wconf 91' lang='lat' dir='ltr'>h;</span> <span class='ocrx_word' id='word_1_246' title='bbox 667 2276 789 2317; x_wconf 87' lang='lat' dir='ltr'>solus</span> <span class='ocrx_word' id='word_1_247' title='bbox 817 2290 924 2318; x_wconf 86' lang='lat' dir='ltr'>vero</span> <span class='ocrx_word' id='word_1_248' title='bbox 952 2274 960 2299; x_wconf 57' lang='grc' dir='ltr'><strong>ἱ</strong></span> <span class='ocrx_word' id='word_1_249' title='bbox 983 2275 1027 2316; x_wconf 92' lang='lat' dir='ltr'>id</span> <span class='ocrx_word' id='word_1_250' title='bbox 1051 2275 1195 2330; x_wconf 88' lang='lat' dir='ltr'>potuit</span> <span class='ocrx_word' id='word_1_251' title='bbox 1220 2275 1483 2330; x_wconf 72' lang='lat' dir='ltr'>vnigenitus</span> <span class='ocrx_word' id='word_1_252' title='bbox 1514 2274 1598 2318; x_wconf 91' lang='lat' dir='ltr'>Dei</span> <span class='ocrx_word' id='word_1_253' title='bbox 1622 2274 1757 2325; x_wconf 90' lang='lat' dir='ltr'>filius,</span> 
     </span>
     <span class='ocr_line' id='line_1_28' title="bbox 134 2350 1760 2406; baseline 0.001 -15"><span class='ocrx_word' id='word_1_254' title='bbox 134 2350 281 2393; x_wconf 90' lang='lat' dir='ltr'>factus</span> <span class='ocrx_word' id='word_1_255' title='bbox 310 2353 460 2402; x_wconf 85' lang='lat' dir='ltr'>homo,</span> <span class='ocrx_word' id='word_1_256' title='bbox 493 2351 569 2406; x_wconf 90' lang='lat' dir='ltr'>qui</span> <span class='ocrx_word' id='word_1_257' title='bbox 592 2351 636 2394; x_wconf 90' lang='lat' dir='ltr'>in</span> <span class='ocrx_word' id='word_1_258' title='bbox 660 2351 873 2394; x_wconf 87' lang='lat' dir='ltr'>vniuerso</span> <span class='ocrx_word' id='word_1_259' title='bbox 896 2366 1005 2395; x_wconf 88' lang='lat' dir='ltr'>suae</span> <span class='ocrx_word' id='word_1_260' title='bbox 1034 2352 1182 2393; x_wconf 89' lang='lat' dir='ltr'>carnis</span> <span class='ocrx_word' id='word_1_261' title='bbox 1211 2351 1441 2406; x_wconf 90' lang='lat' dir='ltr'>mysterio,</span> <span class='ocrx_word' id='word_1_262' title='bbox 1474 2350 1519 2392; x_wconf 91' lang='lat' dir='ltr'>in</span> <span class='ocrx_word' id='word_1_263' title='bbox 1549 2350 1760 2392; x_wconf 87' lang='lat' dir='ltr'>omnibus</span> 
     </span>
     <span class='ocr_line' id='line_1_29' title="bbox 132 2427 1756 2484; baseline -0.001 -15"><span class='ocrx_word' id='word_1_264' title='bbox 132 2427 472 2482; x_wconf 87' lang='lat' dir='ltr'>operationibus</span> <span class='ocrx_word' id='word_1_265' title='bbox 501 2429 795 2471; x_wconf 86' lang='lat' dir='ltr'>excellentem</span> <span class='ocrx_word' id='word_1_266' title='bbox 819 2444 866 2472; x_wconf 92' lang='lat' dir='ltr'>se</span> <span class='ocrx_word' id='word_1_267' title='bbox 889 2428 1097 2484; x_wconf 87' lang='lat' dir='ltr'>praebuit</span> <span class='ocrx_word' id='word_1_268' title='bbox 1119 2443 1255 2483; x_wconf 89' lang='lat' dir='ltr'>supra</span> <span class='ocrx_word' id='word_1_269' title='bbox 1279 2428 1478 2469; x_wconf 87' lang='lat' dir='ltr'>omnium</span> <span class='ocrx_word' id='word_1_270' title='bbox 1503 2427 1756 2469; x_wconf 89' lang='lat' dir='ltr'>mortalium</span> 
     </span>
     <span class='ocr_line' id='line_1_30' title="bbox 130 2497 1755 2560; baseline 0.001 -15"><span class='ocrx_word' id='word_1_271' title='bbox 130 2511 335 2547; x_wconf 85' lang='lat' dir='ltr'>naturam</span> <span class='ocrx_word' id='word_1_272' title='bbox 359 2497 432 2548; x_wconf 74' lang='lat' dir='ltr'>&#39;vel</span> <span class='ocrx_word' id='word_1_273' title='bbox 456 2513 652 2560; x_wconf 89' lang='lat' dir='ltr'>captum.</span> <span class='ocrx_word' id='word_1_274' title='bbox 676 2506 806 2547; x_wconf 86' lang='lat' dir='ltr'>Hanc</span> <span class='ocrx_word' id='word_1_275' title='bbox 825 2505 1156 2555; x_wconf 85' lang='lat' dir='ltr'>excellentiam,</span> <span class='ocrx_word' id='word_1_276' title='bbox 1179 2506 1301 2546; x_wconf 89' lang='lat' dir='ltr'>hunc</span> <span class='ocrx_word' id='word_1_277' title='bbox 1323 2519 1558 2548; x_wconf 84' lang='lat' dir='ltr'>excessum</span> <span class='ocrx_word' id='word_1_278' title='bbox 1578 2504 1588 2535; x_wconf 81' lang='lat' dir='ltr'>J&#39;</span> <span class='ocrx_word' id='word_1_279' title='bbox 1607 2518 1755 2547; x_wconf 88' lang='lat' dir='ltr'>rerum</span> 
     </span>
    </p>
   </div>
   <div class='ocr_carea' id='block_1_3' title="bbox 125 2641 1756 2925">
    <p class='ocr_par' dir='ltr' id='par_1_3' title="bbox 125 2641 1756 2925">
     <span class='ocr_line' id='line_1_31' title="bbox 199 2641 1756 2688; baseline -0.001 -12"><span class='ocrx_word' id='word_1_280' title='bbox 199 2651 217 2667; x_wconf 73' lang='lat' dir='ltr'>a</span> <span class='ocrx_word' id='word_1_281' title='bbox 265 2642 452 2677; x_wconf 85' lang='lat' dir='ltr'>Iteratum</span> <span class='ocrx_word' id='word_1_282' title='bbox 472 2643 545 2676; x_wconf 91' lang='lat' dir='ltr'>hoc</span> <span class='ocrx_word' id='word_1_283' title='bbox 566 2642 675 2677; x_wconf 85' lang='lat' dir='ltr'>verb.</span> <span class='ocrx_word' id='word_1_284' title='bbox 698 2642 736 2676; x_wconf 90' lang='lat' dir='ltr'>in</span> <span class='ocrx_word' id='word_1_285' title='bbox 756 2653 826 2677; x_wconf 89' lang='lat' dir='ltr'>ms.</span> <span class='ocrx_word' id='word_1_286' title='bbox 879 2644 944 2669; x_wconf 89' lang='lat' dir='ltr'>—b</span> <span class='ocrx_word' id='word_1_287' title='bbox 963 2642 1039 2676; x_wconf 89' lang='lat' dir='ltr'>Hic</span> <span class='ocrx_word' id='word_1_288' title='bbox 1060 2641 1195 2688; x_wconf 89' lang='lat' dir='ltr'>incipit</span> <span class='ocrx_word' id='word_1_289' title='bbox 1215 2653 1350 2677; x_wconf 87' lang='lat' dir='ltr'>manus</span> <span class='ocrx_word' id='word_1_290' title='bbox 1369 2641 1529 2677; x_wconf 86' lang='lat' dir='ltr'>librarii.</span> <span class='ocrx_word' id='word_1_291' title='bbox 1580 2651 1645 2668; x_wconf 80' lang='lat'>—0</span> <span class='ocrx_word' id='word_1_292' title='bbox 1671 2642 1756 2675; x_wconf 94' lang='lat' dir='ltr'>Hoc</span> 
     </span>
     <span class='ocr_line' id='line_1_32' title="bbox 130 2700 1752 2748; baseline 0.001 -15"><span class='ocrx_word' id='word_1_293' title='bbox 130 2701 238 2734; x_wconf 88' lang='lat' dir='ltr'>verb.</span> <span class='ocrx_word' id='word_1_294' title='bbox 258 2712 278 2735; x_wconf 88' lang='lat' dir='ltr'>a</span> <span class='ocrx_word' id='word_1_295' title='bbox 299 2701 389 2737; x_wconf 79' lang='lat' dir='ltr'>Nat.</span> <span class='ocrx_word' id='word_1_296' title='bbox 409 2701 598 2736; x_wconf 89' lang='lat' dir='ltr'>additum.</span> <span class='ocrx_word' id='word_1_297' title='bbox 650 2702 715 2728; x_wconf 88' lang='lat' dir='ltr'>—d</span> <span class='ocrx_word' id='word_1_298' title='bbox 743 2701 947 2736; x_wconf 88' lang='lat' dir='ltr'>Emendat.</span> <span class='ocrx_word' id='word_1_299' title='bbox 967 2713 988 2735; x_wconf 91' lang='lat' dir='ltr'>a</span> <span class='ocrx_word' id='word_1_300' title='bbox 1008 2701 1097 2736; x_wconf 84' lang='lat' dir='ltr'>Nat.</span> <span class='ocrx_word' id='word_1_301' title='bbox 1118 2713 1165 2735; x_wconf 90' lang='lat' dir='ltr'>ex</span> <span class='ocrx_word' id='word_1_302' title='bbox 1180 2701 1407 2748; x_wconf 78' lang='lat' dir='ltr'>proficeret.</span> <span class='ocrx_word' id='word_1_303' title='bbox 1460 2711 1522 2728; x_wconf 79' lang='lat' dir='ltr'>—e</span> <span class='ocrx_word' id='word_1_304' title='bbox 1548 2700 1752 2736; x_wconf 85' lang='lat' dir='ltr'>Emendat.</span> 
     </span>
     <span class='ocr_line' id='line_1_33' title="bbox 127 2759 1752 2806; baseline 0.001 -14"><span class='ocrx_word' id='word_1_305' title='bbox 127 2770 146 2792; x_wconf 87' lang='lat' dir='ltr'>a</span> <span class='ocrx_word' id='word_1_306' title='bbox 167 2759 256 2796; x_wconf 86' lang='lat' dir='ltr'>Nat.</span> <span class='ocrx_word' id='word_1_307' title='bbox 278 2771 326 2794; x_wconf 83' lang='lat' dir='ltr'>ex</span> <span class='ocrx_word' id='word_1_308' title='bbox 345 2761 540 2806; x_wconf 74' lang='lat' dir='ltr'>disposuit-</span> <span class='ocrx_word' id='word_1_309' title='bbox 559 2762 601 2795; x_wconf 85' lang='lat' dir='ltr'>in</span> <span class='ocrx_word' id='word_1_310' title='bbox 620 2772 672 2798; x_wconf 87' lang='lat' dir='ltr'>se.</span> <span class='ocrx_word' id='word_1_311' title='bbox 725 2761 785 2787; x_wconf 80' lang='lat' dir='ltr'>—f</span> <span class='ocrx_word' id='word_1_312' title='bbox 806 2759 1012 2795; x_wconf 88' lang='lat' dir='ltr'>Emendat.</span> <span class='ocrx_word' id='word_1_313' title='bbox 1033 2772 1054 2795; x_wconf 87' lang='lat' dir='ltr'>a</span> <span class='ocrx_word' id='word_1_314' title='bbox 1074 2760 1163 2795; x_wconf 91' lang='lat' dir='ltr'>Nat.</span> <span class='ocrx_word' id='word_1_315' title='bbox 1184 2771 1232 2794; x_wconf 87' lang='lat' dir='ltr'>ex</span> <span class='ocrx_word' id='word_1_316' title='bbox 1252 2761 1294 2794; x_wconf 83' lang='lat' dir='ltr'>in</span> <span class='ocrx_word' id='word_1_317' title='bbox 1320 2772 1399 2805; x_wconf 82' lang='lat' dir='ltr'>qua</span> <span class='ocrx_word' id='word_1_318' title='bbox 1418 2772 1506 2795; x_wconf 81' lang='lat' dir='ltr'>vere</span> <span class='ocrx_word' id='word_1_319' title='bbox 1530 2772 1576 2794; x_wconf 82' lang='lat' dir='ltr'>ex</span> <span class='ocrx_word' id='word_1_320' title='bbox 1599 2772 1642 2794; x_wconf 85' lang='lat' dir='ltr'>re</span> <span class='ocrx_word' id='word_1_321' title='bbox 1666 2761 1752 2806; x_wconf 79' lang='lat' dir='ltr'>ipsa</span> 
     </span>
     <span class='ocr_line' id='line_1_34' title="bbox 125 2819 1753 2863; baseline 0.001 -12"><span class='ocrx_word' id='word_1_322' title='bbox 125 2820 378 2863; x_wconf 79' lang='lat' dir='ltr'>experiretur</span> <span class='ocrx_word' id='word_1_323' title='bbox 401 2832 448 2855; x_wconf 85' lang='lat' dir='ltr'>ac</span> <span class='ocrx_word' id='word_1_324' title='bbox 469 2821 748 2863; x_wconf 71' lang='lat' dir='ltr'>substentaret.</span> <span class='ocrx_word' id='word_1_325' title='bbox 799 2830 865 2854; x_wconf 76' lang='lat' dir='ltr'>—g</span> <span class='ocrx_word' id='word_1_326' title='bbox 890 2819 1147 2854; x_wconf 86' lang='lat' dir='ltr'>Emendatum</span> <span class='ocrx_word' id='word_1_327' title='bbox 1173 2831 1220 2854; x_wconf 87' lang='lat' dir='ltr'>ex</span> <span class='ocrx_word' id='word_1_328' title='bbox 1244 2820 1390 2860; x_wconf 79' lang='lat' dir='ltr'>dolere,</span> <span class='ocrx_word' id='word_1_329' title='bbox 1410 2819 1655 2854; x_wconf 80' lang='lat' dir='ltr'>contristari.</span> <span class='ocrx_word' id='word_1_330' title='bbox 1710 2840 1753 2844; x_wconf 91' lang='lat'><strong>—</strong></span> 
     </span>
     <span class='ocr_line' id='line_1_35' title="bbox 127 2877 1752 2925; baseline 0.001 -14"><span class='ocrx_word' id='word_1_331' title='bbox 127 2878 143 2903; x_wconf 85' lang='lat' dir='ltr'>h</span> <span class='ocrx_word' id='word_1_332' title='bbox 172 2877 374 2912; x_wconf 78' lang='lat' dir='ltr'>Emendat.</span> <span class='ocrx_word' id='word_1_333' title='bbox 406 2890 427 2913; x_wconf 90' lang='lat' dir='ltr'>a</span> <span class='ocrx_word' id='word_1_334' title='bbox 459 2879 548 2914; x_wconf 75' lang='lat' dir='ltr'>Nat.</span> <span class='ocrx_word' id='word_1_335' title='bbox 575 2891 623 2914; x_wconf 84' lang='lat' dir='ltr'>ex</span> <span class='ocrx_word' id='word_1_336' title='bbox 654 2880 845 2924; x_wconf 76' lang='lat' dir='ltr'>accipere,</span> <span class='ocrx_word' id='word_1_337' title='bbox 869 2878 972 2924; x_wconf 88' lang='lat' dir='ltr'>quod</span> <span class='ocrx_word' id='word_1_338' title='bbox 991 2878 1072 2913; x_wconf 85' lang='lat' dir='ltr'>fere</span> <span class='ocrx_word' id='word_1_339' title='bbox 1097 2878 1304 2925; x_wconf 83' lang='lat' dir='ltr'>scripserat</span> <span class='ocrx_word' id='word_1_340' title='bbox 1335 2878 1528 2913; x_wconf 89' lang='lat' dir='ltr'>librarius.</span> <span class='ocrx_word' id='word_1_341' title='bbox 1580 2879 1636 2904; x_wconf 78' lang='lat' dir='ltr'>-i</span> <span class='ocrx_word' id='word_1_342' title='bbox 1668 2879 1752 2913; x_wconf 91' lang='lat' dir='ltr'>Hoc</span> 
     </span>
    </p>
   </div>
   <div class='ocr_carea' id='block_1_4' title="bbox 125 2936 928 2974">
    <p class='ocr_par' dir='ltr' id='par_1_4' title="bbox 125 2936 928 2974">
     <span class='ocr_line' id='line_1_36' title="bbox 125 2936 928 2974; baseline 0.006 -5"><span class='ocrx_word' id='word_1_343' title='bbox 125 2936 234 2973; x_wconf 82' lang='lat' dir='ltr'>verb.</span> <span class='ocrx_word' id='word_1_344' title='bbox 254 2936 374 2972; x_wconf 85' lang='lat' dir='ltr'>addit.</span> <span class='ocrx_word' id='word_1_345' title='bbox 395 2949 416 2972; x_wconf 86' lang='lat' dir='ltr'>a</span> <span class='ocrx_word' id='word_1_346' title='bbox 435 2938 525 2973; x_wconf 89' lang='lat' dir='ltr'>Nat.</span> <span class='ocrx_word' id='word_1_347' title='bbox 576 2939 631 2971; x_wconf 82' lang='lat' dir='ltr'><strong>——J&#39;</strong></span> <span class='ocrx_word' id='word_1_348' title='bbox 657 2949 836 2974; x_wconf 83' lang='lat' dir='ltr'>excesum</span> <span class='ocrx_word' id='word_1_349' title='bbox 856 2950 928 2974; x_wconf 89' lang='lat' dir='ltr'>ms.</span> 
     </span>
    </p>
   </div>
   <div class='ocr_carea' id='block_1_5' title="bbox 127 3011 253 3018">
    <p class='ocr_par' dir='ltr' id='par_1_5' title="bbox 127 3011 253 3018">
     <span class='ocr_line' id='line_1_37' title="bbox 127 3011 253 3018; baseline 0 408"><span class='ocrx_word' id='word_1_350' title='bbox 127 3011 253 3018; x_wconf 95' lang='lat' dir='ltr'> </span> 
     </span>
    </p>
   </div>
   <div class='ocr_carea' id='block_1_6' title="bbox 255 3015 386 3020">
    <p class='ocr_par' dir='ltr' id='par_1_6' title="bbox 255 3015 386 3020">
     <span class='ocr_line' id='line_1_38' title="bbox 255 3015 386 3020; baseline 0 0"><span class='ocrx_word' id='word_1_351' title='bbox 255 3015 386 3020; x_wconf 95' lang='lat' dir='ltr'> </span> 
     </span>
    </p>
   </div>
   <div class='ocr_carea' id='block_1_7' title="bbox 196 3054 1559 3103">
    <p class='ocr_par' dir='ltr' id='par_1_7' title="bbox 196 3054 1559 3103">
     <span class='ocr_line' id='line_1_39' title="bbox 196 3054 1559 3103; baseline 0.001 -13"><span class='ocrx_word' id='word_1_352' title='bbox 196 3054 205 3074; x_wconf 94' lang='lat'>¹</span> <span class='ocrx_word' id='word_1_353' title='bbox 258 3057 372 3103; x_wconf 83' lang='lat' dir='ltr'>ISA1.,</span> <span class='ocrx_word' id='word_1_354' title='bbox 392 3057 472 3101; x_wconf 89' lang='lat' dir='ltr'>LV,</span> <span class='ocrx_word' id='word_1_355' title='bbox 494 3059 533 3094; x_wconf 85' lang='lat'>3.</span> <span class='ocrx_word' id='word_1_356' title='bbox 1176 3058 1190 3077; x_wconf 65' lang='lat'>“2</span> <span class='ocrx_word' id='word_1_357' title='bbox 1241 3056 1362 3100; x_wconf 79' lang='lat' dir='ltr'>GAL.‚</span> <span class='ocrx_word' id='word_1_358' title='bbox 1383 3056 1447 3101; x_wconf 77' lang='lat' dir='ltr'>IV,</span> <span class='ocrx_word' id='word_1_359' title='bbox 1469 3067 1504 3102; x_wconf 80' lang='lat'>4,</span> <span class='ocrx_word' id='word_1_360' title='bbox 1525 3065 1559 3099; x_wconf 85' lang='lat'>5.</span> 
     </span>
    </p>
   </div>
  </div>
 </body>
</html>
