2028 3426
382 264 428 299 88
959 262 1137 298 No‘rmA
1165 270 1354 298 comeum

335 374 403 421 pit:
431 373 502 410 «El
524 373 694 410 meditat
710 361 738 422 ‘y
760 385 849 410 orar
869 372 933 409 dcl
955 372 1176 409 scholar...»
1202 371 1298 408 Des.
1321 371 1386 409 fol.
1406 380 1496 417 92v:
1521 387 1582 410 «...
1604 383 1655 408 en
1675 371 1751 408 ella
1770 372 1911 409 misma
1927 371 1966 409 lo
1984 347 2025 417 {ff}

333 445 667 482 demandcmos.»
691 444 828 480 Altera
850 455 942 491 pars
964 443 1210 488 immediate,
1231 443 1317 479 sine
1337 443 1452 480 titulo
1479 444 1671 490 sequitur:
1702 426 2026 481 «Aduiertase⁴

331 516 370 553 el
391 516 516 553 modo
545 528 625 563 que
652 516 812 552 tiene...·
853 515 948 551 Des.
979 531 1039 551 «...
1067 513 1343 551 fortitudinem
1369 513 1558 552 Societati
1586 525 1695 551 suae.
1723 514 1966 552 Benedictus
1991 504 2021 563 ’,Τ

332 588 481 625 Deus.»
507 587 592 624 Fol.
614 597 666 633 94
686 598 832 634 purum
853 591 927 623 est.
1945 579 1955 585 ⁸
1982 596 2022 642 ¹>1

414 659 499 696 Fol.
520 659 708 704 95ῑ-98ν,
730 663 791 694 cst
811 657 980 694 alterum
1000 662 1298 704 transumptum
1319 657 1503 705 ejusdcm
1530 657 1803 695 instructionis
1829 658 1880 695 ad
1908 658 1966 696 fo·
1986 640 2021 729 {l

333 731 428 767 lium
464 739 510 776 54
540 730 692 777 primae
722 729 844 776 partis
874 728 1114 776 descriptae,
1135 739 1257 775 quam
1279 728 1319 764 P.
1343 727 1496 765 Natalis
1516 728 1784 766 Salmanticae
1803 729 1968 768 tradidit
1978 684 2021 746 Ι

331 814 440 838 anno
469 802 578 847 1562,
600 801 651 837 de
673 800 808 837 officio
831 800 1119 836 examinatoris
1140 804 1180 836 et
1206 799 1258 836 de
1284 800 1439 836 ratione
1465 799 1727 837 examinandi
1754 799 1966 839 Societatis
1988 790 2019 847 Q}

331 873 583 910 candidatos.
606 873 688 909 lnc.
713 871 773 908 «A
794 877 880 908 este
908 871 1043 908 officio
1063 876 1219 908 toea...»
1243 871 1340 908 Des.
1446 884 1497 908 en
1518 883 1638 908 mano
1659 872 1724 908 del
1745 873 1963 920 superior.»
1979 846 2020 930 gi

332 946 477 982 Manus
494 945 638 981 cadem
658 944 830 990 videtur,
846 955 950 991 quae
967 955 1088 991 supra
1109 944 1148 980 in
1167 948 1339 981 tractatu
1355 944 1407 980 de
1424 944 1618 990 oratione,
1634 944 1675 981 ff.
1691 953 1828 993 91-93.
1846 944 1965 982 Unde
1982 931 2005 983 ’ζ’

330 1018 452 1053 ctiam
473 1016 549 1053 sub
571 1016 612 1053 P.
635 1015 766 1052 Natali
788 1017 867 1053 hoc
893 1015 1129 1063 exemplum
1158 1014 1421 1063 probabiliter
1447 1015 1642 1063 scriptum
1674 1015 1797 1054 fuisse
1823 1027 1965 1054 cense-
1985 1000 2002 1032 7

330 1100 435 1133 mus,
465 1089 558 1124 licet
583 1087 686 1124 illius
711 1099 856 1124 manus
882 1086 936 1124 ibi
963 1099 1046 1124 non
1073 1091 1280 1135 appareat;
1307 1092 1347 1123 et
1372 1099 1426 1124 ex
1446 1088 1524 1124 hoc
1553 1087 1813 1136 desumptum
1843 1068 2005 1143 fuisse}

333 1161 442 1208 prius
462 1164 773 1207 transumptum,
795 1158 907 1206 quod
928 1163 990 1195 est
1009 1169 1032 1195 a
1053 1158 1119 1196 fol.
1132 1159 1192 1205 ’54
1211 1159 1363 1206 primae
1384 1159 1519 1206 partis.
1987 1203 1990 1207 1

407 1231 493 1268 Fol.
513 1231 606 1277 98v,
628 1235 690 1267 est
714 1230 916 1267 attestatio
944 1229 1143 1267 facultatis
1175 1229 1417 1266 absolvendi
1448 1235 1489 1266 et
1513 1229 1777 1278 dispensandi
1807 1231 1846 1267 in
1876 1230 1998 1268 foro

324 1304 496 1348 interno,
518 1314 540 1339 a
561 1302 753 1339 cardinali
775 1302 1085 1350 archiepiscopo
1112 1300 1383 1350 Ulyssiponae
1411 1301 1597 1338 Patribus
1623 1300 1836 1339 Societatis
1864 1313 1963 1339 con-
1988 1291 1994 1319 J

324 1381 478 1406 cessae.
501 1369 583 1406 Inc.
609 1368 868 1405 «Faculdade
889 1379 970 1415 que
991 1380 1015 1404 o
1037 1367 1258 1405 cardeal...»
1281 1367 1377 1405 Des.
1402 1384 1461 1405 «...
1484 1379 1548 1404 em
1569 1367 1777 1416 Almeyrin
1797 1379 1819 1405 a
1843 1378 1886 1417 31
1912 1368 1987 1406 de'.

323 1441 483 1488 Janeiro
505 1441 557 1477 dc
583 1440 695 1486 1565.
711 1440 820 1476 Dom
834 1439 1036 1476 Martinho
1058 1439 1267 1488 Pereyra.»

406 1511 492 1549 Fol.
513 1521 578 1557 99,
599 1510 675 1548 sub
695 1512 773 1548 hoc
794 1510 921 1548 titulo:
947 1509 1180 1547 «Praefecto
1203 1510 1254 1547 de
1283 1491 1344 1546 los
1366 1509 1558 1547 stadios.»
1585 1509 1788 1547 habentur
1813 1521 1963 1548 novem

307 1583 504 1633 regulae,
522 1594 594 1620 scu
615 1583 781 1628 monita,
797 1581 848 1619 ab
869 1581 929 1628 iis,
945 1581 1014 1629 qui
1035 1581 1178 1618 studiis
1197 1581 1497 1629 praeficiuntur,
1513 1580 1782 1619 observanda.
1800 1581 1962 1619 Discre-
1983 1571 1989 1578 ”

325 1660 425 1703 pant
455 1666 620 1703 prorsus
655 1653 706 1690 ab
733 1653 818 1690 aliis
852 1653 1002 1702 regulis
1041 1653 1243 1701 praefecti
1271 1652 1508 1698 studiorum,
1543 1663 1648 1700 quae
1683 1653 1723 1689 in
1753 1652 1963 1690 codicibus

327 1725 496 1763 slliscell.
518 1725 566 1762 dc
586 1725 713 1774 regul.
734 1725 774 1762 S.
793 1723 848 1770 J.,
870 1723 1111 1764 Rom..stud.
1134 1723 1167 1769 l,
1190 1730 1229 1761 et
1254 1723 1346 1761 Cod.
1380 1723 1500 1761 Vatic.
1528 1730 1551 1773 7
1570 1724 1836 1772 reperiuntur.
1858 1723 1962 1762 Cum

324 1804 461 1835 autem
482 1798 584 1834 inter
604 1802 785 1834 caeteras
806 1796 978 1846 regulas,
999 1797 1038 1832 in
1059 1796 1309 1833 Lusitaniam
1331 1807 1353 1832 a
1374 1795 1505 1833 Natali
1527 1795 1726 1842 inductas,
1754 1796 1962 1833 invenian-

322 1876 400 1915 tur,
421 1875 459 1906 et
480 1869 531 1906 ab
552 1870 641 1916 ipso
662 1868 837 1914 librario,
867 1869 934 1916 qui
961 1867 1121 1917 regulas
1148 1867 1363 1913 infirmarii,
1390 1867 1500 1913 ibid.,
1531 1867 1571 1904 ff.
1598 1867 1737 1914 61-64,
1767 1867 1961 1914 exaravit,

323 1946 599 1988 transumptac
622 1932 780 1986 fuerint,
800 1939 919 1976 valde
939 1939 1201 1988 probabiliter
1221 1950 1289 1975 eas
1310 1939 1558 1986 antiquiores
1580 1939 1749 1976 caeteris
1769 1939 1961 1986 praefecti
1983 1924 1986 1930 ¹

325 2012 552 2050 studiorum
579 2011 728 2061 regulis
753 2011 1045 2048 existimamus.
1074 2010 1155 2048 Inc.
1187 2010 1317 2058 «Sepa
1351 2022 1426 2058 por
1452 2010 1488 2047 la
1524 2010 1825 2048 ordinacion...»
1862 2010 1958 2048 Des.
1970 2023 1977 2027 '¹

327 2100 390 2120 «...
413 2095 509 2131 para
529 2084 656 2120 mcior
676 2082 805 2131 podet
824 2083 950 2120 seruit
969 2082 992 2119 a
1009 2082 1106 2130 Jesu
1126 2081 1197 2119 X.⁰
1218 2082 1266 2119 N.
1289 2081 1351 2119 S.»

410 2155 495 2191 Fol.
538 2164 766 2200 1001·-102v‚
800 2154 972 2191 habetur
1005 2158 1301 2202 transumptum
1331 2154 1586 2201 antiquarum
1615 2153 1857 2202 regularum,
1887 2165 1959 2201 pro

324 2226 578 2264 scholasticis
599 2225 810 2263 Societatis
831 2237 853 2262 a
874 2226 913 2262 P.
936 2225 1067 2262 Natali
1089 2225 1338 2272 scriptarum.
1362 2224 1485 2272 Quod
1506 2224 1558 2261 ad
1579 2224 1847 2261 substantiam
1869 2224 1978 2261 atti->

325 2303 406 2344 net,
427 2309 568 2345 parum
589 2297 820 2344 discrepant
841 2296 892 2333 ab
909 2296 1100 2344 exemplo
1117 2296 1240 2333 latino
1261 2294 1353 2332 Cod.
1382 2295 1500 2333 Vatic.
1514 2304 1554 2343 3,
1572 2295 1639 2333 fol.
1661 2305 1745 2345 123;
1762 2296 1801 2332 in
1818 2296 1960 2333 ordine

324 2375 460 2407 tamen
488 2374 527 2405 ct
561 2368 841 2416 dispositione,
868 2368 1037 2404 multum
1072 2367 1123 2404 ab
1158 2367 1232 2404 illis
1261 2367 1445 2404 diversae
1476 2367 1848 2415 deprehenduntur.
1879 2367 1960 2404 Eas

325 2442 429 2477 inter
467 2440 692 2487 antiquiora
731 2439 956 2476 studiorum
995 2439 1207 2476 Societatis
1247 2438 1494 2475 documenta
1533 2438 1814 2487 evulgavimus
1850 2437 1958 2486 apud

329 2511 508 2549 Μοηῑιυι.
537 2510 730 2558 Pacdag„
752 2522 843 2559 pag.
865 2511 955 2556 650.
978 2509 1060 2548 Inc.
1084 2510 1154 2547 «El
1174 2510 1229 2546 fin
1252 2510 1342 2547 de...
1369 2510 1406 2546 la
1433 2509 1678 2547 doctrina...»
1706 2510 1801 2547 Des.
1825 2526 1890 2566 «...·
1914 2521 1958 2547 se

327 2583 491 2631 puedan
515 2582 656 2619 aiudar
676 2582 698 2618 a
718 2583 846 2630 major
865 2582 991 2631 gloria
1011 2582 1184 2619 diuina.»

404 2653 489 2690 Fol.
533 2662 616 2701 103,
654 2652 826 2700 «Reglas
861 2664 956 2700 para
990 2652 1051 2689 los
1084 2652 1305 2689 nouicios.»
1343 2651 1427 2689 Sub
1461 2652 1538 2688 hoc
1573 2651 1703 2697 titulo,
1738 2656 1778 2688 et
1813 2651 1979 2702 eadem„

324 2737 458 2770 manu,
493 2724 598 2771 Quae
633 2723 725 2760 folia
764 2724 884 2770 54-60
919 2729 958 2760 ct
984 2724 1057 2760 alia
1085 2725 1204 2771 hujus
1233 2723 1386 2760 codicis
1416 2723 1586 2770 scripsit,
1608 2728 1702 2760 sunt
1736 2711 1957 2760 nonnullae

324 2796 501 2845 regulae,
521 2806 626 2842 quac
648 2795 842 2842 deinceps
869 2795 971 2832 inter
991 2795 1150 2844 regulas
1170 2794 1347 2843 magistri
1370 2794 1614 2831 novitiorum
1640 2795 1772 2842 aptius
1799 2794 1956 2842 positae

323 2869 495 2905 fuerunt.
534 2867 613 2903 Inc.
652 2866 989 2903 <Pri1neramcntc
1016 2878 1066 2903 en
1093 2866 1128 2902 el
1155 2866 1308 2913 tiempo
1335 2865 1386 2902 de
1413 2877 1482 2902 sus
1510 2865 1792 2913 experiencias
1819 2877 1844 2913 y
1865 2876 1969 2917 pro--

324 2940 516 2975 baciones
549 2936 705 2974 tracran
742 2937 801 2973 los
835 2948 1010 2974 mesmos
1045 2936 1290 2974 vestidos...»
1326 2936 1422 2972 Des.
1461 2952 1520 2973 ‹...
1549 2947 1668 2973 como
1703 2935 1894 2983 parecera
1919 2923 1979 2973 al*

321 3011 541 3058 superior.»
1234 3048 1237 3051 ,
1962 3057 1963 3060 ¹

403 3081 487 3118 Fol.
518 3091 621 3127 104r,
656 3085 749 3117 sunt
782 3079 944 3128 regulae
979 3079 1230 3124 correctoris,
1257 3078 1430 3116 lusitano
1461 3089 1647 3115 sermone
1681 3069 1970 3126 conscriptam*
