2028 3426
426 255 700 290 MONUMENTA
726 262 980 290 PROV1NC1AE
1006 253 1312 298 AUSTRIAE—51
1566 254 1634 299 307

87 400 90 405 ,
156 369 223 400 10.
288 358 351 399 M.
372 357 572 413 Joannes
601 355 815 411 Nicolaus
843 370 932 398 non
963 355 1200 411 profitetur
1227 354 1427 410 linguam
1460 362 1677 398 sanctam.

59 434 141 478 Est
163 434 418 488 praefectus
439 432 709 476 studiorum.
734 433 900 475 Factus
929 439 996 475 est
1024 432 1108 473 sub
1138 431 1396 475 uisitatione
1425 433 1477 474 P.
1511 432 1683 475 Natalis

61 509 266 553 minister
287 508 422 551 huius
444 508 638 564 collegii.

157 599 224 629 ΙΙ.
291 588 353 629 Μ.
379 586 704 641 Vuolfgangus
728 585 991 641 Pijrringer,
1017 584 1284 637 labacensis,
1308 584 1402 640 agit
1421 592 1683 640 praecepto—

60 677 156 707 rem
179 662 442 714 rhetorices,
468 662 589 717 leget
613 675 792 717 graeca.
816 663 896 704 Est
918 663 1174 717 praefectus
1197 660 1337 703 chori.

156 751 221 782 12.
287 740 344 781 M.
365 737 550 781 Gabriel
568 738 762 780 Morales
779 752 870 779 non
887 737 998 793 legit
1015 736 1396 790 mathematicam,
1416 737 1538 793 leget
1557 751 1683 792 grae-

61 829 129 860 ca.
156 817 236 859 Est
258 815 514 871 praefectus
536 813 756 856 sanitatis.

155 905 222 947 13.
289 894 342 935 Ρ.
369 891 562 935 Michael
585 892 699 946 Spes
722 892 952 946 profectus
974 899 1042 935 est
1064 893 1270 934 Romam.

157 982 222 1023 14.
290 971 341 1013 P.
369 970 566 1012 Thomas
588 967 860 1010 Zdelaritius
882 969 1016 1011 modo
1034 968 1145 1024 legit
1162 983 1343 1011 cursum
1361 968 1684 1024 philosophiae.

66 1048 148 1090 Est
170 1047 216 1089 in
239 1047 309 1091 2.⁰
331 1061 465 1089 anno.

161 1136 197 1166 Ι.
231 1134 297 1177 15.
365 1125 418 1166 P.
445 1122 672 1167 Henricus
702 1125 835 1173 Pas-iz,
868 1121 1236 1177 vlyssiponensis,
1267 1122 1505 1173 lusitanus,
1538 1121 1688 1164 Coim—

62 1199 215 1243 bricae
245 1200 479 1256 ingressus
508 1206 577 1244 est
603 1199 875 1244 Societatem
905 1213 1023 1241 anno
1058 1209 1184 1252 1551.
1211 1198 1369 1241 Emisit
1391 1206 1498 1240 uota
1521 1198 1685 1242 ibidem

64 1284 165 1333 post
193 1276 386 1333 primum
417 1291 603 1319 annum.
629 1275 762 1332 Legit
789 1291 868 1331 per
890 1277 1006 1317 duos
1029 1290 1173 1317 annos
1195 1276 1356 1317 bonam
1382 1282 1551 1330 partem
1583 1289 1687 1317 cur-

67 1368 145 1397 sus
170 1352 480 1409 philosophiae
511 1361 556 1396 et
590 1352 861 1409 theologiae.
896 1352 1000 1394 Fuit
1032 1352 1195 1395 ibidem
1230 1353 1485 1408 praefectus
1514 1351 1688 1394 studio-

69 1445 185 1472 rum:
228 1430 527 1472 concionatus
554 1436 622 1473 est
660 1430 918 1482 Cordubae,
958 1431 1221 1481 Braccarae‚
1265 1428 1514 1471 Bononiae:
1537 1428 1690 1492 *modo

69 1507 274 1551 Viennae
311 1506 471 1562 partim
511 1506 822 1557 concionatur,
858 1505 1018 1561 partim
1053 1506 1175 1561 leget
1205 1520 1337 1547 casus
1369 1504 1688 1548 conscientiae.

67 1585 186 1627 Cum
211 1592 279 1627 est
301 1583 512 1639 ingresus
536 1582 827 1634 Societatem,
853 1589 949 1626 erat
972 1582 1201 1626 secularis.

160 1673 200 1703 2.
234 1671 300 1714 15.
367 1662 420 1703 P.
447 1661 706 1704 Alexander
729 1660 888 1703 Holler
910 1659 1074 1702 missus
1096 1666 1164 1702 est
1187 1658 1474 1702 Olomucium
1499 1667 1530 1700 a.

165 1739 231 1780 16.
296 1739 355 1782 D.
381 1737 737 1792 Christophorus
760 1736 1027 1788 Strobelius,
1053 1735 1445 1787 ratenbuchensis,
1476 1736 1688 1786 bauarus,

71 1816 240 1858 Romae
272 1815 505 1870 ingressus
538 1821 606 1857 est
639 1813 910 1858 Societatem
943 1827 1060 1855 anno
1104 1823 1211 1866 1555
1250 1811 1294 1854 in
1328 1808 1716 1867 quadragesimas

71 1892 196 1936 Fecit
220 1899 326 1934 uota
348 1891 393 1933 in
417 1891 574 1946 Aprile
596 1898 824 1945 sequente.
850 1890 954 1932 Fuit
977 1895 1126 1932 rector
1144 1888 1392 1931 in‘Prussia
1411 1891 1692 1944 Braunsper-

69 1984 172 2025 gae:
205 1968 316 2024 legit
346 1970 470 2023 Mag.
506 1966 830 2010 sententiarum
855 1967 1065 2009 Treueris
1093 1980 1172 2021 per
1194 1965 1362 2019 aliquot
1390 1979 1584 2016 menses,
1618 1964 1693 2006 ubi

69 2045 206 2089 etiam
230 2045 275 2086 in
298 2044 519 2100 principio
542 2043 585 2086 in
610 2042 738 2099 pagis
761 2050 828 2086 est
851 2042 1091 2097 aliquando
1108 2041 1422 2084 concionatus.
1445 2043 1550 2084 Erat
1569 2055 1693 2084 secu-

72 2121 193 2174 laris,
220 2122 401 2176 quando
424 2120 658 2176 ingressus
681 2113 749 2163 est
771 2119 1058 2163 Societatem.
1255 2110 1258 2113 “

167 2210 234 2252 17.
299 2200 361 2241 M.
388 2196 617 2252 Georgius
639 2197 830 2240 Scherer
852 2211 906 2239 ex
930 2197 1156 2248 Schwatz,
1183 2194 1436 2250 tyrolensis,
1463 2194 1695 2250 ingressus

71 2282 142 2318 est
165 2275 370 2318 Viennae
394 2287 512 2315 anno
541 2283 587 2326 15
596 2283 664 2329 59.
693 2274 861 2316 Eodem
885 2286 1003 2314 anno
1021 2271 1185 2313 ibidem
1205 2271 1346 2313 uouit.
1370 2273 1609 2313 Promotus
1627 2279 1695 2313 est

71 2352 119 2394 in
142 2351 408 2407 magistrum
433 2348 757 2405 philosophiae.
783 2348 906 2392 Nihil
928 2347 1048 2391 aliud
1071 2347 1194 2399 noui,
1219 2347 1305 2390 nisi
1327 2348 1448 2402 quod
1469 2346 1526 2389 sit
1551 2348 1695 2389 factus

72 2427 209 2472 etiam
234 2427 466 2470 sacerdos.

576 2551 888 2582 SCHOLASTICI
923 2551 1188 2581 APPROBATI

170 2659 236 2702 18.
303 2660 365 2701 M.
388 2657 674 2701 Christianus
693 2656 928 2699 Penninck
945 2655 1139 2699 absoluit
1155 2657 1242 2697 hoc
1260 2669 1379 2698 anno
1398 2668 1579 2697 cursum
1599 2653 1694 2709 phi-

75 2735 324 2791 losophiae,
351 2748 484 2789 quem
507 2732 742 2789 praelegit.
770 2734 1075 2786 Persequetur
1096 2733 1183 2773 hoc
1205 2746 1322 2773 anno
1351 2744 1531 2773 cursum
1565 2730 1694 2772 Pauli

81 2811 283 2864 Pruteni‚
310 2824 443 2866 quem
467 2809 668 2853 fortassis
691 2809 747 2852 ad
768 2809 936 2864 pascha
958 2807 1210 2870 proximum
1235 2807 1456 2849 absoluet.

148 3006 166 3022 a
213 2995 289 3030 Hic
307 3005 444 3029 versus
462 2993 616 3028 additus
635 2999 695 3028 est
711 2992 823 3027 finito
837 2991 916 3038 jam
930 2992 1120 3036 catalogo,
1138 2997 1223 3036 post
1238 3001 1438 3025 numerum
1458 2998 1511 3033 15.
1530 2989 1621 3024 Ideo
1635 2990 1697 3024 hic

78 3066 186 3089 num.
205 3053 265 3089 bis
283 3054 447 3088 habetur
465 3052 637 3088 numeris
658 3060 672 3085 Ι
695 3056 734 3086 et
753 3059 772 3085 2
791 3055 960 3086 notatus.
