2028 3426
616 250 891 286 MONUMENTA
918 250 1091 284 ITALIAE
1104 270 1132 273 —
1144 257 1157 283 1
1166 258 1185 293 5
1593 249 1656 294 137

11 390 14 412 3
75 355 163 399 cris
185 352 342 396 litteris
364 366 453 394 non
478 352 528 394 fit
549 351 735 402 mentio;
761 351 882 406 quod
905 350 941 393 si
964 350 1088 393 dicas
1117 350 1267 393 omnia
1290 350 1365 392 illa
1398 351 1571 393 censeri
1605 366 1704 394 esse

12 457 40 466 -
74 436 286 475 contenta
313 428 359 470 in
387 427 525 470 sacris
553 426 730 479 litteris,
755 441 871 481 quae
899 442 955 470 ex
978 426 1087 481 ipsis
1110 433 1468 480 consequuntur,
1502 426 1704 470 similiter

77 521 156 550 nos
178 505 368 548 dicimus
391 503 610 546 contineri
633 503 679 545 in
700 503 836 546 bullis
853 503 1018 546 nostris
1036 511 1080 545 et
1098 502 1254 545 vicarii
1271 517 1437 545 nomen
1455 510 1500 544 et
1518 503 1695 545 electio-

73 597 191 634 nem,
217 580 583 637 quandoquidem
612 594 667 622 ex
696 580 973 623 authoritate
1001 580 1225 622 bullarum
1248 585 1355 621 sunt
1383 579 1558 622 aeditae
1588 593 1699 621 con-

75 658 345 712 stitutiones,
372 671 451 713 per
472 671 584 712 quas
605 656 809 713 legitime
832 663 901 699 est
923 657 1095 700 electus
1123 664 1167 699 et
1196 655 1456 698 nominatus
1486 656 1698 705 vicarius;

12 732 15 744 '
75 737 152 792 qui
171 736 304 777 etiam
328 735 370 776 si
391 749 481 776 non
505 740 625 777 esset
646 734 818 777 electus
841 749 920 789 per
939 732 1302 786 constitutiones,
1323 748 1378 775 ex
1396 732 1530 774 bullis
1549 740 1700 776 tamen

47 806 250 855 'constat
287 824 386 854 esse
424 809 745 854 authoritatem
784 809 829 852 in
867 810 1112 862 Societate‚
1153 824 1242 864 qua
1279 809 1521 852 autoritate
1559 809 1701 864 possit

13 930 15 937 <
74 903 188 939 vnus
224 887 362 942 recipi
389 894 434 929 et
471 887 666 942 probari,
707 886 784 941 qui
822 887 1048 942 gubernet
1080 885 1370 938 Societatem3
1409 884 1447 928 is
1479 885 1576 928 sine
1610 886 1701 927 ulla

14 959 15 962 ¹
70 963 377 1008 controuersia
406 970 473 1007 est
503 962 698 1006 vicarius
727 964 931 1005 omnium
966 963 1149 1005 calculis
1172 966 1212 1004 et
1242 966 1443 1018 receptus
1465 965 1505 1004 et
1533 967 1697 1017 appro-

13 1046 15 1079 ἶ
70 1042 197 1083 batus
217 1048 248 1082 ὃ.
1608 1093 1612 1101 ¹

155 1119 249 1159 Dat
270 1117 399 1159 sedes
421 1116 665 1171 apostolica
688 1131 766 1172 per
803 1115 1048 1171 diplomata
1076 1115 1430 1158 confirmationis
1460 1115 1699 1159 Societatis

57 1199 248 1236 *nostrae
270 1191 591 1235 authoritatem
614 1191 869 1247 praeposito
899 1191 1116 1247 generali,
1148 1191 1387 1243 condendi,
1420 1191 1694 1242 declarandi,

69 1269 333 1312 immutandi
361 1268 726 1321 constitutiones,
759 1268 915 1311 maiori
948 1277 1075 1324 parte
1112 1268 1434 1324 suffragiorum
1464 1268 1691 1310 statuendi

69 1346 137 1388 ius
159 1347 370 1390 habente.
397 1347 555 1388 Patres
579 1359 703 1397 uero,
731 1345 807 1400 qui
830 1345 900 1387 ius
922 1347 1119 1389 habeant
1142 1345 1364 1401 suffragii,
1390 1344 1453 1386 illi
1476 1352 1598 1396 sunt,
1620 1345 1696 1400 qui

67 1430 253 1478 possunt
275 1421 371 1464 sine
395 1435 560 1477 magno
583 1421 869 1464 incommodo
892 1437 916 1464 a
938 1421 1196 1477 praeposito
1214 1421 1414 1477 generali
1433 1421 1692 1464 conuocari.

43 1498 253 1542 <Constat
274 1506 506 1554 praeterea
529 1513 584 1542 ex
607 1498 775 1541 eisdem
799 1498 950 1550 bullis,
976 1512 1030 1540 eo
1053 1498 1152 1553 ipso
1176 1499 1299 1553 quod
1324 1497 1492 1542 fuerint
1518 1498 1694 1540 aeditae

66 1574 423 1627 constitutiones,
449 1575 737 1618 confirmatas
755 1575 929 1618 censeri
952 1576 1203 1631 apostolica
1222 1574 1497 1617 authoritate
1519 1577 1548 1628 ²3
1570 1576 1696 1630 atqui

67 1651 147 1693 lzae
167 1650 186 1683 ¹?
200 1652 357 1708 factae
379 1656 499 1702 suna·
521 1651 661 1694 edidit
682 1652 802 1694 enim
827 1659 979 1695 noster
1011 1654 1145 1696 Pater
1173 1652 1377 1708 Ignatius
1407 1651 1693 1694 constitutio—

14 1763 16 1782 ,
51 1734 159 1780 nes,
199 1728 391 1771 accessit
426 1729 568 1772 maior
599 1744 701 1785 pars
733 1729 1076 1785 suffragiorum,
1118 1743 1258 1784 quare
1297 1738 1341 1772 et
1374 1728 1615 1773 Societatis
1649 1736 1693 1771 et

15 1806 17 1851 Ξ
65 1805 335 1860 apostolicae
372 1805 491 1848 sedis
529 1805 802 1849 authoritate
835 1805 1043 1849 obtinent
1076 1820 1209 1848 suum
1243 1806 1313 1848 ius
1346 1805 1694 1848 constitutiones

14 1873 17 1902 ²
64 1888 253 1934 nostrae;
274 1889 465 1945 nam,·ut
483 1897 508 1924 a
525 1882 680 1938 primis
699 1881 911 1924 Patribus
928 1882 1212 1934 inchoemus,
1235 1897 1407 1934 omnes,
1430 1888 1611 1937 praeter
1629 1888 1690 1932 te,

14 1987 17 2022 3
63 1972 181 2001 anno
211 1969 320 2012 1540
342 1965 388 2001 et
410 1971 482 2012 41,
509 1959 732 2002 dederunt
754 1959 848 2001 suis
871 1958 1098 2015 suffragiis
1129 1959 1408 2010 facultatem,
1441 1965 1491 2000 ut
1521 1952 1690 2000 consti-

14 2054 17 2088 }
62 2033 256 2078 'tutiones
287 2036 558 2079 aederentur
590 2051 646 2079 ex
677 2035 901 2079 sententia
937 2035 1132 2091 plurium
1170 2035 1491 2091 suffragiorum
1532 2048 1689 2077 eorum

14 2129 17 2160 ;
63 2098 258 2163 Patrum,
284 2110 360 2166 qui
382 2125 438 2154 ex
460 2111 586 2154 Italia
608 2112 854 2155 conuocari
876 2119 1077 2167 possent.
1104 2113 1209 2157 Non
1238 2119 1345 2154 sunt
1375 2119 1526 2155 tamen
1552 2110 1637 2153 illis
1666 2121 1690 2163 7

12 2218 19 2241 η,
60 2187 187 2231 annis
225 2189 371 2232 factae
408 2189 771 2241 constitutiones,
813 2189 1162 2245 quadragesimo
1200 2204 1310 2232 uero
1348 2195 1511 2231 octauo
1551 2202 1687 2238 anno,

17 2284 19 2311 ῃ
58 2256 161 2307 'cum
183 2264 269 2308 iam
293 2280 349 2307 ex
371 2265 465 2308 uita
486 2267 572 2308 hac
595 2265 894 2309 excessissent
918 2267 970 2311 Ρ..
997 2266 1225 2308 Codurius
1248 2272 1293 2308 et
1317 2267 1371 2309 P.
1403 2266 1548 2308 Faber
1571 2271 1616 2308 et
1646 2263 1690 2305 in

12 2327 16 2369 f
62 2340 183 2384 India
205 2330 468 2398 iampridem
489 2349 609 2386 esset
633 2344 685 2385 P.
711 2344 746 2385 F
749 2342 980 2385 ranciscus
1003 2342 1174 2385 Xauier
1196 2350 1242 2386 et
1260 2344 1313 2385 P.
1335 2342 1491 2386 Simon
1509 2342 1555 2384 in
1575 2344 1690 2384 Por-

11 2410 19 2478 ζ
63 2409 246 2473 tugallia
266 2426 311 2461 et
334 2420 387 2461 P.
422 2419 654 2462 Bobadilla
682 2419 728 2461 in
756 2419 1003 2463 Germania
1030 2427 1076 2462 et
1098 2419 1267 2462 residui
1290 2426 1443 2463 essent
1466 2418 1511 2461 in
1537 2419 1684 2469 Italia,

10 2552 14 2577 ἶ
60 2582 69 2600 .·
127 2575 145 2593 a
188 2567 382 2612 probatus
405 2579 538 2614 apogr.
591 2569 656 2595 -b
682 2569 776 2603 haec
793 2579 927 2614 apogr.

67 2723 72 2726 .
127 2690 137 2710 ¹
187 2691 231 2726 In
249 2691 391 2727 litteris
409 2692 636 2738 apostolicis
653 2693 894 2728 INIUNCTUM
913 2701 1051 2736 Nonis,
1071 2705 1092 2727 a
1107 2693 1228 2728 Paulo
1243 2694 1297 2727 ΙΙΙ
1312 2693 1376 2727 die
1395 2701 1437 2737 14
1452 2692 1578 2727 Martii
1598 2699 1687 2735 1544

54 2746 170 2794 datis,
188 2750 282 2785 haec
300 2751 560 2797 reperiuntur:
583 2758 645 2786 «et
663 2758 741 2786 tam
760 2753 949 2787 haetenus
968 2752 1105 2797 factas,
1125 2764 1240 2798 quarn
1260 2752 1298 2787 in
1318 2757 1516 2798 posterum
1541 2750 1685 2785 facien-

12 2834 15 2841 ,
53 2802 123 2840 das
141 2806 465 2853 Constitutiones,
485 2810 593 2845 iuxta
611 2811 783 2845 locorum
803 2815 843 2844 et
861 2815 1079 2856 temporum
1098 2822 1143 2845 ac
1161 2822 1289 2846 rerum
1308 2810 1536 2856 Qualitatem
1557 2814 1596 2843 et
1621 2820 1686 2843 va-

57 2861 246 2912 rietatem,
273 2873 435 2914 mutare,
461 2870 626 2904 alterare
652 2881 722 2904 seu
747 2869 786 2904 in
805 2875 929 2904 totum
956 2881 1124 2915 cassare,
1144 2875 1183 2905 et
1202 2870 1296 2904 alias
1315 2870 1363 2904 de
1389 2880 1491 2903 novo
1518 2868 1688 2903 condere

11 2926 19 2969 ’,-
58 2924 215 2971 possint,
237 2930 276 2961 et
294 2928 465 2974 valeant,
484 2940 597 2974 quae,
617 2934 820 2975 postquam
837 2934 1022 2973 mutatae,
1038 2930 1225 2964 alteratae
1241 2940 1311 2963 seu
1325 2928 1373 2962 de
1388 2939 1489 2963 novo
1504 2927 1684 2962 conditae

12 2982 17 3050 ξ
58 2979 213 3028 fuerint,
238 2996 284 3020 eo
308 2985 391 3032 ipso
414 2987 627 3033 apostolica
652 2988 883 3023 auctoritate
908 2987 1081 3033 praefata
1105 2987 1355 3023 confirmatae
1379 2991 1685 3022 censeantur...»

8 3053 18 3074 .¹
60 3037 172 3087 Ibid„
190 3043 219 3088 Ι,
237 3053 271 3087 9.
