2028 3426
485 289 758 324 MONUMENTA
785 289 1039 325 GERMANIAE
1064 289 1402 325 SUPER10R1S--38
1642 301 1709 337 247

220 390 394 432 Caueat
416 389 724 444 prouincialis,
749 396 795 432 et
817 397 964 433 rector
986 390 1033 433 in
1054 404 1138 433 suo
1159 390 1332 443 ordine,
1353 406 1412 435 ne
1434 398 1524 434 tam
1547 381 1760 448 frequen-¹

129 472 200 508 ter
237 467 544 509 concedantur
583 467 781 510 externis
818 468 1078 510 sacerdotes
1116 467 1173 509 ad
1205 468 1530 511 celebrandum
1569 469 1615 511 in
1658 470 1755 513 aliis

129 542 324 598 templis,
349 548 399 584 vt
425 557 480 585 ex
512 542 588 585 tali
617 543 949 586 consuetudine
988 545 1281 586 contrahatur
1308 544 1526 600 obligatio
1555 546 1755 590 Societa-

129 618 198 661 tis.
225 620 450 662 Probatur
472 618 699 663 interdum
724 620 877 675 negari
910 634 1091 675 operam
1124 621 1410 664 sacerdotum
1442 621 1488 663 in
1512 621 1659 664 missis
1682 623 1752 664 di—

125 695 298 747 cendis,
325 697 505 750 quando
526 695 660 739 etiam
682 696 779 740 sine
801 696 1087 739 incommodo
1109 697 1326 753 praestari
1350 713 1402 741 ea
1424 705 1589 753 potest,
1610 714 1666 742 ne
1684 700 1754 741 vi-

127 773 286 816 deatur
309 772 528 828 obligatio
547 773 771 818 contrahi.
890 761 893 766 f

216 848 396 905 Singuli
418 850 675 892 sacerdotes
697 849 927 894 celebrent
951 852 1090 894 semel
1111 866 1191 907 pro
1217 853 1353 895 Patre
1380 851 1583 907 generali
1606 859 1651 895 et
1679 852 1750 908 iis,

127 925 203 980 qui
226 932 332 968 sunt
354 925 400 968 in
423 926 615 968 concilio
642 928 670 979 ¹,
697 934 742 970 et
764 928 902 970 semel
924 942 1005 983 pro
1036 930 1088 971 P.
1115 927 1266 971 Natali
1295 935 1339 972 et
1361 927 1458 971 eius
1481 927 1750 981 ministerio,

123 1008 170 1044 et
193 1008 300 1045 tunc
325 1002 485 1045 fratres
508 1009 638 1045 orent
659 1002 705 1045 in
728 1002 886 1047 iisdem
910 1004 1072 1047 missis.

212 1079 286 1122 Ad
309 1093 440 1121 casus
463 1080 707 1132 vsurarios,
734 1080 810 1135 qui
834 1081 980 1123 solent
1003 1095 1242 1125 occurrere
1273 1083 1531 1138 Augustae,
1557 1082 1749 1134 scilicet,

125 1169 229 1198 cum
253 1156 463 1199 Socrates
500 1157 576 1198 dat
606 1156 842 1212 pecuniam
874 1158 1069 1210 Platoni,
1102 1165 1161 1210 et,
1198 1159 1327 1201 saluo
1352 1158 1548 1214 capitali,
1585 1159 1750 1215 accipit

123 1232 317 1288 singulis
339 1232 470 1275 annis
489 1243 511 1287 5
537 1234 609 1276 vel
631 1234 658 1276 6
677 1248 756 1289 pro
785 1247 801 1277 1
810 1248 881 1286 oo,
904 1235 1037 1290 plane
1061 1236 1425 1290 respondendum
1455 1250 1570 1287 esse,
1591 1242 1750 1278 contra

123 1309 193 1352 ius
215 1309 420 1352 diuinum
444 1316 489 1353 et
518 1317 722 1362 naturae,
747 1325 832 1354 nec
860 1311 996 1353 vllam
1026 1326 1162 1366 posse
1190 1312 1418 1367 expectari
1447 1312 1747 1367 dispensatio-

118 1401 222 1429 nem
244 1387 290 1429 in
314 1388 400 1429 hac
424 1402 486 1440 re,
513 1401 628 1439 esse3
662 1394 813 1431 tamen
837 1387 1010 1430 licitum
1039 1389 1135 1431 fore
1163 1388 1282 1432 idern
1312 1389 1487 1431 lucrum
1519 1388 1743 1444 accipere,

120 1464 208 1515 vel,
234 1463 272 1506 si
295 1463 556 1519 simpliciter
577 1471 622 1506 et
644 1478 804 1507 reuera
825 1465 997 1519 absque
1030 1465 1133 1507 fuco
1162 1466 1234 1507 vel
1266 1465 1422 1519 fraude
1451 1466 1661 1517 donetur,
1689 1465 1745 1507 li-

119 1539 241 1582 cebit
272 1540 389 1584 idem
419 1548 603 1596 propter
631 1542 846 1584 damnum
884 1556 1123 1597 emergens
1160 1543 1231 1584 vel
1263 1543 1440 1584 lucrum
1475 1556 1674 1595 cessans,
1708 1543 1748 1585 si

120 1630 282 1660 reuera
305 1626 507 1673 emergat
530 1618 602 1659 vel
625 1625 770 1661 cesset
802 1618 977 1660 lucrum
1006 1618 1222 1671 Socratis,
1249 1619 1286 1661 si
1315 1620 1445 1661 Plato
1474 1620 1641 1661 habeat
1664 1634 1746 1674 pe-

119 1693 299 1736 cuniam
324 1694 544 1747 Socratis,
570 1696 625 1737 ad
649 1709 784 1750 quam
806 1694 1024 1737 rationem
1048 1695 1280 1738 reducitur
1302 1710 1446 1751 poena
1475 1695 1746 1739 conuentio-

117 1769 253 1822 nalis,
286 1770 361 1812 vbi
390 1770 562 1813 scilicet
599 1773 809 1815 Socrates
845 1772 1073 1814 mutuauit
1112 1772 1293 1814 Platoni
1326 1787 1452 1815 suam
1487 1771 1744 1827 pecuniam,

117 1846 292 1890 adiecta
314 1862 474 1903 poena,
500 1856 564 1900 vt,
591 1848 628 1890 si
652 1848 768 1890 intra
791 1848 925 1892 talem
949 1849 1190 1891 terminum
1214 1863 1305 1909 non
1329 1849 1552 1901 restituat,
1580 1849 1745 1891 debeat
1765 1852 1769 1855 ”

116 1922 179 1965 illi
202 1932 369 1966 certam
401 1939 623 1967 summam
651 1926 846 1969 soluere.
880 1925 1072 1981 Signum
1111 1933 1277 1978 autem,
1304 1926 1428 1980 quod
1465 1926 1510 1967 in
1539 1927 1744 1969 fraudem

116 2001 423 2044 vsurariorum
447 2016 537 2043 non
560 2008 802 2054 statuatur,
827 2002 873 2044 id
895 2009 980 2053 est,
1007 2016 1110 2044 cum
1134 2004 1344 2047 Socrates
1372 2003 1524 2045 mallet
1557 2002 1641 2044 sibi
1671 2018 1741 2046 re-

116 2077 243 2120 stitui
266 2092 394 2120 suam
413 2078 650 2133 pecuniam
669 2079 724 2120 ad
744 2078 985 2122 terminum
1004 2080 1174 2133 absque
1192 2093 1338 2134 poena
1356 2080 1427 2122 vel
1444 2080 1586 2130 lucro,
1608 2094 1743 2134 quam

114 2168 220 2196 cum
250 2169 414 2210 poena.
438 2155 559 2197 Idem
592 2155 785 2210 spectari
818 2161 862 2197 et
900 2155 1042 2211 accipi
1070 2163 1221 2211 potest
1250 2156 1442 2207 lucrum,
1469 2155 1522 2207 si,
1555 2163 1744 2210 accepta

111 2231 324 2286 pecunia,
351 2232 482 2274 Plato
506 2232 677 2275 iustitia
700 2232 826 2287 cogit
849 2246 1033 2274 censum
1052 2247 1187 2288 super
1203 2232 1430 2275 immobile
1449 2231 1630 2286 aliquod
1648 2233 1740 2274 fru-

111 2307 332 2361 ctificans3
358 2308 481 2360 item,
503 2308 539 2350 si
563 2309 772 2352 Socrates
789 2308 911 2351 ineat
929 2322 1031 2350 cum
1054 2309 1243 2351 Platone
1260 2308 1522 2351 societatem
1542 2309 1599 2350 ad
1618 2323 1739 2350 mer-

111 2384 357 2427 cimonium
380 2384 682 2428 exercendum
707 2385 854 2441 (modo
876 2384 1078 2440 legitima
1100 2384 1158 2427 sit
1189 2384 1412 2440 societas),
1440 2391 1484 2428 et
1518 2385 1733 2427 Socrates

110 2467 200 2504 stat
221 2461 399 2516 vtrique
421 2467 465 2503 et
487 2462 650 2503 damno
673 2469 718 2504 et
739 2461 865 2503 lucro
888 2462 920 2502 ².

200 2538 368 2581 Casum
391 2537 516 2579 illum
547 2538 844 2592 frequentem,
869 2538 1050 2592 quando
1073 2537 1284 2579 venditur
1305 2552 1386 2580 seu
1417 2538 1606 2579 traditur
1640 2544 1734 2578 tota

109 2629 284 2657 summa
306 2614 541 2669 pecuniae,
569 2620 629 2666 et,
653 2613 729 2669 qui
747 2628 846 2656 eam
870 2613 1043 2669 recipit,
1068 2628 1117 2657 se
1140 2613 1312 2669 obligat
1329 2613 1372 2655 in
1392 2621 1660 2669 perpetuum
1684 2627 1735 2654 se

110 2690 351 2746 quotannis
373 2690 626 2733 soluturum
652 2700 674 2744 5
698 2691 769 2733 vel
793 2691 820 2732 6
842 2704 922 2746 pro
956 2703 1052 2743 Ioo,
1079 2705 1170 2732 non
1198 2689 1410 2746 intelligit
1442 2692 1576 2732 Pater
1605 2703 1732 2730 com-

183 2850 191 2869 ¹
243 2849 284 2883 In
303 2847 467 2883 concilio
486 2847 698 2883 tridentino
717 2849 974 2883 versabantur
989 2859 1035 2882 eo
1051 2853 1225 2893 tempore
1241 2848 1284 2882 P.
1302 2846 1473 2891 Lainius,
1491 2846 1734 2891 praepositus

106 2907 302 2952 generalis
321 2906 544 2952 Societatis,
563 2907 606 2941 P.
635 2907 842 2951 Polaneus,
862 2906 988 2941 eidem
1019 2918 1040 2941 a
1067 2906 1245 2949 secretis,
1275 2911 1314 2939 et
1345 2906 1386 2942 P.
1410 2905 1624 2949 Salmeron,
1644 2916 1733 2938 cum

106 2966 423 3001 amanuensibus.

176 3029 189 3047 ²
240 3025 298 3062 Cf.
321 3024 585 3071 SACCHINUM,
618 3026 691 3060 loc.
725 3025 807 3071 cit.‚
833 3029 931 3070 part.
965 3024 1031 3067 IV,
1058 3024 1126 3058 lib.
1147 3023 1219 3068 111,
1241 3035 1304 3058 nn.
1330 3023 1497 3067 116-1223
1530 3028 1568 3056 et
1593 3021 1726 3067 Epist.

106 3085 162 3120 P.
185 3083 334 3125 Nadal,
355 3085 421 3128 ΙΙΙ,
440 3092 523 3128 712.
