2028 3426
677 233 1104 275 INSTRUC‘HONES-61
1588 231 1652 276 531

36 335 40 338 ’
78 335 264 391 aperiat,
290 334 375 378 nisi
397 334 442 377 id
467 335 635 378 faceret
667 349 722 377 ex
755 335 1016 378 confessarii
1050 335 1122 377 vel
1155 332 1397 389 superioris
1427 333 1629 384 consilio,
1657 341 1705 375 vt

76 411 153 455 451
180 411 319 467 possit
341 411 396 454 ab
420 426 474 454 eo
497 411 641 455 iuuari
664 410 709 453 in
728 411 905 467 spiritu.

717 544 778 572 DE
813 543 1068 573 PROFESSIS

142 617 143 629 ἵ
173 641 367 685 Professi
391 649 584 697 quatuor
606 649 831 693 votorum,
860 656 963 684 cum
988 648 1095 684 sunt
1118 641 1162 683 in
1186 639 1395 696 collegio,
1422 647 1605 682 seruent
1635 655 1706 683 re—

81 719 216 775 gulas
238 725 284 761 et
306 718 395 761 sint
418 718 585 761 subditi
610 718 786 768 rectori,
811 718 985 761 etiamsi
1009 733 1098 760 non
1121 717 1178 760 sit
1200 718 1444 773 professus.
1473 716 1708 759 Constitu—

19 831 33 841 „
85 796 147 838 tio
170 803 335 847 autem,
362 810 478 850 quae
500 795 610 837 dicit
633 795 916 838 coadiutores
945 809 1035 837 non
1069 809 1200 850 posse
1224 808 1380 836 curam
1409 794 1576 837 habere
1604 808 1709 849 pro-

88 873 324 924 fessorum,
346 871 614 927 intelligitur
635 871 874 924 ordinarie,
896 871 1012 914 sicut
1030 871 1251 914 ordinarie
1274 885 1362 913 non
1386 871 1519 912 datur
1536 871 1710 925 profes-

82 963 164 991 sus
187 948 405 1004 collegiis.
433 949 565 990 Hanc
588 947 721 990 etiam
745 948 1055 991 difficultatem
1082 948 1206 991 tollet
1228 948 1349 1002 quod
1371 947 1415 989 in
1436 946 1711 1002 plenioribus

31 1012 42 1057 s
83 1024 295 1081 collegiis
318 1039 416 1067 esse
438 1025 582 1067 solent
605 1023 794 1080 professi
818 1031 1141 1079 superstantes.
1170 1025 1413 1067 Praeterea
1435 1022 1481 1064 in
1504 1022 1714 1065 domibus

89 1102 400 1158 professorum
430 1100 703 1143 ordinarium
734 1100 834 1150 erit,
869 1108 917 1142 vt
945 1100 1135 1157 professi
1164 1100 1332 1142 subditi
1362 1099 1453 1142 sint
1481 1098 1712 1150 ministris,

84 1177 182 1232 qui,
203 1185 252 1219 vt
274 1177 532 1232 plurimum,
554 1185 686 1220 erunt
704 1177 1004 1229 coadiutores,
1026 1177 1183 1220 saltem
1202 1176 1413 1219 obediant
1431 1175 1517 1218 illis
1535 1175 1715 1219 nomine

94 1253 334 1310 praepositi
358 1253 426 1296 sui
450 1268 529 1308 per
552 1253 908 1296 commissionem
934 1254 1209 1309 generalem.
1240 1254 1305 1295 Ita
1333 1267 1514 1307 quoque
1542 1252 1717 1307 profes-

94 1345 187 1382 sus,
215 1330 290 1386 qui
314 1330 449 1373 fuerit
476 1329 521 1372 in
543 1329 751 1385 collegio,
778 1330 849 1372 cui
873 1330 925 1381 is,
953 1330 1029 1384 qui
1052 1337 1244 1385 praeest,
1271 1345 1362 1372 non
1383 1328 1451 1372 est
1469 1329 1714 1384 professus,

89 1406 394 1450 vobedientiam
420 1421 444 1448 a
469 1406 730 1462 prouinciali
756 1407 826 1448 vel
848 1406 1048 1462 generali
1071 1405 1256 1450 habebit
1278 1413 1326 1447 vt
1350 1404 1532 1449 obediat
1555 1404 1716 1448 rectori

96 1499 152 1526 ex
177 1482 509 1526 commissione.

186 1565 269 1606 452
304 1560 482 1602 Editum
508 1567 663 1615 postea
692 1567 759 1603 est
782 1561 1012 1603 decretum
1036 1575 1079 1602 in
1107 1568 1171 1614 3:⁶²
1193 1559 1552 1616 congregatione
1576 1573 1717 1615 gene-

101 1637 196 1689 rali,
224 1638 345 1692 quod
370 1636 484 1678 tollit
506 1651 680 1679 omnem
706 1636 1015 1680 difficultatem
1041 1639 1067 1679 ¹.

463 1769 525 1798 DE
557 1768 948 1798 COADlUTORIBUS
980 1768 1352 1798 TEMPORALIBUS

191 1866 490 1910 Coadiutores
513 1866 652 1910 nostri
678 1867 942 1922 temporales
959 1867 1175 1910 adiuuare
1192 1874 1403 1922 poterunt
1421 1868 1477 1909 ad
1495 1867 1722 1909 docendos

100 1957 264 1999 pueros
287 1942 535 1985 doctrinam
559 1942 863 1986 christianam.

191 2019 283 2075 Qui
307 2019 472 2074 recepti
496 2027 601 2061 sunt
630 2026 678 2060 vt
704 2019 793 2062 sint
822 2020 1109 2063 coadiutores
1139 2021 1426 2076 temporaleS,
1458 2035 1541 2064 nec
1575 2020 1721 2062 adhuc

104 2103 208 2138 sunt
240 2096 432 2147 formati,
467 2102 677 2151 poterunt
701 2095 862 2139 studiis
890 2097 1104 2140 destinari
1133 2097 1259 2140 iussu
1291 2097 1597 2153 prouincialis‚
1631 2096 1667 2138 si
1699 2111 1722 2137 e

37 2164 49 2212 s
104 2172 258 2215 maiori
282 2172 365 2215 Dei
387 2172 572 2216 seruitio
595 2172 640 2214 id
662 2174 865 2215 futurum
888 2173 1119 2226 iudicabit,
1146 2174 1408 2230 praesertim
1431 2174 1468 2216 si
1491 2188 1582 2216 non
1606 2182 1724 2216 esset

44 2247 49 2306 ἠ
104 2248 415 2291 coadiutorum
439 2248 626 2291 aliorum
647 2248 834 2292 offensio
852 2249 1034 2305 grauior
1052 2251 1401 2305 subsequutura;
1423 2253 1534 2294 haec
1552 2249 1724 2293 etiamsi

106 2338 194 2367 non
219 2324 446 2380 impediat,
476 2332 623 2367 tamen
648 2324 693 2366 in
716 2325 874 2368 eodem
897 2325 1090 2385 collegio
1113 2341 1205 2369 non
1233 2327 1406 2369 dabunt
1429 2326 1589 2369 studiis
1618 2340 1725 2380 ope-

59 2401 61 2403 ’
106 2415 217 2453 ram;
249 2400 302 2443 iis
332 2415 456 2452 vero,
489 2401 564 2456 qui
594 2409 700 2443 sunt
730 2401 1013 2444 coadiutores
1041 2402 1238 2454 formati,
1270 2403 1419 2445 studia
1448 2403 1571 2444 nullo
1596 2409 1726 2457 pacto

105 2478 418 2521 ⁴concedentur
440 2478 609 2532 absque
631 2478 811 2522 licentia
835 2478 1059 2534 generalis
1081 2479 1321 2535 praepositi
1345 2494 1571 2534 expressa.

47 2539 61 2545 μ
198 2553 427 2597 Officiales
449 2554 848 2597 communicabunt
869 2555 1012 2611 primo
1029 2570 1161 2599 mane
1179 2563 1283 2598 ante
1301 2563 1519 2609 caeteros,
1540 2563 1587 2596 vt
1605 2569 1727 2597 com-

109 2629 285 2672 modius
308 2629 400 2672 suis
422 2635 508 2676 453
530 2630 689 2673 officiis
713 2631 886 2686 possint
914 2646 1094 2677 vacare.

201 2706 498 2750 Coadiutores
522 2708 792 2762 temporales
814 2707 1051 2751 inferiores
1075 2716 1225 2752 vestes
1244 2716 1441 2763 gestent,
1464 2722 1574 2762 quas
1592 2708 1732 2762 vulgo

92 2789 294 2824 .sotanas
317 2790 495 2834 vocant,
520 2783 768 2836 breuiores,
794 2784 839 2826 id
861 2791 945 2836 est,
971 2786 1106 2840 paulo
1128 2784 1243 2827 infra
1265 2784 1455 2826 mediam
1482 2783 1650 2826 tibiam.

202 2859 399 2901 Curetur
429 2859 671 2915 diligenter
698 2867 747 2901 vt
774 2860 1037 2904 admittatur
1069 2860 1383 2903 coadiutorum
1419 2859 1729 2914 temporalium

186 2963 196 2984 ¹
248 2963 308 2999 Cf.
327 2964 526 3000 decretum
546 2974 586 2999 21
609 2965 747 3000 tertiae
766 2965 1080 3011 congregationis
1105 2977 1212 3011 gen.‚
1240 2966 1369 3000 [nstit.
1397 2966 1480 3000 Soc.
1503 2965 1600 3012 sesu
1625 2965 1737 3010 (edit.

117 3020 216 3066 cit.),
234 3023 286 3068 II,
305 3022 386 3059 223.
