2028 3426
387 268 660 302 MONUMENTA
685 271 940 300 PROVlNCIAE
967 263 1308 303 FLANDR1AE—57
1573 255 1640 301 345

11 364 20 410 ’ἶ
61 371 212 427 quoad
233 369 331 414 eius
353 367 449 412 fieri
471 365 651 423 poterit,
679 372 856 421 tempus
878 360 1192 407 celebrationis
1215 360 1379 402 missae
1406 358 1595 402 excedat
1619 357 1688 399 di-

62 447 245 491 midiam
270 447 445 489 horam.

152 525 261 566 Post
282 519 631 564 celebrationem
662 518 824 562 missae
846 518 1012 561 debent
1035 515 1215 571 quidem
1237 513 1498 556 sacerdotes
1527 510 1687 561 nostri,

64 601 121 643 ad
141 598 313 656 gratias
337 598 538 654 agendas
567 603 612 639 et
640 596 838 637 fructum
861 594 1024 636 missae
1053 591 1428 641 confirmandum,
1454 588 1689 644 paululum

41 660 207 729 *orare3
233 676 312 719 sed
335 682 484 718 tamen
507 688 597 716 non
622 672 800 714 videtur
822 671 908 713 illis
930 669 1145 726 prolixius
1169 675 1348 723 tempus
1378 666 1434 708 ad
1462 667 1550 707 hoc
1581 678 1682 706 con-

62 753 332 796 cedendum:
359 759 428 793 sat
454 750 634 793 videtur
661 750 758 791 fore
785 747 822 790 si
850 747 1085 789 dimidium
1113 746 1410 801 quadrantem
1449 744 1589 786 horae
1628 740 1692 783 illi

65 829 256 873 orationi
277 829 402 881 dent,
428 827 529 884 plus
552 825 717 869 minus.

152 906 283 949 Fiant
321 905 378 947 ad
413 903 736 947 celebrandum
774 915 940 957 paruae
978 900 1191 943 candelae
1228 897 1365 951 domi,
1398 904 1549 952 empta
1587 909 1693 938 cera

66 983 317 1034 commoda,
344 989 388 1025 et
411 979 614 1023 adhibito
635 978 804 1020 lichnio
826 992 968 1033 paruo
990 991 1046 1019 ex
1062 976 1139 1018 filo
1161 973 1434 1017 bombicino:
1455 972 1692 1016 docebitur

66 1058 232 1114 aliquis
250 1049 541 1108 domesticus,
569 1055 646 1110 qui
667 1054 780 1098 sciat
802 1053 901 1096 illas
919 1068 1092 1109 parare.

155 1137 300 1179 Trans
323 1133 511 1190 primam
534 1133 714 1175 ianuam
737 1130 889 1174 sacelli
912 1131 968 1172 ad
990 1130 1137 1172 leuam
1170 1129 1249 1170 fiat
1277 1125 1590 1182 repositorium
1613 1140 1693 1168 va-

65 1226 235 1264 sorum,
268 1211 432 1266 quibus
460 1224 576 1265 aqua
606 1216 651 1252 et
678 1208 834 1250 vinum
863 1221 943 1262 pro
971 1205 1118 1248 missis
1147 1211 1410 1261 reponatur,
1442 1217 1500 1245 ne
1528 1202 1585 1245 sit
1614 1216 1695 1245 ne-

64 1303 246 1333 cessum
269 1303 406 1344 super
429 1301 613 1330 scamna
641 1284 792 1328 sacelli
819 1285 986 1328 habere
1013 1283 1088 1330 illa
1119 1297 1243 1334 vasa,
1269 1281 1388 1323 vnde
1419 1281 1470 1322 fit
1500 1287 1548 1322 vt
1585 1280 1696 1323 fiant

28 1410 31 1411 ⁷
69 1365 246 1410 madida
269 1372 313 1408 et
335 1364 584 1406 immunda.

154 1441 332 1486 Nostris
370 1440 558 1483 infirmis
595 1440 727 1482 detur
764 1438 945 1493 quidem
985 1436 1198 1479 viaticum
1231 1433 1502 1478 sanctissimi
1539 1447 1693 1476 sacra—

68 1519 223 1573 menti3
243 1526 288 1562 et
309 1520 396 1561 hoc
419 1517 616 1573 quidem,
638 1531 741 1558 curn
761 1513 1016 1559 necessario
1034 1514 1182 1564 detur,
1203 1519 1352 1568 potest
1368 1511 1504 1554 etiam
1521 1510 1633 1561 dari,
1655 1509 1692 1551 si

69 1611 140 1640 res
162 1596 225 1639 ita
246 1602 396 1651 cogat,
423 1609 515 1637 non
537 1593 704 1645 ieiun03
731 1593 811 1636 sed
833 1597 1069 1647 propterea
1087 1604 1179 1632 non
1196 1589 1431 1631 omittatur
1447 1586 1544 1630 dari
1567 1601 1695 1629 sacra

68 1672 283 1730 synnaxis
306 1673 464 1715 saltem
488 1677 651 1713 octauo
673 1684 857 1724 quoque
879 1668 951 1712 die
972 1667 1098 1723 ipsis.
1125 1669 1181 1709 Et
1203 1665 1249 1708 in
1277 1668 1362 1708 hac
1390 1672 1542 1708 tamen
1572 1677 1698 1706 corn-

69 1749 285 1792 munione
307 1748 644 1792 obseruandum
672 1746 773 1799 erit,
806 1752 855 1788 ut
884 1744 1023 1788 ieiuni
1047 1742 1385 1786 communicent
1422 1743 1450 1793 ¹,
1478 1741 1599 1796 quod
1629 1741 1693 1782 fa-

69 1827 154 1872 cile
175 1827 254 1870 fiet
270 1826 308 1869 si
330 1826 402 1869 die
424 1823 666 1876 dominico,
693 1837 783 1878 quo
805 1822 878 1866 die
900 1828 969 1865 est
986 1820 1430 1872 communicandum,
1451 1818 1541 1860 sint
1558 1816 1698 1861 ieiuni

71 1911 171 1960 post
193 1902 386 1947 mediam
410 1908 606 1954 noctem,
632 1908 677 1944 et
698 1899 812 1942 nihil
835 1905 1016 1942 sumant
1046 1906 1151 1940 ante
1179 1895 1515 1939 sanctissimum
1545 1908 1697 1937 sacra—

70 1987 286 2023 mentum.
315 1981 470 2034 Itaque
491 1978 565 2021 vel
586 1980 697 2020 hora
722 1990 762 2031 3,
784 1976 856 2019 vel
877 1988 921 2029 4,
947 1976 1020 2019 vel
1050 1974 1234 2017 omnino
1263 1963 1368 2028 post
1397 1971 1592 2016 mediam
1622 1985 1698 2013 no-

72 2065 205 2109 ctem,
231 2055 269 2099 si
289 2055 380 2098 sint
401 2054 558 2107 ieiuni,
583 2054 692 2096 illud
716 2059 906 2109 possunt
929 2052 1164 2094 commode
1186 2063 1420 2093 sumere...

159 2131 479 2175 Nunciandum
501 2137 570 2173 est
593 2128 885 2172 franciscanis
907 2128 964 2171 de
985 2127 1100 2169 libro
1123 2125 1279 2170 Sancti
1302 2124 1529 2181 Quintini.

162 2208 376 2252 Officium
399 2209 458 2250 B..
474 2206 644 2250 Mariae
671 2206 839 2249 debent
867 2204 1057 2248 recitare
1095 2202 1238 2246 nostri
1276 2218 1332 2246 ex
1361 2200 1700 2244 constitutioni—

8 2329 9 2332 ,
71 2287 174 2338 bus,
198 2284 284 2328 nisi
305 2283 533 2327 videbitur
559 2282 773 2326 maiorem
797 2282 994 2324 fructum
1024 2295 1156 2336 posse
1184 2279 1390 2335 accipere
1423 2294 1478 2322 ex
1508 2277 1701 2322 medita-

74 2362 196 2406 tione
219 2362 292 2404 uel
312 2376 367 2405 ex
391 2359 654 2403 recitatione
679 2358 880 2401 fortassis
902 2357 1085 2400 alterius
1113 2355 1345 2408 orationis,
1371 2356 1494 2410 quod
1526 2354 1701 2397 iudica-

73 2438 140 2481 bit
161 2439 417 2494 praefectus
441 2436 655 2479 orationis
678 2443 722 2480 et
746 2445 907 2478 rector.
936 2431 1159 2478 Breuiter:
1193 2435 1277 2476 hac
1310 2433 1355 2474 in
1385 2447 1432 2475 re
1461 2438 1702 2476 seruentur

71 2515 423 2558 constitutiones
446 2514 479 2556 ².

149 2654 160 2673 ¹
210 2652 318 2686 Haec
335 2650 513 2695 intellige
531 2649 580 2684 de
599 2648 761 2684 infirmis
780 2659 858 2683 non
875 2648 987 2693 gravi
1005 2659 1076 2682 seu
1094 2647 1314 2694 periculoso
1335 2646 1469 2681 morbo
1496 2643 1704 2679 laboranti-

79 2714 167 2757 bus3
187 2725 275 2759 nam
293 2713 342 2748 de
359 2712 434 2757 his,
454 2710 668 2747 secundum
686 2721 932 2745 communem
956 2715 995 2744 et
1015 2721 1148 2744 veram
1166 2708 1417 2753 sententiam,
1435 2712 1476 2741 ut
1501 2705 1555 2740 ait
1574 2706 1619 2739 S.
1643 2703 1704 2738 Li-

72 2772 223 2819 gurius,
242 2773 391 2807 nullum
410 2771 571 2806 dubium
589 2770 683 2817 quin
697 2769 852 2816 saepius
872 2768 911 2804 in
930 2768 1067 2804 eodem
1086 2769 1221 2802 morbo
1239 2767 1361 2813 possit
1376 2777 1452 2800 non
1467 2764 1611 2810 jejunis
1626 2763 1704 2797 via-

75 2831 198 2866 ticum
224 2830 496 2865 administrari.
523 2828 585 2866 Cf.
611 2828 652 2865 S.
684 2829 949 2864 ALPHONSUM
973 2836 1029 2862 DE
1059 2827 1248 2869 L1GOR10,
1275 2824 1490 2871 leeologia
1520 2822 1703 2863 moralis,

74 2889 208 2939 Tract.
226 2889 275 2925 de
293 2888 550 2932 Eucharistia,
568 2900 607 2923 11.
628 2887 711 2932 285.

148 2952 163 2971 ²
212 2949 273 2985 Cf.
297 2947 608 2983 constitutiones
623 2947 820 2993 Soc.Jesu
834 2947 905 2982 lat.
926 2949 962 2981 et
979 2946 1097 2991 hisp„
1118 2945 1232 2979 Parte
1252 2944 1301 2986 V,
1323 2954 1408 2988 cap.
1436 2941 1504 2986 IV,
1530 2941 1629 2975 decl.
1658 2941 1702 2974 B.

76 3006 221 3043 Postea
238 3018 332 3042 vero
350 3007 601 3053 congregatio
614 3006 809 3051 generalis
827 3010 977 3052 quarta,
991 3004 1149 3039 decreto
1164 3012 1198 3047 5,
1215 3002 1352 3037 statuit
1365 3002 1497 3035 horam
1513 2999 1704 3044 integram

77 3065 280 3112 orationis,
299 3071 452 3112 praeter
470 3070 624 3111 tempus
643 3065 844 3111 utriusque
863 3062 1066 3108 examinis,
1088 3074 1108 3097 a
1132 3061 1174 3097 S.
1194 3060 1401 3096 Francisco
1420 3058 1574 3103 Borgia‚
1596 3058 1704 3093 iuxta
