2028 3426
343 233 600 267 TRACTATUS
628 239 683 265 DE
708 236 1102 265 CONSUETUDmiBUS
1128 225 1476 262 SociETAT1s-63
1613 225 1677 260 621

187 336 249 378 Ut
278 334 501 376 habeatur
525 331 657 374 uinea
688 332 760 374 uel
785 332 962 381 hortus,
989 328 1066 372 ubi
1095 334 1355 372 recreentur
1393 328 1553 371 fratres
1581 334 1624 370 et
1658 327 1732 369 lu—

97 412 226 453 dant.

189 489 252 530 Ut
269 492 460 528 canatur
484 485 527 526 in
552 486 690 526 choro
709 484 859 537 missa,
884 498 973 525 non
997 483 1142 526 solum
1165 494 1394 536 uesperae3
1417 493 1534 534 quae
1553 480 1734 522 traditio

105 578 197 606 non
222 562 418 606 obtinuit
441 562 485 604 in
511 561 721 604 omnibus
745 560 965 616 collegiis,
991 574 1092 602 nam
1118 558 1162 601 in
1186 556 1419 601 Lusitania
1438 557 1589 598 nullus
1614 557 1735 599 canit

102 640 148 682 in
175 639 343 682 nostris
365 637 570 694 collegiis
594 638 666 680 uel
690 637 915 689 domibus3
940 636 987 678 in
1012 635 1193 690 reliquis
1217 632 1465 689 Hispaniae
1487 646 1576 674 non
1602 647 1734 674 usur-

103 726 239 773 patur
263 715 564 772 gregorianus
587 721 764 766 cantus,
790 714 869 757 sed
899 713 1131 765 unitonus3
1157 711 1363 755 Viennae
1391 709 1525 753 etiam
1563 709 1735 765 figura-

105 802 180 837 tus
204 799 463 848 usurpatur.

199 872 262 914 Ut
285 885 374 912 non
401 869 567 912 habeat
591 867 797 911 Societas
825 873 1123 922 protectorem
1154 871 1344 915 certum,
1377 863 1595 905 defuncto
1625 863 1737 904 Car—

107 946 235 1003 pensi
259 945 489 996 cardinali,
515 945 593 987 sed
616 951 667 986 ut
690 958 847 987 omnes
870 942 1119 985 cardinales
1143 940 1233 983 sint
1255 939 1321 983 uti
1337 943 1633 995 protectores.

197 1025 300 1066 Non
330 1037 468 1078 agere
492 1021 770 1064 familiariter
800 1027 983 1062 nostros
1012 1033 1114 1061 cum
1149 1016 1372 1069 foeminis,
1398 1030 1514 1071 quae
1542 1015 1739 1057 illustres

107 1115 196 1143 non
221 1100 327 1143 sint.

200 1179 262 1221 Ut
285 1164 533 1227 literarum,
558 1189 671 1229 quas
695 1173 851 1216 scribit
874 1172 1114 1229 generalis,
1135 1170 1390 1226 exemplum
1414 1169 1676 1213 retineatur.

200 1256 261 1298 Ut
286 1252 379 1296 toni
406 1253 530 1304 fiant,
556 1259 602 1294 et
626 1251 807 1305 quidem
831 1248 1118 1306 praescriptis
1142 1248 1308 1292 uerbis.

204 1332 268 1374 Ut
290 1329 577 1373 breuioribus
601 1327 767 1370 tunicis
791 1333 976 1369 utantur
999 1325 1298 1368 coadiutores.

203 1406 313 1450 Dari
351 1404 725 1461 reprehensiones
762 1402 981 1459 publicas.
1018 1403 1186 1445 Facere
1223 1399 1546 1457 poenitentiam
1587 1413 1741 1441 come-

116 1484 266 1527 dendo
287 1483 333 1525 in
357 1482 545 1539 paruula
568 1496 738 1524 mensa.
1088 1534 1090 1538 Ι

204 1561 275 1604 Ne
297 1559 447 1602 statim
472 1565 575 1614 post
605 1556 836 1600 biennium
862 1557 935 1600 uel
959 1555 1201 1598 triennium
1223 1555 1335 1597 fiant
1359 1554 1430 1597 uel
1460 1552 1650 1609 professi
1676 1553 1747 1594 uel

116 1636 420 1681 coadiutores.

206 1713 337 1756 Ratio
362 1712 511 1755 uictus
534 1710 762 1754 refectorii
785 1717 830 1753 et
853 1723 1127 1760 mensarum,
1154 1716 1246 1752 etc.

210 1792 271 1834 Ut
294 1795 536 1832 cantentur
560 1786 810 1829 matutinae
833 1786 879 1828 in
901 1785 1055 1842 vigilia
1078 1784 1239 1828 natalis
1254 1783 1459 1827 Domini.

208 1868 287 1919 Ut,
313 1864 603 1921 congregatis
625 1862 855 1914 fratribus,
882 1862 1088 1905 dicantur
1111 1849 1310 1905 litaniae.

207 1945 278 1987 Ne
301 1942 410 1998 quid
432 1943 564 1984 detur
593 1940 649 1983 ad
679 1938 962 1992 collationem
996 1946 1147 1994 preter
1175 1952 1337 1994 panem
1370 1936 1415 1979 in
1439 1936 1599 1980 diebus
1631 1936 1741 1979 ieiu-

120 2021 317 2064 niorum.

207 2095 376 2152 Colligi
415 2095 529 2138 aliae
563 2100 753 2150 possunt
781 2108 837 2136 ex
875 2092 1069 2148 quodam
1101 2090 1414 2148 quaternione,
1442 2090 1517 2132 ubi
1557 2090 1750 2145 primum

120 2173 303 2230 scripsit
327 2175 381 2216 P.
408 2173 650 2223 Polancus,
677 2170 779 2212 dein
804 2184 910 2225 ego3
937 2175 982 2212 et
1005 2184 1058 2212 ex
1083 2167 1195 2212 actis
1215 2169 1267 2210 P.
1295 2166 1458 2223 Ignatii
1481 2175 1512 2209 ³.

277 2306 339 2335 DE
369 2301 826 2335 CONSUETUDINIBUS
858 2300 1141 2331 SOCIETATIS
1173 2299 1557 2330 VNIUERSALIBUS
1590 2285 1606 2307 1)

213 2403 369 2447 Lectio
391 2399 686 2456 martirologii
711 2415 735 2442 a
757 2413 917 2443 coena.

213 2482 315 2524 Non
346 2479 573 2522 abstinere
595 2477 667 2520 die
695 2475 891 2528 ueneris,
925 2475 1001 2517 ubi
1031 2481 1099 2518 est
1127 2474 1343 2517 ieiunium
1374 2473 1420 2515 in
1452 2473 1750 2515 hebdomade.

215 2559 454 2600 Renouare
479 2561 584 2597 uota
613 2554 669 2596 ad
699 2553 894 2607 natalem
918 2551 1099 2594 Domini
1130 2558 1172 2594 et
1213 2551 1377 2593 festum
1407 2548 1499 2591 diui
1534 2547 1656 2590 Petri
1684 2547 1754 2590 uel

128 2633 323 2676 circiter:
349 2632 501 2686 itaque
524 2645 613 2673 non
639 2628 834 2671 obtinuit
856 2627 1136 2670 constitutio.

216 2711 387 2753 Facere
416 2706 721 2762 disciplinam,
747 2704 824 2760 qui
850 2711 956 2747 sunt
978 2702 1239 2747 renouaturi
1262 2709 1384 2753 uota,
1410 2701 1545 2743 dictis
1570 2700 1752 2741 litaniis.

217 2787 386 2829 Facere
407 2783 704 2839 disciplinam,
741 2780 816 2836 qui
850 2779 1169 2837 ingrediuntur
1202 2786 1295 2820 2³¹¹*
1326 2777 1650 2832 probationem,
1684 2776 1755 2817 uel

130 2861 300 2914 statim,
321 2862 394 2903 uel
417 2875 519 2903 cum
545 2857 804 2915 persuaderi
829 2857 1028 2899 suauiter
1051 2855 1238 2911 possint.

206 2979 223 2995 a
272 2969 383 3001 Hanc
398 2966 676 3012 paragraphum
694 2963 731 2999 in
748 2974 868 3008 marg.
886 2962 1033 2997 addidit
1054 2961 1142 2995 Nat.
1196 2962 1260 2985 —b
1281 2959 1387 2992 Haec
1405 2957 1479 2992 duo
1495 2958 1613 2992 verba
1628 2957 1759 2991 addita

133 3032 223 3062 sunt
241 3038 262 3061 a
276 3025 366 3061 Nat.
