2028 3426
379 249 449 286 452
852 239 1005 274 PATms
1031 239 1275 274 HIERONYMI
1302 237 1454 273 NADAL

1974 290 1996 360 t}

1977 367 2003 425 53

426 419 634 463 Breuiter
663 420 719 461 de
748 419 883 461 rebus
913 425 1086 460 tantum
1116 418 1376 472 loquantur,
1412 431 1528 472 quae
1557 415 1730 472 possint
1758 415 1891 458 simul
1921 411 2003 476 εἰῇ·

1987 479 1995 496 g
2002 486 2003 489 .

336 496 658 540 relaxationem
684 495 818 537 animi
842 495 1017 545 afferre,
1045 502 1088 538 et
1117 495 1173 536 ad
1202 493 1562 536 aedificationem
1592 492 1869 548 spiritualem
1899 493 1989 535 fa„

423 344 494 387 De
516 342 717 385 hist01iis
739 355 892 384 sacrae
915 340 1177 396 scripturae.

336 588 458 618 cere.

428 652 491 693 Ea
517 665 622 692 vero
645 659 794 701 erunt,
821 663 936 703 quae
953 647 1188 690 minimum
1207 649 1403 691 habeant
1421 648 1757 703 speculationis,
1778 649 1979 691 affectus
2002 673 2003 676 =

338 742 448 770 vero
471 728 668 769 habeant
691 725 901 781 religiose
925 727 1161 778 honestos,
1186 739 1238 768 ac
1261 724 1464 768 suauiter
1487 724 1741 781 religiosos.
1972 717 1974 719 ’
2002 710 2004 716 .

428 806 496 847 Ne
522 803 612 845 sint
635 803 891 858 singulares
914 817 966 845 ac
989 802 1174 845 solitarii
1193 802 1237 845 in
1256 801 1533 846 recreatione
1551 803 1728 846 fratres.
1755 803 1824 846 Ne
1846 803 1989 846 leues·

339 883 383 924 in
408 880 605 924 actione.
640 881 708 923 Ne
738 879 1008 922 immodesti.
1040 882 1112 924 215
1143 881 1212 923 Ne
1241 879 1287 922 in
1315 879 1496 924 incessu
1528 879 1718 924 incitati.
1752 881 1822 923 Ne
1861 892 1980 932 voce¹

339 966 525 1001 vtantur
564 957 814 1000 intensiori.
855 958 925 1000 Ne
958 965 1141 1000 vtantur
1180 956 1427 999 cachinnis.
1468 957 1538 1000 Ne
1576 956 1723 999 tetrici
1761 956 1863 999 sint.
1903 956 1972 999 Ne

339 1035 532 1079 verbosi.
562 1036 631 1078 Ne
654 1034 875 1077 iracundi.
902 1036 971 1078 Ne
994 1033 1280 1079 contentiosi.
1313 1035 1383 1076 Ne
1406 1034 1585 1078 molesti
1608 1034 1678 1077 vel
1701 1033 1870 1076 acerbi.
1903 1034 1977 1076 Ne

340 1112 511 1155 ironici.

547 1239 609 1268 DE
642 1238 1035 1268 COADIUTORIBUS
1068 1238 1441 1268 TEMPORALIBUS
1475 1238 1767 1268 INSTRUCTIO

429 1344 728 1387 Instituantur
749 1357 906 1386 omnes
928 1358 1009 1398 pro
1032 1358 1115 1385 suo
1145 1350 1297 1398 captu,
1333 1350 1381 1384 vt
1412 1344 1559 1387 Deum
1590 1341 1891 1398 cognoscant,
1929 1348 1976 1384 vt

341 1437 471 1464 suam
497 1421 797 1473 vocationem,
823 1429 959 1476 atque
982 1428 1029 1462 vt
1053 1420 1097 1462 in
1121 1420 1326 1464 oratione
1354 1419 1548 1476 aliquam
1578 1419 1867 1464 deuotionem
1892 1420 1975 1462 ha-

341 1501 495 1552 beant,
522 1508 566 1541 et
590 1498 736 1541 sciant
759 1512 917 1542 omnes
939 1498 1189 1540 doctrinam
1214 1496 1520 1539 christianam.

430 1576 617 1619 Faciant
650 1574 866 1618 exercitia
898 1574 1162 1630 spiritualia,
1203 1574 1240 1616 si
1278 1588 1368 1616 non
1407 1573 1575 1625 omnia,
1616 1574 1773 1617 saltem
1808 1573 1977 1630 primae

340 1654 651 1697 hebdomadae
672 1657 744 1698 216
767 1659 817 1695 et.
835 1651 1004 1707 aliquid
1028 1659 1111 1695 25²⁶
1134 1659 1178 1695 et
1203 1659 1285 1705 3³0
1308 1658 1353 1695 et
1370 1658 1470 1704 4³0,
1498 1665 1585 1706 qua
1604 1650 1647 1692 in
1668 1665 1714 1693 re
1731 1665 1780 1694 se
1797 1651 1976 1694 illorum

344 1730 547 1774 facultati
571 1728 926 1772 accommodabit
950 1728 1209 1771 instructor.

431 1808 613 1850 Nullam
645 1821 833 1862 prorsus
864 1805 1080 1849 orationis
1109 1806 1267 1848 horam
1299 1804 1612 1857 intermittant;
1646 1804 1767 1859 quod
1800 1804 1837 1847 si
1865 1805 1981 1848 hora.

343 1885 623 1942 praescripta
646 1883 760 1936 aliis,
787 1898 876 1925 non
901 1890 1033 1925 vacat
1056 1882 1164 1938 ipsis
1188 1898 1332 1935 orare,
1360 1882 1445 1925 alia
1467 1882 1741 1937 assignetur,
1774 1897 1862 1937 qua
1893 1881 1981 1938 ipsi·

344 1969 487 2005 orent.

437 2037 623 2092 Aliquid
648 2037 757 2093 ipsis
780 2045 906 2081 extra
931 2036 1133 2080 ordinem
1157 2036 1253 2078 dari
1276 2036 1439 2092 poterit
1475 2036 1688 2092 temporis
1720 2036 1775 2078 ad
1808 2035 1970 2097 oratio-

346 2131 472 2167 nem,
494 2123 542 2157 vt
566 2115 635 2166 iis,
662 2115 738 2169 qui
763 2114 807 2156 in
831 2114 1058 2157 continuis
1081 2113 1452 2156 distractionibus
1474 2121 1731 2156 versantur.

438 2194 703 2236 Doceantur
741 2205 952 2233 coronam
991 2191 1062 2233 vel
1091 2190 1311 2233 rosarium
1351 2198 1667 2234 sacrosanctae
1704 2189 1859 2232 matris
1895 2188 1990 2233 Dei·

349 2269 557 2320 recitare,
585 2276 629 2311 et
653 2268 857 2311 meditari
882 2282 960 2323 pro
988 2282 1071 2309 suo
1103 2275 1238 2323 captu
1268 2267 1499 2323 mysteria,
1531 2281 1646 2322 quae
1675 2266 1719 2308 in
1749 2281 1802 2309 eo
1834 2267 1983 2309 conti-

347 2355 528 2391 nentur.

438 2424 571 2466 Ratio
597 2422 882 2479 peculiariter
904 2423 960 2464 ab
983 2422 1047 2465 eis
1066 2422 1290 2478 exigatur,
1312 2421 1691 2477 quemadmodum
1710 2420 1754 2463 in
1777 2420 1981 2464 oratione

348 2508 603 2551 versentur,
631 2507 675 2544 et
698 2499 743 2541 in
766 2514 818 2542 ea
841 2499 973 2542 etiam
1000 2498 1284 2554 peculiariter
1307 2498 1604 2542 instruantur.

438 2577 704 2620 Exhortatio
727 2575 921 2632 singulis
944 2575 1238 2620 hebdomadis
1261 2577 1482 2618 habeatur
1500 2577 1555 2618 ad
1574 2575 1673 2618 illos
1691 2573 1916 2631 priuatim.
1987 2629 1991 2633 .

440 2658 584 2698 Detur
608 2652 796 2697 materia
818 2652 1159 2696 meditationum
1184 2653 1255 2695 vel
1273 2651 1526 2695 orationum
1553 2651 1797 2703 familiaris,
1817 2658 1862 2694 et
1883 2664 1979 2693 ma-

349 2733 660 2782 nuducantur,
686 2731 831 2774 donec
855 2731 1051 2772 fructum
1075 2728 1272 2771 sentiant
1295 2729 1494 2785 spiritus,
1520 2737 1565 2772 et
1588 2728 1671 2784 ipsi
1695 2743 1774 2784 per
1791 2743 1839 2771 se
1856 2741 1993 2786 com--

351 2811 483 2853 mode
507 2808 755 2851 orationem
780 2808 1036 2863 gubernent
1058 2810 1127 2851 217
1151 2820 1296 2858 suam,
1323 2820 1412 2849 non
1444 2815 1594 2848 tamen
1619 2806 1852 2848 omittetur
1874 2818 1984 2860 pro-

350 2896 504 2942 pterea
529 2885 693 2928 deinde
717 2882 956 2940 peculiaris
979 2883 1156 2925 illorum
1180 2882 1452 2925 obseruatio.

439 2964 704 3005 Doceantur
726 2968 923 3016 quantus
945 2958 1154 3016 prouenit
1179 2959 1354 3002 fructus
1370 2973 1425 3002 ex
1450 2958 1810 3014 frequentatione
1832 2971 1980 3001 sacra-

354 3047 627 3083 mentorum.
