2028 3426
333 192 402 228 502
804 186 956 221 PArffls
982 186 1224 222 H1ERONYM1
1252 187 1402 222 NADAL

287 327 372 370 387
660 339 722 368 DE
752 338 1161 369 NECESSITATIBUS
1191 338 1534 369 COLLEGIORUM

365 442 571 501 'Propter
589 453 803 502 vrgentes
821 445 1115 489 necessitates
1133 444 1312 502 collegii
1330 445 1400 487 vel
1419 446 1596 497 domus,
1620 443 1728 486 nihil
1747 444 1916 487 venda-

290 528 379 574 tur,
400 537 425 566 e
442 522 572 566 bonis
588 523 850 578 praesertim
869 521 1189 575 immobilibus3
1210 522 1256 564 in
1274 522 1532 566 euidentem
1552 536 1659 565 vero
1677 520 1916 565 vtilitatem

291 599 456 654 poterit
482 599 663 654 quidem
702 599 837 642 vendi
875 599 1060 654 aliquid,
1093 599 1179 642 nisi
1211 607 1436 655 repugnet
1476 598 1587 641 ratio
1622 597 1915 641 fundationis.

292 677 463 719 Verum
487 676 533 719 in
556 678 690 720 rebus
714 676 1018 719 immobilibus
1041 677 1128 719 hoc
1152 677 1303 719 nullus
1333 675 1467 718 faciet
1496 683 1740 728 rectorum,
1767 675 1920 719 nullus

293 753 577 809 praepositus
600 753 769 805 localis,
796 753 1052 797 inconsulto
1075 753 1357 810 prouinciali,
1383 752 1458 808 qui
1481 752 1587 797 item
1613 752 1656 794 id
1675 767 1767 795 non
1787 751 1919 797 faciet

293 830 549 873 inconsulto
575 833 707 873 Patre
730 830 948 886 generali,
973 842 1017 874 et
1041 831 1278 886 probante,
1305 829 1390 872 nisi
1413 829 1523 873 alias
1540 828 1753 872 disertam
1778 828 1920 871 licen-

296 907 401 949 tiam
430 908 526 950 eius
556 907 617 952 rei
656 909 863 951 haberet:
896 907 1059 963 poterit
1090 916 1239 952 tamen
1270 905 1558 963 prouincialis
1589 905 1633 947 in
1662 905 1921 949 euidentem

295 983 530 1029 vtilitatem
549 986 619 1027 vel
637 991 874 1040 vrgentem
892 985 1206 1029 necessitatem
1224 984 1392 1039 aliquid
1411 997 1466 1026 ex
1490 982 1730 1025 mobilibus
1752 982 1923 1026 vende-

296 1075 344 1104 re
366 1062 438 1105 vel
460 1069 753 1114 commutare,
779 1071 825 1105 et
847 1062 945 1107 eius
967 1061 1031 1105 rei
1048 1063 1155 1104 dare
1179 1062 1438 1105 facultatem
1463 1060 1729 1104 rectoribus.
1760 1059 1923 1103 Proui-

297 1140 475 1182 debitur
503 1153 610 1183 vero
642 1139 910 1196 vrgentibus
937 1138 1282 1183 necessitatibus
1312 1137 1575 1194 acceptione
1604 1136 1764 1189 mutui,
1791 1136 1927 1179 modo

298 1232 355 1261 ne
372 1231 509 1273 supra
526 1216 644 1260 vires
659 1216 858 1273 collegii,
879 1217 951 1261 vel
969 1231 1094 1273 spem
1110 1215 1380 1258 ordinariam
1400 1216 1786 1270 eleemosynarum
1805 1213 1924 1256 acci—

298 1294 447 1349 piatur
464 1301 688 1336 mutuum.
711 1294 1048 1346 Prouidebitur,
1072 1293 1254 1337 Christo
1277 1292 1484 1349 propitio,
1505 1291 1542 1335 si
1565 1296 1649 1337 388
1672 1290 1928 1334 accuratius

299 1379 510 1426 petantur
533 1371 863 1426 eleemosynae,
898 1371 1032 1414 etiarn
1055 1384 1133 1426 per
1162 1378 1402 1421 rectorem,
1429 1377 1474 1413 et
1495 1370 1711 1413 selectum
1734 1367 1926 1423 aliquem

302 1449 498 1500 Patrem,
524 1455 703 1504 praeter
731 1447 1005 1491 ordinarium
1029 1447 1435 1492 eleemosinarium.
1467 1445 1638 1488 Poterit
1659 1445 1751 1502 peti
1774 1460 1800 1488 a
1822 1459 1928 1501 pro-

302 1525 499 1577 uinciali,
527 1534 573 1568 vt
598 1526 708 1567 illud
725 1525 966 1582 collegium
986 1527 1165 1569 leuetur
1182 1524 1332 1579 aliquo
1350 1538 1540 1566 numero
1561 1524 1764 1575 fratrum,
1785 1522 1857 1565 vel
1873 1536 1928 1565 ex

302 1602 637 1646 contributione
667 1603 856 1645 aliorum
885 1602 1178 1658 collegiorum
1208 1601 1406 1653 iuuetur,
1432 1600 1469 1644 si
1509 1615 1586 1656 per
1616 1599 1927 1643 fundationem

301 1679 421 1721 licet.
450 1680 688 1723 Extremae
710 1687 861 1722 autern
892 1693 982 1722 non
1012 1678 1226 1722 euenient
1256 1677 1567 1729 necessitates,
1592 1676 1629 1719 si
1659 1676 1811 1731 plures
1840 1688 1931 1717 non

304 1756 482 1798 alantur
505 1755 549 1799 in
573 1757 706 1798 domo
726 1756 798 1798 vel
821 1755 1031 1812 collegio,
1059 1769 1192 1811 quam
1212 1754 1289 1810 qui
1307 1753 1527 1798 reditibus
1545 1754 1617 1797 vel
1635 1751 1933 1808 eleemosynis

305 1831 540 1875 ordinariis
562 1833 620 1875 ali
642 1832 833 1888 possint.
868 1833 1007 1888 Quod
1029 1832 1066 1875 si
1090 1831 1229 1875 maior
1254 1845 1471 1874 numerus
1493 1831 1655 1882 alatur,
1678 1829 1722 1871 id
1739 1829 1816 1872 fiat
1833 1842 1933 1884 pro·

304 1916 405 1965 pter
429 1909 611 1952 maioris
633 1910 951 1966 eleemosynae
969 1924 1112 1965 spem,
1133 1910 1204 1952 vel
1222 1924 1276 1953 ex
1294 1907 1528 1964 proposito
1547 1906 1727 1950 maioris
1744 1913 1936 1948 conatus

305 1987 361 2028 ad
384 1985 482 2029 illas
505 1987 739 2042 augendas
761 2002 816 2031 ex
835 1994 957 2031 recta
980 1986 1154 2030 ratione
1179 1986 1384 2030 collecto.

394 2063 484 2106 Vbi
506 2065 563 2107 de
585 2063 936 2107 necessitatibus
954 2062 1133 2120 collegii
1152 2063 1357 2106 scribunt
1375 2069 1589 2113 rectores,
1611 2061 1934 2118 studeanttrem

306 2139 448 2195 ipsam
471 2141 603 2196 plane
626 2154 678 2183 ac
700 2140 963 2196 simpliciter
985 2155 1228 2196 exponere,
1255 2153 1339 2184 nec
1357 2147 1544 2182 vtantur
1561 2153 1650 2180 non
1670 2136 1937 2181 necessariis

308 2217 748 2272 amplificationibus.
782 2219 903 2261 Dent
936 2232 1042 2260 vero
1071 2232 1253 2273 operam
1283 2216 1564 2273 diligentius,
1597 2223 1644 2257 vt
1681 2213 1933 2264 inueniant,

308 2307 398 2348 quo
415 2300 547 2349 pacto
565 2293 650 2336 illis
668 2293 1017 2337 necessitatibus
1035 2293 1270 2338 subueniri
1296 2293 1436 2349 possit
1460 2293 1580 2348 apud
1603 2292 1739 2348 ipsos,
1764 2298 1810 2334 et
1827 2290 1938 2333 illud

308 2372 427 2413 bona
450 2371 537 2414 fide
560 2379 788 2426 exponant
818 2370 1188 2426 prouincialibus.

308 2495 392 2536 389
991 2503 1053 2532 DE
1083 2503 1251 2533 MUTUO

401 2605 611 2647 Mutuum
635 2604 742 2647 dare
764 2604 1004 2659 collegium
1028 2618 1166 2645 vnum
1190 2603 1317 2646 alteri
1335 2610 1500 2658 potest,
1522 2603 1582 2644 ita
1606 2609 1754 2644 tamen
1777 2607 1823 2642 vt
1840 2600 1938 2644 red-

311 2682 509 2726 dendum
534 2680 699 2724 norint.
726 2682 846 2724 Dare
870 2694 976 2723 vero
998 2681 1116 2723 dono
1140 2695 1278 2722 vnum
1300 2680 1427 2723 alteri
1451 2694 1544 2722 non
1574 2686 1739 2735 potest,
1764 2676 1937 2733 praeci-

312 2774 400 2816 pue
423 2759 604 2815 quando
626 2757 797 2801 dotatio
820 2774 845 2801 a
868 2758 1104 2800 fundatore
1128 2756 1390 2800 nominatim
1413 2756 1474 2798 illi
1497 2755 1686 2812 collegio
1708 2762 1777 2798 est
1799 2753 1938 2810 appli-

248 2867 251 2869 -
313 2845 429 2891 cata,
455 2850 540 2880 nec
564 2851 644 2893 pro
672 2835 856 2878 arbitrio
887 2834 1127 2879 Societatis
1155 2835 1275 2877 bona
1312 2833 1485 2890 possint
1514 2832 1737 2876 distribui.
1772 2833 1938 2874 Parum
1991 2887 1997 2893 ἡ

314 2923 464 2958 tamen
484 2915 713 2957 fructuum
737 2927 827 2956 non
849 2912 1113 2968 prohibetur
1130 2911 1224 2954 dari
1248 2925 1396 2966 posse:
1417 2910 1574 2954 alienis
1592 2924 1714 2961 vero,
1734 2908 1788 2951 iis
1806 2922 1938 2964 prae-

314 2991 490 3043 sertim,
521 2990 597 3047 qui
625 2989 709 3047 ipsi
747 2991 919 3033 soleant
958 2997 1165 3031 mutuare
1197 2988 1404 3044 collegio,
1436 2996 1644 3030 mutuare
1681 2998 1936 3042 possumus3
