2028 3426
515 202 868 238 Annona-Arionis
893 203 969 237 ἀπ
996 208 1217 237 EXCERPTA
1225 202 1312 246 -67
1612 201 1681 245 669

95 318 187 346 rem
211 302 437 358 reperiant
460 303 722 360 methodum
747 302 1010 346 instituendi
1034 317 1192 347 omnes
1221 304 1277 345 ad
1305 303 1553 347 orationem
1586 311 1631 345 et
1654 318 1730 345 re-

100 394 198 422 rum
221 378 518 434 spiritualium
543 378 851 434 cognitionem
875 388 920 422 et
943 380 1088 422 vsum!

185 456 306 498 Huic
329 455 577 497 ministerio
608 457 660 497 P.
687 456 890 510 Ignatius
914 464 1087 499 tantum
1113 455 1285 508 tribuit,
1311 463 1529 510 quantum
1555 456 1713 511 potuit.

98 531 296 574 Maxima
319 546 442 573 arma
464 531 637 574 solebat
675 533 786 574 haec
808 539 958 574 nostra
998 531 1273 587 praedicare,
1315 532 1479 586 quibus
1502 533 1559 573 ad
1582 531 1723 586 ipsius

97 608 330 652 seruitium
356 609 481 651 Deus
513 615 685 649 tantam
709 608 894 651 dederat
916 608 1178 659 efficaciam,
1206 623 1353 665 neque
1382 608 1514 650 aliam
1548 610 1701 651 metho
1719 635 1728 638 -

96 686 203 726 dum
227 684 367 726 voluit
391 698 587 738 vnquam
626 683 840 726 orationis
864 686 934 727 vel
970 686 1078 729 dare
1115 686 1186 729 vel
1223 684 1498 741 permittere.
1527 685 1726 727 Primam

97 760 420 817 experientiam
456 769 473 785 a
496 761 551 802 de
574 760 662 812 his,
703 760 780 815 qui
804 776 852 804 se
884 761 1056 804 dedunt
1085 761 1315 812 Societati,
1342 761 1484 803 voluit
1508 775 1588 815 per
1617 762 1731 803 haec

98 837 309 880 exercitia
332 835 523 889 institui3
551 836 657 878 huic
680 836 800 879 enim
822 837 993 880 sciebat
1013 837 1230 892 principia
1248 836 1394 892 accipi
1413 843 1458 880 et
1482 836 1588 887 vim,
1610 837 1730 877 vnde

101 915 157 956 ad
180 928 358 957 omnem
384 912 599 956 orationis
621 913 942 968 perfectionem
977 921 1036 968 et,
1064 914 1101 956 si
1123 914 1249 965 velis,
1276 913 1597 956 sublimitatem
1621 927 1731 954 eua—

103 991 210 1033 dere
231 989 469 1045 possimus.
498 991 587 1031 Per
609 988 839 1041 exercitia,
866 989 901 1032 si
925 989 1001 1044 qui
1031 989 1191 1045 spiritu
1221 989 1579 1041 debilitarentur,
1605 990 1730 1031 vole-

104 1067 180 1108 bat
198 1066 320 1107 refici
344 1072 479 1120 atque
501 1065 709 1118 recreari3
736 1073 796 1117 et,
824 1073 870 1107 vt
893 1053 982 1108 vno
1005 1067 1143 1108 verbo
1166 1066 1328 1118 dicam,
1355 1066 1630 1109 contendere
1648 1080 1735 1108 nos

106 1143 241 1185 vitam
264 1142 419 1186 viuere
437 1141 711 1197 spiritualem
737 1143 917 1185 volebat
936 1156 1014 1197 per
1031 1142 1260 1194 exercitia3
1283 1157 1361 1197 per
1379 1157 1431 1185 ea
1450 1156 1532 1184 nos
1549 1142 1728 1193 instrui,

105 1235 185 1275 per
208 1233 261 1261 ea
298 1219 503 1274 spiritum
536 1226 581 1262 et
618 1219 907 1262 deuotionem
946 1218 1205 1261 conseruari
1243 1219 1288 1260 in
1322 1219 1452 1261 nobis
1490 1226 1535 1262 et
1557 1219 1733 1274 augeri;

106 1311 210 1338 nam
233 1296 409 1338 etiamsi
433 1296 674 1350 aliquando
697 1296 909 1339 secedere
926 1297 983 1339 ad
1000 1295 1214 1338 exercitia
1232 1295 1510 1338 fructuosius
1528 1296 1740 1337 obeunda

105 1374 338 1425 debemus,
365 1379 613 1428 perpetuus
635 1387 734 1415 esse
752 1373 886 1414 debet
910 1371 1041 1413 nobis
1070 1371 1388 1415 exercitiorum
1420 1386 1527 1415 Vsus
1549 1371 1594 1413 in
1619 1385 1734 1426 quo—

109 1449 288 1492 tidianis
312 1449 479 1491 nostris
501 1448 870 1492 meditationibus
893 1456 1029 1503 atque
1052 1448 1349 1493 orationibus.

200 1528 261 1569 Vt
285 1533 434 1568 autem
465 1526 522 1567 ad
550 1525 637 1567 alia
665 1525 927 1576 ministeria,
960 1525 1022 1567 ita
1059 1525 1116 1567 ad
1138 1527 1223 1567 hoc
1253 1534 1359 1567 sunt
1398 1525 1552 1568 selecti
1578 1527 1741 1567 Patres

110 1601 357 1658 deligendi,
398 1602 474 1656 qui
509 1602 722 1644 facultate
761 1601 954 1644 naturali
990 1601 1164 1644 habiles
1202 1601 1456 1654 videantur3
1487 1617 1577 1644 non
1615 1601 1733 1644 enim

106 1694 264 1722 omnes
286 1680 372 1721 hac
396 1679 610 1721 facultate
634 1678 802 1730 valent3
839 1678 917 1720 sed
940 1677 1056 1733 siqui
1085 1685 1247 1720 natura
1270 1685 1376 1719 sunt
1401 1679 1456 1720 ad
1486 1677 1734 1720 orationem

105 1755 319 1812 propensi
341 1762 386 1798 et
410 1755 641 1815 pietatem,
667 1755 703 1797 si
727 1756 988 1810 prudentes,
1021 1754 1159 1807 cauti,
1191 1762 1326 1809 atque
1357 1754 1672 1810 circumspecti
1695 1762 1740 1797 et
1762 1751 1766 1754 ’

105 1839 307 1876 amantes
329 1832 565 1874 virtutum.
588 1833 750 1886 Neque
773 1832 918 1874 solum
938 1831 983 1873 in
1007 1831 1076 1874 his
1099 1840 1166 1874 est
1192 1831 1434 1887 deligenda
1464 1831 1538 1873 illa
1561 1838 1744 1873 natura-

104 1909 157 1951 lis
179 1909 401 1965 aptitudo,
428 1909 508 1950 sed
532 1909 694 1959 virtus,
727 1908 930 1960 deuotio,
965 1908 1229 1952 exercitatio
1262 1922 1413 1950 rerum
1442 1907 1740 1963 spiritualium

104 1994 149 2028 et
174 2000 297 2038 vsus,
324 1994 419 2027 tum
450 1984 691 2036 institutio,
726 2000 862 2039 quam
901 1985 1124 2040 acceperit
1162 1986 1218 2027 ab
1241 1985 1311 2037 iis,
1340 1985 1416 2039 qui
1448 1992 1554 2027 sunt
1578 1984 1622 2026 in
1648 1992 1740 2026 tra-

105 2062 265 2104 dendis
292 2061 518 2105 exercitiis
536 2060 787 2104 exercitati.

195 2139 346 2181 Vnum
370 2138 406 2180 si
430 2138 591 2189 dicam,
613 2139 669 2179 ad
688 2138 773 2180 alia
798 2148 993 2182 transeo:
1014 2153 1133 2190 eum,
1156 2139 1232 2193 qui
1249 2138 1481 2193 dispensat
1504 2137 1734 2187 exercitia,
1759 2153 1762 2156 ·

109 2214 170 2257 ita
208 2214 451 2258 deuotione
488 2215 652 2257 debere
691 2214 811 2256 affici
834 2214 880 2256 in
904 2214 1134 2257 tradendis
1163 2214 1404 2265 exercitiis,
1436 2214 1498 2256 ita
1527 2213 1736 2256 sensibus

110 2290 415 2346 spiritualibus
437 2290 707 2345 permoueri,
734 2297 782 2331 vt
803 2305 858 2332 ex
882 2290 1159 2332 abundantia
1191 2299 1236 2334 et
1264 2290 1432 2332 virtute
1463 2304 1571 2332 suae
1595 2290 1736 2331 deuo—

110 2366 244 2409 tionis
266 2374 311 2409 et
333 2381 494 2409 sensus
516 2366 562 2408 in
586 2368 687 2419 X.⁰‚
721 2366 894 2410 etiarnsi
924 2367 1079 2422 paucis
1101 2367 1252 2411 verbis
1282 2368 1508 2422 agendum
1539 2365 1622 2421 ipsi
1653 2373 1736 2415 est,

111 2451 259 2486 tamen
277 2443 366 2485 vim
389 2443 644 2498 imprimere
669 2443 811 2498 possit
832 2443 888 2494 ei,
921 2457 1055 2497 quem
1078 2443 1276 2486 instruit.
1308 2443 1437 2485 Illum
1469 2442 1574 2485 item
1606 2442 1741 2484 debet

110 2518 267 2561 iuuare
289 2519 582 2570 orationibus,
608 2518 770 2561 missae
792 2518 1039 2570 sacrificiis,
1067 2521 1179 2561 haec
1203 2519 1337 2562 etiam
1363 2520 1417 2561 ab
1444 2518 1540 2559 aliis
1564 2531 1643 2573 pro
1664 2516 1741 2558 illo

110 2595 365 2650 impetrare.
390 2595 484 2651 Qui
502 2610 608 2637 vero
632 2605 885 2650 exercetur,
912 2595 974 2637 ita
996 2595 1131 2639 debet
1148 2595 1342 2650 primum
1369 2609 1542 2649 parare,
1571 2600 1634 2643 vt,
1663 2608 1741 2635 ex-

111 2672 236 2715 clusa
258 2671 379 2714 omni
400 2671 678 2725 curiositate,
704 2686 807 2713 cum
832 2671 1119 2726 simplicitate
1150 2671 1298 2714 cordis
1327 2678 1372 2712 et
1402 2669 1655 2711 humilitate
1681 2669 1741 2710 ita

113 2748 309 2801 secedat,
340 2755 403 2799 vt,
437 2748 650 2790 vniuerso
688 2749 774 2790 hoc
812 2747 966 2791 seculo
999 2747 1204 2790 seiuncto
1241 2746 1274 2799 b,
1317 2748 1371 2788 ad
1396 2745 1479 2788 Dei
1502 2745 1671 2800 regiam
1697 2752 1742 2788 et

113 2823 387 2878 colloquium
412 2825 596 2868 accedat
620 2839 699 2880 per
722 2823 952 2877 exercitia,
978 2823 1295 2867 intellecturus
1319 2822 1427 2876 quid
1456 2821 1564 2864 velit
1588 2821 1742 2863 Domi—

184 2945 201 2960 a
251 2933 295 2969 In
320 2946 391 2969 ms.
419 2935 594 2980 sequitur
624 2934 842 2976 constituit,
863 2934 964 2980 quod
997 2934 1234 2980 superfluum
1259 2932 1426 2967 videtur.
1479 2933 1544 2958 ——b
1570 2931 1744 2966 Confuse

116 2997 330 3028 exaratum.
