2028 3426
611 222 627 233 x

460 283 735 319 MONUMENTA
760 288 1015 317 PROVINCIAE
1042 279 1354 322 AUSTR1AE-47
1605 285 1670 321 271

179 385 481 429 Prouideatur
497 383 755 439 diligenter,
777 390 827 424 ut
848 383 1012 438 hyeme
1031 387 1195 423 uentus
1213 394 1269 422 ne
1291 379 1450 434 perflet
1469 386 1514 422 et
1535 378 1720 433 peruius

78 463 146 506 rsit
168 477 247 519 per
268 463 468 513 domurn,
495 462 616 516 quod
638 467 682 503 et
708 460 818 503 alias
841 460 919 502 fiet
941 459 997 502 ad
1018 458 1119 500 loca
1141 455 1368 507 comunia;
1395 463 1440 498 et
1461 454 1508 496 in
1531 455 1719 497 cubicu—

86 540 142 582 lis
171 539 413 595 diligenter
441 538 710 581 obserentur
739 537 1040 580 fenestrarum
1070 534 1208 576 rimae
1237 534 1408 583 charta,
1440 545 1556 586 quae
1579 532 1720 574 omni-

90 618 176 659 bus
198 615 288 658 sint
310 614 487 657 vitriata
509 621 541 656 ³.
1340 613 1343 615 ’

184 691 431 743 Excitator‚
457 704 560 733 cum
585 688 778 746 primum
803 687 1068 733 excitauerit
1099 694 1144 731 et
1176 674 1350 730 dederit
1378 685 1547 727 lumina
1575 685 1722 727 fratri-

91 771 194 821 bus,
220 769 440 811 accendat
462 768 710 818 lucernam,
737 780 853 820 quae
875 764 959 809 erit
980 764 1027 806 in
1049 763 1222 806 latrinis
1243 770 1289 805 et
1311 762 1357 805 in
1387 762 1482 805 aliis
1510 761 1622 804 locis
1645 776 1722 804 co—

90 845 362 888 munibus...

179 922 311 965 Fiant
334 918 679 964 confessionalia
703 918 786 960 tria
808 919 966 960 saltem
989 918 1157 960 clausa:
1183 916 1272 958 sint
1295 915 1430 960 etiam
1460 915 1608 970 aliqua
1638 914 1723 958 alia

84 1000 150 1057 -ad
172 998 487 1042 necessitatem
511 1004 554 1040 et
578 997 774 1039 habeant
797 994 992 1049 aliquam
1017 994 1203 1036 formam
1227 991 1643 1043 confessionalium.

182 1075 274 1131 Qui
311 1075 481 1118 habent
513 1073 816 1128 chirographa
852 1073 886 1123 ¹,
919 1085 1001 1114 nec
1031 1069 1165 1114 etiam
1199 1076 1400 1125 tempore
1429 1067 1721 1111 recreationis

95 1160 285 1208 possunt
313 1151 447 1194 simul
474 1148 687 1205 colloqui,
720 1147 804 1190 nisi
833 1154 1070 1203 praesente
1101 1160 1191 1188 uno
1224 1146 1298 1189 uel
1326 1145 1524 1198 duobus,
1557 1144 1722 1200 quibus

95 1236 285 1285 possunt
308 1227 518 1282 colloqui.

185 1305 277 1361 Qui
299 1304 625 1348 concionantur
647 1308 833 1344 utantur
854 1300 985 1353 stola,
1012 1299 1088 1354 qui
1117 1301 1338 1341 hactenus
1368 1305 1475 1341 sunt
1505 1297 1589 1350 usi,
1615 1298 1720 1342 licet

96 1398 186 1426 non
209 1382 297 1425 sint
321 1381 365 1424 in
389 1380 541 1433 sacris3
568 1378 644 1435 qui
667 1393 757 1421 non
781 1384 886 1420 sunt
909 1376 994 1430 usi,
1015 1382 1262 1431 sequantur
1284 1390 1418 1417 suum
1443 1389 1629 1417 morem.

181 1457 508 1515 Superpellicio
531 1471 622 1499 non
646 1462 714 1499 est
739 1454 956 1498 utendum
980 1453 1024 1494 in
1047 1452 1252 1496 docenda
1280 1451 1483 1494 doctrina
1512 1451 1721 1494 christia-

94 1552 168 1589 na,
197 1544 244 1579 ut
268 1543 336 1578 est
361 1549 468 1578 usus
490 1532 745 1584 Societatis,
772 1538 815 1575 et
837 1530 910 1573 hic
935 1531 1103 1572 factum
1126 1536 1195 1572 est
1213 1529 1452 1571 hactenus.

182 1614 234 1655 In
263 1611 451 1655 summis
480 1609 618 1653 sacris
646 1623 738 1651 non
766 1613 916 1650 cantet
946 1606 1082 1648 frater
1120 1605 1280 1660 aliquis
1317 1612 1395 1648 aut
1431 1604 1721 1660 euangelium

28 1736 31 1740 ,
89 1696 177 1733 *aut
205 1689 456 1745 epistolam,
483 1687 562 1729 sed
583 1686 773 1742 ipsemet
795 1683 1052 1728 sacrificans
1077 1682 1224 1724 omnia
1250 1681 1335 1724 ista
1357 1688 1572 1737 praestet.

187 1765 444 1821 Diligenter
464 1765 544 1806 fiat
565 1761 770 1832 doctrina
792 1760 1034 1803 christiana
1055 1758 1101 1802 in
1120 1759 1286 1814 templo
1312 1773 1389 1814 per
1406 1758 1599 1813 aliquem
1624 1758 1719 1814 idoss

92 1857 251 1887 neum.

188 1921 297 1962 Post
319 1919 459 1962 altare
481 1915 626 1959 maius
647 1913 948 1958 constituatur
973 1913 1082 1968 quid
1097 1905 1307 1955 deuotius
1325 1917 1507 1967 propter
1530 1925 1624 1962 eos,
1646 1910 1724 1966 qui

100 1991 222 2038 illinc
243 1995 476 2039 ambulant
498 1993 543 2035 in
565 1991 773 2043 circuitu,
798 2004 882 2034 nec
904 1989 966 2032 ita
988 1988 1251 2045 negligatur
1272 1989 1399 2030 locus
1421 1987 1512 2030 ille.

189 2072 386 2128 Quando
410 2070 641 2127 paululum
664 2069 869 2112 eleuatur
897 2066 1044 2109 hostia
1073 2073 1176 2108 ante
1202 2066 1365 2108 «Pater
1395 2071 1593 2116 noster»,
1620 2078 1723 2106 cum

107 2149 272 2192 dicitur
303 2162 406 2204 «per
444 2147 609 2202 ipsum,
641 2159 745 2187 cum
782 2143 895 2199 ipso,
922 2150 968 2187 et
1005 2142 1047 2184 in
1082 2142 1226 2198 ipso»,
1259 2141 1463 2197 pulsetur
1491 2140 1725 2196 paululum

101 2225 384 2281 campanula.

189 2303 257 2344 Ex
285 2299 507 2356 superiori
534 2297 807 2340 bibliotheca
835 2296 1095 2339 deferentur
1124 2295 1169 2337 in
1207 2293 1465 2337 inferiorem
1502 2293 1620 2346 libri,
1646 2295 1722 2356 qui

103 2377 275 2435 possint
304 2392 404 2420 esse
432 2375 549 2419 usui:
589 2389 644 2418 ex
681 2372 882 2416 inferiori
912 2386 1021 2415 uero
1054 2378 1342 2427 asportentur
1371 2370 1416 2412 in
1445 2369 1725 2426 superiorem

102 2443 181 2509 qui
203 2468 292 2496 non
315 2460 422 2496 sunt
444 2451 601 2494 usui...
935 2433 947 2441 Ἰ

193 2532 254 2574 Vt
277 2531 330 2572 P.
358 2527 595 2583 Cornelius
616 2533 774 2583 pergat
796 2526 839 2567 in
864 2524 1144 2581 corrigendis
1166 2524 1440 2567 missalibus.

172 2714 189 2730 a
239 2702 317 2748 Sic3
336 2700 436 2736 forte
461 2699 584 2735 voluit
601 2698 730 2734 dicere
751 2697 961 2740 vitriatae‚·
984 2696 1022 2732 id
1047 2703 1119 2742 est,
1141 2708 1274 2732 omnes
1293 2696 1484 2731 fenestras
1512 2694 1622 2729 vitris
1649 2706 1728 2728 mu-

102 2761 286 2797 niendas.

178 2904 189 2924 ¹
240 2902 504 2948 Chirographa
528 2901 718 2936 dabantur
741 2899 947 2943 fratribus,
979 2903 1020 2932 ut
1048 2896 1193 2932 scirent
1216 2896 1447 2943 quibuscum
1474 2901 1644 2941 tempore
1671 2907 1728 2929 re-

95 2963 312 2998 creationis
331 2959 498 3007 colloqui
516 2964 688 3006 possent.
708 2958 783 2993 Hie
801 2962 930 2992 autem
950 2956 1155 2999 indicatur,
1175 2954 1350 3001 quamvis
1370 2954 1624 2999 subobscure,
1639 2953 1730 2988 duo—

107 3023 180 3057 bus
204 3021 296 3056 solis
320 3019 489 3066 colloqui
513 3017 615 3054 haud
645 3017 780 3062 licere,
808 3016 882 3050 nisi
914 3015 1050 3050 tertius
1076 3019 1142 3048 aut
1166 3018 1324 3060 quartus
1356 3013 1484 3047 socius
1509 3011 1729 3056 assignatus

88 3081 279 3116 „adessem
