2028 3426
411 286 684 321 MONUMENTA
710 294 969 323 PRovmcrAss
991 286 1278 321 FLANDmAE—
1286 293 1330 330 57
1591 284 1657 330 351

31 409 36 411 -
79 386 157 442 qui
179 393 287 430 sunt
307 386 492 442 linguae
514 386 704 442 gallicae
726 386 770 428 in
790 386 997 442 collegio,
1019 402 1076 431 ne
1093 386 1212 429 illam
1231 386 1467 429 dediscant
1484 386 1704 443 linguam,

48 485 53 492 ·
81 464 160 508 sed
181 463 330 519 potius
352 462 473 506 illam
497 470 660 505 ornent
683 470 728 507 et
750 463 935 518 poliant,
962 470 1049 507 etc.

169 541 238 583 Ne
260 539 488 595 permittat
510 546 673 591 rector,
699 540 821 594 quod
854 540 986 583 faciet
1014 555 1094 595 per
1121 539 1356 582 sacristam
1386 540 1460 582 uel
1489 541 1700 583 obserua-

82 624 224 659 torem
247 616 458 671 aliquem,
482 622 532 657 vt
553 617 881 659 commensales
905 618 1040 673 (quod
1069 616 1309 672 faciebant)
1339 623 1561 671 reponant
1589 617 1706 672 pilea

79 707 162 736 sua
183 707 319 748 super
341 693 513 746 altaria,
538 692 612 736 vel
634 692 741 748 ipsis
764 692 1069 736 innitantur...

167 768 260 824 Qui
283 768 524 811 mittuntur
546 770 601 810 ab
624 783 714 810 vno
737 769 930 824 collegio
953 770 1009 812 ad
1031 769 1169 821 aliud,
1201 769 1438 812 mittantur
1467 770 1704 813 mediocri-

80 854 146 890 ter
167 845 319 888 vestiti
340 853 385 888 et
406 848 614 889 honeste.
647 846 782 900 Quod
816 845 853 887 si
885 861 1028 888 nouas
1061 847 1260 889 habeant
1293 853 1460 898 vestes,
1496 861 1587 888 non
1621 846 1703 890 erit

23 925 40 933 ''
78 921 262 966 necesse
284 937 387 965 cum
410 922 496 964 illis
519 936 596 966 eos
619 922 752 973 mitti,
778 923 857 966 sed
880 922 1130 966 mediocres
1152 930 1343 978 possunt
1361 923 1580 978 accipere:
1606 930 1650 966 et
1667 923 1704 966 si

77 1000 191 1043 infra
213 999 567 1042 mediocritatem
591 1007 743 1043 essent
766 1000 932 1051 vestiti,
959 1001 1014 1043 ad
1043 992 1401 1044 mediocritatem
1430 1000 1700 1044 vestiantur.

79 1078 181 1119 Hoc
210 1084 359 1120 tamen
390 1078 528 1120 habet
557 1077 857 1127 consuetudo,
884 1084 931 1118 vt
962 1077 1218 1132 superiores
1247 1087 1396 1119 vestes
1425 1077 1498 1120 vel
1521 1078 1700 1129 talares,

77 1153 173 1196 siue
191 1152 491 1208 quotidianas,
511 1152 609 1196 siue
627 1152 913 1205 domesticas,
930 1169 987 1196 ne
1004 1168 1158 1196 secum
1180 1155 1341 1206 ferant3
1356 1161 1401 1196 et
1415 1154 1584 1197 debent
1602 1167 1702 1197 esse

26 1250 30 1251 ⁷
75 1230 279 1273 contenti
302 1230 530 1282 mantello;
556 1236 601 1272 et
622 1229 699 1284 qui
722 1229 898 1284 equites
920 1230 1281 1285 proficiscentur,
1307 1229 1368 1271 illi
1392 1244 1476 1272 nec
1498 1230 1700 1286 gladium

79 1321 162 1349 nec
183 1307 395 1349 baculum
419 1308 581 1350 ferant:
608 1305 681 1360 qui
706 1306 896 1362 pedites,
922 1314 1113 1362 possunt
1136 1307 1298 1349 baculo
1322 1306 1404 1351 vti.

161 1384 231 1426 Ne
270 1382 555 1438 permittatur
591 1390 608 1407 ³
646 1383 942 1434 consuetudo,
984 1390 1032 1423 vt
1070 1396 1172 1424 cum
1210 1384 1301 1425 huc
1339 1384 1396 1425 ad
1433 1398 1516 1425 nos
1558 1384 1700 1426 fertur

76 1460 224 1503 oleum
254 1459 495 1512 vnctionis,
527 1458 790 1514 praesertim
814 1472 916 1501 cum
946 1459 1078 1502 simul
1107 1460 1336 1501 adferatur
1365 1466 1697 1503 sacramentum

73 1535 390 1588 eucharistiae,
416 1543 465 1577 vt
487 1536 629 1578 nostri
651 1537 913 1590 frequentes
936 1535 1224 1589 comitentur,
1250 1542 1295 1578 et
1313 1536 1447 1579 etiam
1467 1550 1698 1579 commen—

27 1642 31 1648 ·
73 1613 188 1656 sales
206 1613 358 1668 aliqui.

38 1749 44 1753 ί
161 1689 341 1744 Quibus
363 1690 494 1731 datur
515 1689 808 1742 ientaculum,
828 1688 882 1731 iis
905 1703 961 1731 ne
983 1689 1291 1744 prohibeatur,
1313 1696 1361 1731 vt
1382 1689 1493 1732 illud
1516 1696 1697 1732 sumant

34 1754 37 1756 ,
69 1766 143 1809 die
166 1766 391 1808 mercurii.

159 1843 412 1899 Diligenter
441 1849 569 1886 curet
597 1849 760 1893 rector,
792 1849 839 1884 vt
867 1842 1072 1885 celeriter
1109 1850 1152 1886 et
1181 1843 1415 1885 commode
1444 1849 1695 1898 apponatur

68 1918 197 1961 cibus
220 1921 276 1962 ad
299 1934 516 1971 mensam,
543 1933 599 1961 ne
621 1919 679 1961 sit
701 1918 871 1961 diutius
893 1920 1225 1975 expectandum
1248 1912 1485 1971 fratribus,
1518 1926 1562 1962 et
1590 1934 1695 1974 por-

71 1995 216 2039 tiones
238 1997 348 2038 fiant
369 1997 595 2052 aequales,
624 2003 671 2037 vt
693 2010 783 2038 non
807 1996 955 2038 minus
974 1997 1184 2048 habeant,
1206 1995 1282 2051 qui
1298 1995 1487 2039 veniunt
1505 1997 1561 2038 ad
1580 2004 1690 2047 2.‘“⁴¹¹¹,

69 2086 203 2127 quam
227 2072 304 2127 qui
326 2074 383 2114 ad
404 2072 592 2127 primam
616 2073 871 2115 menSam...

155 2149 380 2192 Dominus
402 2149 661 2192 licentiatus
683 2148 792 2191 boni
815 2149 1042 2192 consuluit
1065 2156 1108 2192 et
1131 2149 1355 2204 probauit,
1391 2156 1440 2190 vt
1463 2164 1553 2191 non
1575 2148 1695 2190 inui—

70 2232 223 2268 tentur
245 2226 455 2269 mulieres
478 2225 524 2267 in
547 2225 644 2275 eius
665 2226 819 2277 domo,
852 2232 897 2268 et
923 2228 1008 2268 hoc
1037 2225 1264 2281 pollicitus
1294 2232 1362 2268 est
1389 2239 1438 2268 se
1467 2226 1692 2268 facturum

2 2336 6 2338 .
67 2317 147 2358 pro
168 2302 265 2345 eius
288 2301 570 2358 benignitate
591 2309 637 2345 et
659 2302 875 2345 charitate
898 2317 1007 2358 erga
1030 2317 1111 2345 nos
1130 2309 1174 2344 et
1197 2303 1489 2346 Societatem:
1517 2309 1690 2344 tantum

0 2408 2 2410 ψ
67 2378 178 2420 illud
207 2377 408 2431 retinuit,
440 2385 488 2420 vt
515 2378 553 2420 si
582 2378 762 2434 quando
790 2377 942 2420 veniat
971 2377 1156 2431 sororia,
1187 2377 1233 2420 in
1263 2377 1361 2421 eius
1388 2379 1522 2420 domo
1552 2377 1692 2433 possit

67 2454 188 2497 illam
210 2454 418 2498 inuitare:
444 2461 490 2496 et
512 2461 662 2498 tamen
685 2454 721 2497 si
744 2455 925 2509 quando
946 2437 1057 2497 haec
1086 2454 1254 2507 veniat,
1286 2455 1439 2497 nullus
1468 2470 1492 2498 e
1525 2453 1692 2496 nostris

66 2531 217 2574 veniat
238 2532 295 2573 ad
316 2531 427 2573 illud
449 2530 767 2574 conuiuium...
1419 2527 1423 2530 ’

155 2609 320 2663 Quoad
340 2607 437 2651 fieri
464 2607 644 2663 poterit,
676 2622 766 2650 non
794 2608 904 2650 fiant
935 2608 1192 2662 frequentes
1223 2606 1495 2649 mutationes
1519 2606 1688 2648 officia-

67 2683 174 2726 lium
197 2684 559 2728 domesticorum.

154 2761 266 2803 Tres
287 2760 460 2816 syndici
483 2760 677 2804 habendi
704 2768 825 2813 sunt;
852 2775 968 2802 vnus
993 2760 1275 2811 vniuersalis,
1307 2758 1421 2801 alius
1450 2757 1690 2813 particula-

68 2835 127 2882 ris
155 2836 499 2888 recreationum,
542 2836 700 2879 tertius
729 2837 918 2880 fratrum
946 2837 1126 2891 quando
1160 2843 1266 2878 sunt
1303 2835 1347 2876 in
1386 2833 1572 2885 scholis,
1616 2834 1688 2877 uel

15 2934 19 2937 ·
65 2914 246 2966 quando
268 2912 564 2969 egrediuntur
584 2928 665 2969 pro
694 2913 986 2957 recreatione.

137 3088 154 3105 a
202 3077 243 3112 Id
261 3082 334 3115 est:
353 3077 411 3113 Ne
425 3079 794 3124 praetermittatur.
