2028 3426
654 282 1082 320 INSTRUCTIONES—61
1566 282 1636 328 399

47 402 140 444 quo
168 385 368 443 legitime
398 393 608 428 constare
639 392 792 441 posset
825 385 869 428 in
901 384 1113 428 exteriori
1151 385 1265 427 foro.
1308 383 1359 426 In
1389 384 1475 425 hoc
1513 398 1682 439 genere

0 498 1 529 ἱ
51 470 158 508 sunt
178 465 405 514 haereses,
441 462 511 506 vel
544 464 836 505 vehementes
869 463 924 504 de
953 460 1130 504 haeresi
1157 460 1455 516 suspiciones,
1489 459 1682 503 homici-

47 540 174 583 dium
197 540 269 582 vel
291 538 489 582 violenta
511 537 761 594 percussio,
788 537 974 593 quaevis
995 536 1190 580 luxuriei
1218 536 1406 592 species,
1440 544 1681 592 peccatum

41 615 259 672 quoduis,
294 616 411 657 vnde
442 615 625 658 infamia
656 614 781 657 nasci
812 614 970 670 possit,
1011 613 1195 657 ambitio
1233 611 1460 664 conuicta,
1502 612 1679 663 seditio,

27 681 34 705 ³
49 693 239 744 furtum,
266 690 484 736 reuelatio
506 690 818 734 confessionis.
845 691 893 734 Si
917 690 1018 746 quis
1040 690 1174 734 etiam
1199 689 1413 732 conuinci
1436 697 1588 745 posset
1606 704 1681 731 ex-

49 769 208 820 terius,
235 769 356 824 quod
379 767 423 809 in
447 774 636 823 peccato
659 767 838 810 mortali
861 767 1254 810 communicasset.
1281 766 1503 817 Breuiter,
1537 766 1682 820 quod-

51 845 122 888 uis
145 845 332 897 crimen,
353 845 474 899 quod
491 845 547 887 de
564 844 662 887 iure
678 843 736 888 82
752 844 983 887 communi
1005 844 1295 899 plectendum
1319 857 1464 899 poena
1482 841 1682 898 grauiori

34 910 216 966 'svenian
238 924 308 965 De
325 921 422 964 aliis
440 920 638 977 peccatis
661 921 858 964 externis
881 920 1097 963 iudicabit
1121 919 1346 976 generalis
1364 935 1438 971 an,
1460 919 1537 974 qui
1560 918 1606 961 in
1629 934 1680 962 ea

47 998 296 1050 incidisset,
318 1006 438 1041 esset
456 1007 696 1053 propterea
712 1012 737 1040 e
755 997 984 1041 Societate
1002 997 1266 1041 eiiciendus.
1289 998 1344 1039 Et
1364 997 1478 1040 haec
1496 996 1679 1051 quidem

51 1077 114 1119 ita
135 1075 363 1119 videntur.
391 1077 531 1117 Porro
555 1089 607 1117 ea
625 1088 724 1117 esse
741 1081 1048 1117 consentanea
1066 1073 1273 1116 instituto
1291 1080 1427 1128 atque
1445 1074 1557 1115 adeo
1576 1086 1680 1115 cum

45 1151 257 1195 instituto
279 1151 538 1204 coniuncta,
559 1157 765 1193 constare
783 1157 930 1206 potest
949 1166 1004 1193 ex
1021 1149 1369 1205 impedimentis,
1391 1164 1507 1204 quae
1525 1163 1681 1191 essen-

22 1231 32 1283 j
50 1229 174 1272 tialia
197 1228 390 1271 dicimus
415 1234 460 1269 et
491 1242 546 1271 ex
578 1226 738 1287 causis!
755 1241 836 1272 cur
864 1234 970 1269 sunt
998 1227 1072 1269 illa
1100 1226 1290 1278 sancita,
1323 1233 1418 1268 tum
1448 1241 1503 1269 ex
1532 1225 1681 1268 causis

46 1312 322 1361 quapropter
351 1303 552 1360 generali
581 1302 836 1359 praeposito
860 1304 1173 1359 abrogandum
1203 1309 1272 1346 est
1300 1317 1433 1345 suum
1458 1301 1678 1354 officium,

47 1389 230 1439 propter
254 1395 414 1424 causas
437 1380 571 1423 etiam
594 1379 884 1433 dimissionis,
911 1394 1025 1434 quae
1048 1379 1094 1421 in
1124 1378 1193 1422 2.a
1222 1386 1350 1435 parte
1380 1378 1561 1421 constit.
1589 1386 1681 1421 trau

46 1460 233 1511 duntur;
275 1466 526 1514 postremo,
558 1464 740 1513 propter
769 1456 1012 1501 Societatis
1044 1455 1375 1512 integritatem,
1415 1455 1676 1511 puritatem,

46 1542 94 1580 et
130 1534 453 1591 perfectionem
487 1549 538 1577 ac
562 1533 861 1577 necessariam
885 1532 1079 1576 nominis
1106 1532 1484 1576 existimationem
1515 1532 1572 1574 ad
1594 1531 1678 1573 mi*

47 1611 232 1655 nisteria
254 1610 493 1656 Societatis
517 1617 606 1654 tam
629 1611 799 1653 vtilem.

137 1688 229 1744 Qui
267 1689 460 1732 aduersa
496 1687 755 1731 valetudine
793 1686 1015 1742 corporali
1052 1687 1282 1739 laborant,
1325 1684 1586 1740 praesertim
1625 1701 1680 1728 ex

47 1779 137 1821 qua
158 1765 337 1808 liberari
356 1764 486 1808 facile
507 1763 674 1807 iudicio
696 1762 859 1806 medici
881 1778 975 1805 non
997 1763 1186 1818 possint,
1213 1762 1242 1803 ii
1267 1761 1300 1804 si
1326 1769 1528 1817 tempore
1552 1761 1679 1804 noui·

47 1842 184 1886 tiatus
202 1841 248 1884 in
266 1842 386 1884 illam
404 1841 604 1884 incidant
621 1841 693 1883 vel
709 1840 830 1882 illam
847 1839 1061 1892 sentiant,
1081 1839 1180 1883 siue
1197 1839 1378 1894 quando
1395 1838 1452 1882 83
1469 1838 1674 1889 student,

48 1917 250 1975 legitime
271 1917 435 1960 dimitti
456 1924 663 1974 possunt:
683 1916 747 1959 illi
764 1916 960 1971 quidem,
982 1923 1221 1972 propterea
1239 1911 1360 1970 (quod
1382 1914 1576 1957 sumitur
1598 1915 1682 1956 ad-

50 1995 142 2038 huc
164 1995 221 2039 de
253 1995 340 2038 illis
369 1994 663 2050 experientia:
693 2000 738 2036 et
765 1994 899 2049 plane
927 2000 995 2037 est
1024 1992 1253 2048 integrum
1284 1991 1405 2047 ipsos
1434 1982 1677 2042 dimittere,

49 2071 184 2115 etiam
207 2071 244 2114 si
262 2071 569 2115 infirmitatem
588 2069 896 2114 contraxerint
913 2084 968 2112 ex
987 2068 1244 2111 ministeriis
1263 2067 1519 2120 Societatis‚
1546 2067 1681 2109 modo

48 2148 276 2192 consuetis
299 2155 344 2192 et
360 2147 607 2191 nouitiatus
625 2146 830 2203 propriis3
852 2154 895 2190 et
918 2161 972 2189 eo
997 2146 1178 2201 quidem
1198 2144 1375 2188 facilius
1398 2159 1454 2188 ex
1472 2159 1524 2188 ea
1542 2157 1680 2187 causa

49 2223 213 2267 dimitti
237 2231 428 2281 possunt
451 2225 522 2268 vel
544 2225 726 2276 debent,
753 2224 873 2279 quod
896 2223 1134 2266 videantur
1156 2221 1405 2265 ministeria
1435 2220 1681 2265 Societatis

52 2301 175 2344 obire
213 2316 306 2344 non
341 2316 489 2357 posse.
526 2300 671 2357 Igitur
706 2308 890 2356 propter
926 2314 1114 2356 grauem
1152 2298 1458 2342 valetudinem
1498 2297 1681 2341 excludi

52 2385 240 2433 possunt
273 2378 450 2430 nouitii,
491 2383 732 2434 expectato
761 2384 911 2420 tamen
946 2383 1162 2432 tempore,
1189 2390 1277 2430 quo
1307 2374 1570 2418 meliuscule
1600 2388 1681 2414 va-

51 2453 189 2508 leant,
215 2470 304 2510 qua
326 2456 381 2497 de
410 2470 457 2498 re
487 2454 703 2498 iudicabit
731 2453 949 2509 superior,
982 2439 1190 2495 consulto
1218 2451 1413 2496 medico.
1448 2449 1541 2506 Qui
1573 2463 1681 2492 vero

52 2530 140 2574 iam
163 2539 269 2575 sunt
292 2531 564 2583 scholastici,
590 2531 794 2574 similiter
816 2530 980 2573 dimitti
1001 2536 1208 2586 possunt.
1233 2530 1349 2572 Nam
1380 2527 1560 2582 quando
1583 2533 1681 2568 stu—

52 2608 177 2661 dent,
202 2608 418 2652 Societati
440 2623 532 2651 non
554 2607 824 2659 inseruiunt,
849 2608 929 2650 sed
956 2621 1040 2650 suo
1069 2605 1309 2662 profectui:
1342 2604 1476 2646 simul
1506 2609 1611 2645 sunt
1634 2601 1679 2643 in

53 2685 317 2740 probatione
339 2684 607 2736 studiorum,
633 2685 690 2727 ad
712 2698 828 2739 quae
851 2683 888 2726 si
911 2698 1003 2726 non
1026 2689 1132 2725 sunt
1161 2681 1312 2725 idonei
1340 2688 1524 2736 propter
1557 2678 1679 2719 infir-

53 2775 171 2822 mam
189 2761 508 2813 valetudinem,
524 2775 628 2803 cum
645 2760 790 2803 studia
811 2759 901 2819 sint
918 2758 1152 2802 tractaturi
1170 2758 1245 2800 vbi
1261 2763 1393 2801 erunt
1412 2756 1456 2797 in
1475 2754 1680 2797 ministe-

55 2836 120 2880 rio
141 2837 395 2890 Societatis‚
421 2839 729 2882 censebuntur
751 2838 807 2880 ad
829 2837 949 2879 illam
971 2835 1127 2891 inepti.
1153 2836 1312 2889 Neque
1334 2832 1406 2874 his
1424 2832 1473 2873 fit
1497 2830 1674 2872 iniuria:

56 2913 133 2957 sed
157 2914 307 2969 potius
329 2915 390 2957 34
421 2915 653 2957 confertur
680 2913 968 2957 beneficium.
1001 2913 1117 2955 Nam
1148 2910 1352 2955 Societas
1381 2908 1479 2950 illos
1509 2914 1604 2948 tum
1633 2905 1679 2947 in

57 2989 271 3042 moribus,
298 2997 393 3032 tum
416 2990 460 3032 in
485 2989 625 3033 literis
647 2990 778 3042 iuuit,
804 2989 867 3031 illi
889 2988 1000 3030 nihil
1029 2988 1180 3030 adhuc
1204 2985 1492 3030 Societatem.
1526 2984 1582 3024 Et
1611 2989 1679 3023 ta-

57 3079 159 3109 men
181 3066 227 3108 in
250 3066 320 3110 his
337 3074 406 3110 est
428 3066 879 3109 animaduertendum
901 3063 1180 3120 diligentius,
1207 3076 1316 3104 num
1339 3075 1391 3105 ea
1423 3059 1481 3102 sit
1502 3059 1680 3101 infirma
