2028 3426
736 203 1166 239 INSTRUCTloNES—61
1650 214 1715 251 571

230 305 546 348 Obseruentur
571 305 730 348 fratres
754 312 952 359 tempore
976 304 1210 355 orationis,
1236 320 1293 347 ne
1316 305 1551 361 contingat
1571 308 1765 362 aliquem

138 388 319 436 propter
341 381 528 424 nimium
549 381 779 424 literarum
801 380 1018 431 studium,
1039 381 1111 423 vel
1129 380 1214 423 alia
1232 382 1433 423 fortassis
1453 396 1507 424 ex
1525 384 1765 426 occasione

139 458 182 500 in
206 457 406 500 oratione
443 458 752 514 negligentem
776 471 890 500 esse.
934 457 1288 500 Obseruatorem
1320 472 1427 500 vero
1460 473 1550 500 non
1579 473 1768 503 necesse

139 534 223 577 erit
244 541 467 578 rectorem
483 548 598 576 esse:
632 534 794 589 poterit
817 547 916 575 esse
940 533 1142 576 minister
1166 535 1236 577 vel
1267 534 1575 585 subminister,
1610 536 1644 577 si
1670 537 1768 578 fue-

139 610 212 663 rit,
240 611 307 652 uel
333 610 493 664 aliquis
520 625 576 652 ex
603 609 941 652 coadiutoribus
971 609 1309 664 temporalibus,
1342 610 1418 665 qui
1448 610 1534 652 alio
1565 620 1767 666 tempore

139 695 327 742 possunt
349 701 538 741 pensum
561 686 775 729 orationis
798 687 1035 729 absoluere
1066 701 1216 737 suum,
1243 695 1286 727 et
1318 686 1553 728 coadiutor
1585 688 1764 741 quidem

143 763 396 818 temporalis
419 763 702 806 commodius
724 763 902 805 videtur
926 764 1021 806 fore
1051 764 1332 806 obseruator.

229 840 277 883 Si
300 839 399 895 quis
421 840 569 891 fuerit,
596 840 671 895 qui
695 855 750 882 ex
773 840 930 895 capitis
960 839 1218 882 infirmitate
1247 840 1366 882 dicat
1397 854 1444 882 se
1475 841 1639 882 habere
1663 855 1767 882 ora-

142 916 307 959 tionem
330 931 418 958 non
443 931 589 972 posse,
615 918 651 959 si
674 924 952 972 compertum
977 916 1110 959 fuerit
1128 932 1226 959 eam
1250 922 1336 962 548
1361 931 1461 960 esse
1485 931 1684 969 causam,
1711 934 1768 961 ne

141 1001 332 1049 cogatur
353 993 606 1036 mentaliter
629 1009 771 1044 orare,
797 994 877 1037 sed
901 1000 1076 1035 tantum
1099 993 1323 1035 indicatur
1340 993 1401 1034 illi
1421 994 1587 1036 vocalis
1605 994 1765 1045 oratio,

142 1070 198 1111 ad
221 1084 353 1124 quam
376 1085 473 1113 eam
497 1070 791 1113 attentionem
814 1070 1027 1112 adhibeat
1049 1077 1093 1112 et
1116 1070 1424 1121 deuotionem,
1453 1085 1567 1124 quae
1591 1072 1768 1114 laedere

142 1146 446 1189 infirmitatem
481 1145 640 1201 capitis
662 1161 753 1188 non
791 1146 949 1201 possit.
991 1147 1127 1201 Quod
1164 1147 1201 1188 si
1224 1161 1280 1189 ne
1303 1147 1347 1188 id
1386 1146 1566 1201 quidem
1590 1147 1767 1202 assequi

141 1223 320 1278 poterit,
346 1222 498 1265 audiat
526 1230 677 1266 tamen
699 1223 878 1265 missam
909 1223 1110 1277 quotidie
1133 1230 1178 1265 et
1207 1223 1398 1279 accipiat
1421 1223 1767 1267 instructionem

143 1314 168 1342 a
205 1300 430 1354 praefecto
466 1315 617 1342 rerum
655 1299 968 1355 spiritualium,
1005 1309 1051 1341 vt
1085 1299 1374 1343 breuissimas
1407 1300 1505 1342 illas
1543 1300 1770 1343 orationes

143 1384 327 1431 vsurpet
364 1384 402 1429 ³,
433 1391 549 1430 quae
577 1376 866 1419 iaculatoriae
894 1377 1107 1432 appellari
1140 1377 1302 1421 solent.
1337 1379 1603 1419 Doceantur
1634 1376 1769 1419 etiam

143 1452 427 1507 operationes
444 1453 687 1495 voluntatis
704 1467 929 1504 exercere,
947 1453 1109 1495 amoris
1128 1453 1172 1495 in
1190 1455 1355 1505 Deum,
1378 1453 1650 1496 desiderium
1668 1467 1747 1508 pro
1762 1479 1771 1484 —

141 1528 337 1580 ficiendi,
358 1544 555 1572 amorem
578 1529 811 1581 virtutum,
838 1530 1097 1585 seponendo
1120 1529 1137 1554 b
1160 1530 1417 1573 intellectus
1446 1530 1702 1572 discursum
1728 1538 1773 1572 et

142 1606 462 1660 operationem,
489 1608 637 1661 quoad
659 1607 757 1650 eius
779 1607 875 1650 fieri
894 1607 1073 1661 poterit.

231 1684 536 1725 Exerceantur
552 1683 691 1725 nostri
715 1683 1050 1726 accuratissime
1073 1685 1129 1726 ad
1151 1684 1365 1727 exercitia
1395 1684 1645 1739 spiritualia
1672 1683 1771 1726 aliis

141 1759 528 1810 communicanda,
555 1774 701 1814 neque
724 1754 960 1814 quisquam
989 1760 1202 1804 exercitia
1231 1760 1552 1812 communicet,
1586 1760 1669 1803 nisi
1692 1746 1786 1815 qui⁸

143 1837 380 1891 prudentia
401 1837 457 1879 sit
479 1836 698 1892 spirituali
725 1845 770 1879 et
792 1852 875 1880 vsu
892 1837 1112 1879 orationis
1134 1839 1373 1893 probatus.

231 1915 320 1956 Ter
341 1914 398 1956 ad
419 1914 666 1957 orationem
688 1914 914 1969 publicam
946 1915 1152 1969 pulsetur
1181 1914 1225 1956 in
1258 1914 1468 1956 domibus
1499 1922 1542 1956 et
1566 1914 1770 1969 collegiis

143 1990 396 2034 Societatis:
422 1995 506 2035 549
530 1991 720 2046 vesperi,
743 2006 874 2034 mane
897 1999 941 2034 et
958 1974 1165 2043 meridie,
1192 1991 1368 2034 etiamsi
1392 2006 1483 2033 non
1507 1991 1564 2033 sit
1587 1990 1649 2032 ita
1672 1992 1774 2046 pul-

144 2067 272 2108 sandi
294 2067 339 2108 in
361 2081 415 2108 eo
446 2067 546 2114 loco
568 2067 777 2122 publicus
800 2067 943 2124 [usus]
966 2074 999 2112 ⁰.

110 2137 113 2141 ’
233 2144 396 2186 Nullus
418 2160 443 2188 e
464 2144 628 2187 nostris
650 2145 804 2187 credat
826 2144 956 2188 facile
979 2145 1051 2186 vel
1076 2151 1243 2186 temere
1273 2145 1526 2187 abducatur
1560 2144 1773 2199 opinione

146 2235 365 2263 nouarum
389 2221 716 2265 reuelationum
733 2222 805 2264 vel
823 2209 1065 2274 uisionum3
1088 2222 1209 2275 quod
1226 2221 1263 2264 si
1281 2222 1476 2276 aliquem
1494 2220 1512 2245 d
1529 2220 1773 2263 vsuueniat

147 2297 302 2339 audire
326 2312 396 2340 res
417 2297 693 2349 huiusmodi,
715 2298 880 2341 referat
897 2298 953 2340 de
971 2297 1024 2340 iis
1047 2298 1104 2340 ad
1121 2298 1444 2352 prouincialem
1469 2299 1539 2341 vel
1562 2296 1772 2339 commis—

147 2373 329 2426 sarium,
356 2387 409 2416 ac
437 2382 532 2416 tum
556 2375 737 2416 demum
766 2374 937 2416 iudicet
959 2373 1022 2416 de*
1046 2374 1133 2416 illis
1154 2374 1526 2417 reuelationibus.
1554 2374 1777 2415 Poterunt

150 2457 298 2493 tamen
320 2450 444 2504 prius
465 2451 521 2493 de
549 2450 634 2492 illis
656 2452 824 2494 referre
846 2452 903 2493 ad
931 2457 1153 2494 rectorem
1176 2458 1207 2502 θ,
1233 2451 1613 2505 quemadmodum
1639 2450 1694 2490 ad
1717 2448 1772 2489 il-

149 2527 241 2568 lum
268 2527 340 2570 vel
373 2528 429 2569 ad
457 2529 719 2582 theologum
747 2528 1045 2570 domesticum
1075 2528 1244 2571 referre
1276 2527 1424 2569 solent
1458 2528 1514 2568 de
1552 2525 1620 2576 iis,
1658 2539 1775 2579 quae

151 2603 338 2645 audiunt
360 2603 405 2644 in
429 2603 736 2657 confessione,
753 2605 878 2646 saluo
902 2603 1067 2659 sigillo,
1095 2611 1142 2644 vt
1164 2602 1402 2645 consilium
1426 2601 1660 2656 accipiant.

241 2680 466 2722 Habenda
495 2680 711 2723 memoria
748 2687 816 2723 est
853 2679 1032 2722 illorum
1061 2680 1105 2721 in
1130 2679 1408 2722 orationibus
1443 2685 1487 2720 et
1510 2676 1672 2729 missis,
1697 2677 1773 2730 qui

153 2756 208 2797 ad
231 2755 470 2799 Societatis
499 2756 745 2800 ministeria
776 2757 1034 2808 mittuntur,
1061 2764 1156 2798 tum
1181 2755 1315 2799 etiam
1337 2752 1669 2796 occurrentium
1693 2766 1774 2794 ne-

151 2831 429 2883 cessitatum,
454 2848 602 2888 neque
623 2841 731 2876 sunt
754 2835 865 2876 haec
889 2833 1177 2888 negligenter
1201 2832 1392 2887 agenda.

223 2948 240 2964 a
290 2941 480 2984 vsurpent
503 2950 572 2975 ms.
626 2959 656 2963 —
674 2941 691 2966 b
722 2940 948 2984 seponando
967 2950 1038 2972 ms.
1089 2946 1153 2964 ——c
1180 2936 1324 2972 Omiss.
1345 2935 1381 2970 in
1403 2946 1474 2971 ms.
1525 2937 1590 2962 —d
1623 2936 1780 2980 aliquos

154 3006 225 3034 ms.
278 3016 307 3022 -
326 3007 341 3037 e,
366 2997 613 3032 emendatum
632 2997 671 3032 in
691 3009 761 3032 ms.
782 3009 830 3032 ex
850 2998 1110 3042 superiorem.
