2028 3426
308 232 377 278 234
781 230 934 266 PATRls
962 229 1206 263 H1ERONYM1
1232 225 1384 261 NADAL

349 335 416 377 Ex
438 333 638 385 nouitiis,
666 332 742 388 qui
766 347 858 374 non
883 331 1089 374 fecerunt
1114 313 1473 384 promissionem,
1497 324 1554 368 de
1583 338 1673 380 qua
1701 324 1901 368 habetur

258 412 303 456 in
326 411 546 469 principio
575 409 722 466 quarti
752 407 912 464 capitis
941 404 1178 458 examinis,
1208 418 1308 447 eam
1339 402 1507 446 faciant
1538 400 1684 458 primo
1714 414 1900 456 quoque

260 496 481 545 tempore.

346 567 416 609 De
438 562 672 608 beneficiis
695 560 883 617 Georgii
907 561 1083 604 Schorn
1107 565 1287 614 agetur,
1312 571 1416 599 cum
1446 556 1498 598 P.
1531 554 1706 599 Natalis
1736 553 1819 597 ibit
1848 554 1897 598 in

259 641 536 686 Flandriam.
1386 693 1391 698 ι

347 718 579 774 Georgius
601 715 850 761 Sedelmair
872 715 1038 758 habeat
1061 711 1301 756 lectionem
1325 710 1565 767 priuatam.

345 796 527 841 Samuel
552 795 716 837 habeat
741 792 990 835 Hortalum
1013 791 1198 832 animae
1225 791 1252 832 ¹.

346 873 582 916 Habeatur
604 870 799 925 diligens
822 883 933 911 cura
956 865 1142 910 sartoris
1165 872 1211 910 et
1233 865 1367 920 coqui
1390 864 1434 907 in
1460 863 1637 921 spiritu·

343 949 559 992 Rationes
581 947 838 990 debitorum
862 951 1121 988 nostrorum
1146 944 1445 999 deportentur
1461 941 1710 997 Dilingam.

343 1027 509 1069 Nullus
533 1024 700 1068 habeat
723 1024 897 1066 clauem
916 1022 1088 1077 januae
1111 1019 1357 1077 superioris
1381 1019 1437 1061 ad
1455 1018 1651 1062 scholas.

343 1103 479 1146 Vitus
502 1102 559 1144 sit
583 1115 687 1143 cum
711 1099 912 1151 nouitiis,
934 1106 978 1142 et
1003 1104 1152 1140 tamen
1177 1097 1373 1140 studeat.

345 1178 588 1222 Zacharias
611 1177 668 1221 sit
691 1176 924 1232 syndicus.

343 1256 389 1301 Si
409 1255 542 1299 alicui
561 1262 748 1299 externo
767 1253 825 1296 sit
842 1252 1103 1296 offerendus
1119 1252 1328 1302 haustus,
1350 1249 1396 1292 id
1412 1250 1490 1292 fiat
1510 1247 1643 1291 vnico
1661 1248 1839 1303 scypho
1855 1254 1889 1292 ³.

341 1332 587 1376 Zacharias
610 1339 654 1375 et
677 1329 957 1374 Godefridus
979 1329 1219 1371 mittantur
1241 1328 1297 1370 ad
1320 1327 1504 1382 aliquod
1527 1325 1791 1381 collegium,
1819 1338 1891 1367 re-

255 1410 499 1455 creationis
521 1408 682 1465 gratia.

341 1486 576 1531 Godefridi
600 1485 814 1528 valetudo
836 1483 893 1526 sit
917 1483 1250 1526 commendata.

340 1563 571 1619 Georgius
593 1563 771 1606 Schorn
795 1561 979 1604 iuuetur
1002 1567 1047 1604 et
1070 1559 1293 1603 excitetur
1316 1559 1373 1601 ad
1395 1557 1657 1613 legendum.

340 1640 574 1696 Georgius
597 1637 845 1684 Sedelmair
868 1637 1052 1680 iuuetur
1074 1635 1264 1692 priuatis
1287 1634 1463 1679 studiis.

342 1718 533 1762 Michael
558 1717 758 1768 iuuetur,
785 1715 901 1757 Vtin
935 1713 1083 1757 officio
1116 1728 1200 1756 suo
1232 1712 1290 1756 sit
1323 1711 1504 1767 quietus
1527 1718 1572 1753 et
1605 1709 1893 1754 obedientiae

251 1795 527 1851 acquiescat.

340 1872 608 1914 Edouardus
631 1870 759 1912 iuuet
781 1867 1051 1926 magistrum
1074 1867 1371 1910 nouitiorum.

339 1951 567 2004 Rupertus
590 1946 707 1991 serio
730 1946 875 1988 discat
896 1945 1101 2001 linguam
1125 1943 1451 2001 germanicam.

338 2028 517 2076 Petrus,
544 2024 618 2067 vbi
643 2031 711 2068 est
734 2022 1058 2074 necessarium,
1086 2021 1250 2077 poterit
1279 2020 1484 2064 comitari
1515 2021 1675 2062 Patres
1704 2019 1893 2074 quando

252 2111 436 2148 exeunt.

340 2181 571 2222 Abraham
597 2180 714 2222 bene
737 2177 1053 2222 mortificetur.

340 2259 392 2300 P.
430 2255 612 2300 Martini
650 2254 868 2311 perfectio
901 2261 944 2296 et
978 2253 1235 2298 obedientia
1267 2259 1454 2295 curetur
1483 2266 1508 2294 a
1542 2253 1596 2296 P.
1627 2249 1886 2294 Dominico:

317 2431 333 2446 ἂι
384 2418 502 2465 cypho
522 2428 593 2454 mS.

316 2562 323 2581 ¹
383 2561 578 2595 Hortalus
597 2559 761 2594 animae
780 2564 840 2593 est
859 2557 1016 2593 libellus
1035 2557 1074 2592 in
1093 2555 1162 2602 8.⁰,
1178 2557 1231 2592 ita
1249 2567 1270 2591 a
1285 2557 1433 2591 Brunet
1447 2555 1680 2602 descriptus:
1698 2553 1887 2592 «Ortulus

244 2621 386 2664 anime,
406 2631 494 2654 cum
513 2618 767 2653 oratiunculis
786 2617 982 2664 aliquibus
1000 2615 1278 2662 superadditis,
1296 2627 1372 2662 que
1392 2615 1430 2650 in
1455 2614 1649 2661 prioribus
1673 2613 1783 2649 libris
1807 2625 1884 2649 non

243 2678 744 2714 habentur.—-Elaboratus
765 2676 1129 2722 per...Jolzannem
1153 2674 1398 2721 Griininger
1417 2675 1459 2708 in
1478 2674 1640 2709 civitate
1663 2672 1886 2720 argentina

243 2750 350 2773 anno
378 2736 674 2772 incarnationis
699 2743 899 2771 Μ.00000.
921 2734 1059 2779 pridie
1083 2745 1176 2769 vero
1200 2733 1394 2768 kalendas
1410 2732 1638 2779 februarii,
1661 2733 1771 2777 goth.
1797 2732 1885 2766 Ma-

245 2797 338 2833 nuel
356 2798 411 2831 du
431 2796 612 2836 libraire,
635 2795 703 2841 111,
726 2794 812 2838 389.
838 2795 895 2829 Ex
924 2793 971 2828 iis
991 2799 1135 2836 tamen,
1155 2804 1254 2839 quae
1279 2791 1386 2827 addit
1405 2793 1553 2827 Brunet
1570 2791 1619 2826 de
1644 2791 1887 2837 imaginibus

244 2867 376 2901 parum
397 2855 584 2899 honestis,
607 2854 697 2888 huic
717 2853 880 2888 editioni
908 2852 1081 2896 insertis,
1101 2858 1282 2898 putamus
1302 2852 1364 2887 vel
1383 2850 1431 2886 de
1450 2851 1524 2886 alia
1543 2850 1731 2896 editione,
1751 2851 1814 2886 vel
1833 2849 1883 2886 de

243 2915 318 2949 alio
339 2915 435 2949 libro
455 2914 516 2948 hic
537 2914 614 2959 agi3
636 2925 722 2947 nam
742 2913 815 2947 sub
835 2911 972 2946 eodem
992 2912 1106 2946 titulo
1125 2912 1256 2957 plures
1274 2911 1431 2946 saeculo
1446 2910 1537 2944 XVI
1551 2909 1779 2956 prodierunt
1795 2909 1885 2944 libri

244 2974 522 3019 precationum,
546 2977 627 3006 tuin
646 2971 778 3015 latino,
802 2976 882 3005 tum
901 2971 1126 3015 germanico
1142 2980 1321 3005 sermone
1336 2968 1562 3015 conscripti,
1577 2968 1626 3004 de
1640 2968 1782 3015 quibus
1797 2979 1884 3004 eru-

243 3032 323 3066 dite
343 3032 498 3066 disserit
520 3031 560 3068 Ρ.
582 3030 703 3067 OTTo
723 3031 1064 3065 BRAUNSBERGER
1084 3028 1124 3066 S.
1146 3030 1182 3075 J.
1205 3029 1243 3064 in
1264 3027 1424 3064 canisii
1440 3029 1570 3074 epist„
1591 3027 1659 3074 IV,
1679 3035 1760 3072 251.
