2028 3426
331 248 403 285 402
806 237 960 272 PATRis
986 235 1231 270 HquONYm
1255 233 1405 269 NADAL

287 339 716 398 peregrinationem,
751 337 835 381 nisi
869 351 967 380 eam
1000 335 1261 379 facultatem
1291 333 1482 392 accipiat
1504 349 1530 378 a
1553 333 1612 380 9⁰
1633 333 1920 392 prouinciali,

284 419 358 462 vel
379 417 656 474 generalem,
681 417 753 458 vel
778 414 1109 474 particularem.
1181 466 1188 475 ι

373 495 548 538 Curent
570 501 785 544 rectores,
813 504 970 534 ornnes
992 490 1192 533 omniurn
1217 504 1404 533 suorum
1428 487 1760 540 inclinationes,
1782 488 1921 531 facul·

284 579 400 615 tates
423 571 652 614 naturales
674 584 726 612 ac
748 568 883 612 etiarn
908 567 1276 624 supernaturales
1298 568 1468 611 habere
1489 566 1764 622 exploratas,
1783 572 1829 609 et
1845 579 1923 609 eas

285 649 566 706 praesertim,
593 660 709 702 quae
739 646 794 688 ad
827 644 1077 689 ministeria
1108 643 1349 689 Societatis
1381 644 1593 687 obeunda
1623 650 1731 686 sunt
1762 656 1922 686 neces-

283 740 416 769 saria.

373 802 421 846 Si
440 802 515 856 qui
539 802 595 843 ab
615 798 974 855 inquisitoribus,
994 797 1251 842 haereticae
1267 796 1505 854 prauitatis
1524 796 1631 840 facti
1654 796 1735 850 rei,
1754 796 1802 839 in
1820 810 1922 840 car-

283 893 388 923 cere
411 878 688 929 detinentur,
714 891 772 919 ne
789 889 867 918 eos
885 874 1029 917 nostri
1044 875 1291 918 defendant
1308 873 1460 929 aliquo
1477 881 1627 931 pacto,
1648 873 1722 917 vel
1738 873 1795 918 de
1813 872 1923 931 ipsis

285 957 545 1012 loquantur,
571 954 633 996 ita
654 960 703 995 vt
726 952 967 995 videantur
991 952 1160 995 fauere.

376 1030 731 1076 Accusatissime
754 1030 863 1073 dent
886 1044 1070 1085 operam
1098 1035 1315 1081 rectores,
1346 1034 1395 1070 vt
1423 1028 1712 1072 celebrentur
1739 1026 1919 1079 missae,

286 1118 380 1152 tum
405 1124 484 1165 pro
516 1107 847 1159 fundatoribus,
874 1113 970 1148 tum
1002 1121 1082 1162 pro
1105 1105 1334 1150 defunctis
1355 1104 1596 1150 Societatis
1626 1104 1839 1148 Patribus
1866 1118 1921 1147 ac

287 1186 517 1230 fratribus

375 1264 541 1306 Curam
566 1268 728 1318 gerant
760 1267 961 1304 rectores
993 1259 1260 1316 diligentem
1296 1261 1483 1302 Patrum
1515 1273 1568 1303 ac
1601 1259 1807 1312 fratrum,
1844 1257 1921 1314 qui

285 1341 372 1383 iarn
395 1339 565 1382 diutius
588 1339 632 1381 in
659 1338 887 1383 Societate
910 1343 1166 1391 versantur,
1198 1336 1235 1379 si
1257 1336 1369 1380 fiant
1400 1337 1516 1380 forte
1544 1335 1920 1392 negligentiores,

285 1419 357 1463 vel
380 1417 626 1468 liberiores,
653 1423 761 1468 etc.,
783 1422 827 1459 et
849 1421 1011 1457 curent
1034 1413 1277 1470 diligenter
1300 1428 1352 1456 ac
1373 1413 1580 1470 prouide,
1601 1419 1650 1455 vt
1673 1413 1729 1456 ad
1751 1412 1922 1469 simpli-

284 1495 467 1538 citatem
491 1493 792 1544 obedientiae,
818 1499 863 1536 et
885 1492 942 1534 ad
964 1490 1291 1547 perfectionem
1309 1497 1600 1543 reuocentur3
1622 1489 1758 1545 idque
1777 1489 1922 1546 primo

286 1571 451 1615 facient
483 1570 668 1614 secretis
701 1564 1102 1620 admonitionibus,
1137 1567 1178 1612 91
1211 1567 1391 1620 deinde,
1428 1567 1464 1610 si
1497 1581 1612 1624 opus
1640 1567 1792 1620 fuerit,
1824 1566 1923 1610 aliis

283 1648 419 1691 etiam
443 1647 604 1690 modis.

374 1725 496 1767 Inter
520 1724 605 1767 alia
628 1723 821 1767 maxime
843 1723 1057 1766 studeant
1089 1729 1288 1766 rectores
1320 1721 1716 1774 confessariorum,
1752 1735 1922 1777 procu-

285 1809 500 1854 ratorum,
536 1809 807 1857 emptorum,
843 1814 895 1842 ac
929 1813 1103 1850 eorum,
1138 1798 1215 1854 qui
1243 1797 1543 1843 communiter
1566 1797 1761 1855 negocia
1785 1799 1922 1843 colle-

285 1879 462 1935 giorum
488 1878 687 1922 exterius
712 1884 872 1934 agunt,
898 1883 1158 1933 perspectas
1177 1876 1349 1919 habere
1370 1874 1690 1929 conscientias,
1710 1882 1755 1919 et
1779 1889 1858 1920 eos
1875 1875 1921 1918 in

285 1957 434 1998 officio
458 1955 749 2012 perfectionis
772 1954 1022 1998 continere:
1049 1967 1208 1997 eorum
1232 1952 1367 1995 etiam
1386 1952 1697 1997 confessiones
1715 1951 1918 2005 audient,

284 2034 441 2076 saltem
467 2032 659 2089 singulis
681 2031 913 2075 mensibus
938 2031 966 2073 ¹.
995 2029 1211 2086 Deligant
1233 2029 1318 2072 sibi
1341 2030 1579 2085 quosdam,
1599 2029 1766 2085 quibus
1784 2029 1919 2072 fidem

283 2109 517 2161 adhibere,
548 2124 720 2164 suaque
743 2108 1019 2152 concredere
1041 2113 1217 2150 secreta
1240 2113 1340 2149 tuto
1363 2106 1552 2163 possint,
1579 2120 1696 2161 quos
1723 2107 1921 2149 habeant

283 2186 682 2229 coniunctissimos
713 2199 765 2228 ac
798 2192 974 2229 secreto
1007 2190 1192 2226 vtantur
1224 2197 1360 2239 opera
1392 2197 1568 2235 eorum,
1594 2197 1676 2239 pro
1697 2182 1920 2239 cuiusque

286 2264 516 2315 facultate,
554 2264 740 2314 talento,
766 2269 903 2317 atque
925 2260 1174 2313 habilitate,
1201 2261 1257 2303 ad
1280 2259 1406 2313 alios,
1432 2259 1469 2303 si
1492 2259 1569 2316 qui
1595 2259 1822 2317 eguerint,
1849 2259 1917 2302 iu-

286 2340 473 2391 uandos,
494 2355 582 2394 qua
601 2340 646 2381 in
668 2354 716 2383 re
733 2339 981 2391 cauebunt,
1002 2338 1151 2393 quoad
1168 2337 1265 2381 eius
1283 2336 1381 2380 fieri
1399 2336 1583 2394 poterit,
1605 2352 1662 2381 ne
1679 2337 1921 2380 videantur

282 2416 593 2472 exceptionem
619 2430 911 2472 personarum
935 2414 1115 2459 sectari.

370 2495 439 2537 Ne
463 2501 649 2549 rogetur
672 2491 972 2536 confessarius
996 2492 1051 2534 de
1072 2506 1229 2534 eorum
1247 2491 1355 2544 vita,
1377 2506 1572 2547 quorum
1592 2489 1718 2534 audit
1735 2490 1920 2533 confes-

282 2571 446 2614 siones.
474 2572 589 2613 Nam
614 2570 649 2612 si
673 2569 781 2625 quid
805 2567 901 2610 vitii
925 2568 1122 2624 attingat
1145 2569 1215 2611 vel
1238 2567 1464 2624 opinionis
1487 2567 1714 2620 sinistrae,
1742 2566 1918 2623 pericu—

285 2649 374 2690 lum
401 2655 469 2691 est
492 2662 548 2691 ne
571 2646 880 2703 integritatem
904 2645 1051 2690 laedat
1070 2645 1224 2701 sigilli,
1244 2646 1317 2690 vel
1337 2645 1466 2689 facile
1484 2660 1575 2688 non
1593 2644 1801 2701 aufugiet
1820 2643 1917 2687 illo—

358 2810 365 2829 ¹
420 2809 513 2842 Post
530 2808 731 2842 decretum
751 2804 967 2842 Clementis
987 2805 1094 2850 VIII,
1115 2805 1159 2839 26
1178 2805 1270 2852 Maji
1293 2804 1398 2851 1593,
1417 2804 1456 2840 in
1474 2815 1558 2851 cap.
1581 2814 1601 2849 5
1620 2803 1920 2841 Ordinationum
1978 2836 1982 2840 .

284 2867 536 2903 Generalium
567 2868 752 2911 relatum,
787 2879 803 2899 α
816 2876 892 2900 non
924 2864 1016 2899 licet
1047 2863 1323 2910 Superioribus
1354 2863 1617 2910 Regularibus
1651 2863 1920 2898 confessiones

284 2926 527 2961 subditorum
546 2925 694 2970 audire,
721 2924 797 2960 nisi
821 2923 976 2970 quando
1001 2928 1205 2969 peccatum
1230 2922 1386 2970 aliquod
1409 2928 1652 2958 reservatum
1676 2921 1917 2968 admiserint3

285 2991 350 3020 aut
369 2985 525 3031 ipsimet
544 2984 691 3020 subditi
708 2986 844 3030 sponte
862 2995 909 3018 ac
921 2981 1092 3029 proprio
1110 2985 1221 3017 motu
1240 2982 1278 3018 id
1296 2983 1345 3018 ab
1364 2982 1421 3018 eis
1440 2982 1663 3030 petierint.»
1678 2980 1741 3018 Cf.
1757 2980 1921 3016 Institu-

284 3048 368 3078 tum
390 3044 478 3079 Soc.
494 3044 595 3090 sesu
613 3043 724 3086 (edit.
746 3054 861 3089 supra
879 3042 976 3088 cit.)‚
1000 3040 1030 3088 I,
1052 3050 1137 3087 550,
1157 3049 1239 3086 551.
