2028 3426
725 250 1068 290 SUPPLEMENTUM
1077 274 1106 278 -
1118 255 1161 288 26
1642 257 1707 292 881

126 363 220 399 sus,
248 348 378 391 iussit
401 364 504 393 eum
528 350 649 402 exui,
677 366 728 394 ac
752 352 796 393 in
821 353 938 396 lecto
959 354 1121 406 iacere,
1144 362 1384 410 vestesque
1408 371 1563 400 omnes
1586 358 1629 400 in
1654 373 1754 402 arca

125 423 311 476 includi,
338 440 390 468 ac
415 426 650 469 mulierum
676 429 929 471 custodiam
953 431 1176 473 adhibuit.
1206 432 1553 488 Veniebantque
1577 436 1750 487 affines,

124 508 169 543 et
198 503 397 557 cognati,
426 510 475 545 ut
498 519 601 547 eum
626 506 682 547 ab
706 505 914 549 instituto
937 516 1219 560 revocarent,
1246 510 1321 552 sed
1348 509 1457 552 nihil
1483 513 1748 565 effecerunt;

124 577 221 632 ipse
241 578 360 620 enim
384 580 674 635 lachrymans
695 583 891 625 Domino
916 599 1007 627 rem
1032 599 1158 626 suam
1183 588 1542 630 commendabat.

213 657 322 697 Post
352 664 443 699 tres
472 657 568 701 dies
598 660 777 701 tandem
808 669 957 703 vestes
986 660 1047 702 illi
1077 662 1316 713 dederunt,
1344 665 1425 705 hac
1455 671 1603 708 tamen
1639 680 1750 707 con—

122 730 309 783 ditione,
338 739 386 774 ut
410 741 582 788 patrem
606 749 755 786 suum,
783 735 859 790 qui
883 737 1017 779 domo
1039 739 1208 789 aberat,
1231 754 1286 782 ex
1304 739 1431 781 curia
1449 749 1751 784 revertentem

122 816 397 863 expectaret,
430 812 550 863 quod
579 812 797 866 promisit,
832 821 881 854 ut
912 822 1062 857 vestes
1098 816 1299 857 haberet.
1343 817 1567 859 Volebant
1600 826 1750 861 autem

122 893 347 939 parentes,
371 900 437 943 ‘ne
466 887 658 942 amplius
688 889 866 931 scholas
904 897 1080 933 nostras
1113 891 1340 944 inviseret3
1382 894 1502 947 quod
1544 894 1617 935 ubi
1656 895 1750 949 ipse

120 962 451 1014 animadvertit,
479 964 660 1006 omnino
684 966 914 1020 respondit
935 966 1105 1010 dicens:
1133 985 1147 1002 {r
1158 967 1206 1011 Si
1229 968 1274 1009 id
1291 968 1452 1019 facitis,
1474 969 1518 1011 in
1536 971 1750 1025 longissi-

122 1054 218 1081 mas
240 1039 451 1095 regiones
475 1042 623 1092 abibo,
657 1042 717 1084 ita
742 1050 789 1084 ut
820 1057 1064 1097 numquam
1096 1059 1166 1087 me
1196 1044 1349 1088 videre
1371 1046 1596 1100 possitis·>;
1630 1048 1749 1102 quod

122 1115 332 1159 timentes
355 1117 672 1171 permiserunt3
701 1119 824 1161 fratri
849 1128 997 1162 autem
1028 1121 1188 1162 minori
1218 1122 1547 1165 interdixerunt
1571 1138 1627 1165 ne
1651 1139 1746 1166 am-

120 1193 238 1248 plius
261 1193 306 1235 in
330 1194 571 1249 collegium
595 1196 784 1239 veniret.
1701 1252 1707 1263 Ι

206 1271 292 1312 Die
315 1272 491 1313 sabbati
516 1273 745 1327 sequentis
774 1275 1086 1318 hebdomadae
1115 1275 1265 1317 animo
1305 1277 1513 1319 volvebat
1547 1279 1745 1330 modum,

119 1361 209 1400 quo
234 1347 396 1390 iterum
422 1348 466 1390 in
485 1349 747 1403 religionem
776 1351 955 1394 rediret.
977 1351 1050 1393 Ab
1073 1365 1127 1393 eo
1150 1341 1222 1394 die
1240 1353 1444 1396 decrevit
1466 1368 1514 1395 se
1538 1369 1746 1397 reversu-

119 1438 234 1477 rum3
267 1439 461 1479 cumque
492 1425 591 1467 22²¹
615 1427 732 1485 „hora
760 1442 839 1482 per
871 1428 1019 1470 aulam
1049 1428 1358 1472 deambularet
1391 1429 1744 1485 cogitabundus,

118 1501 308 1544 accessit
331 1502 387 1543 ad
410 1517 512 1545 eum
538 1503 703 1555 famula
726 1503 896 1546 dicens:
928 1503 1078 1558 «Quid
1101 1512 1150 1547 tu
1173 1505 1261 1546 iam
1286 1505 1469 1557 moliris,
1493 1508 1559 1549 vis
1583 1523 1639 1550 ne
1661 1507 1740 1550 ite—

118 1592 217 1620 rum
247 1580 513 1634 aufugere?›>
542 1568 668 1634 'quod
698 1580 886 1623 audiens
918 1580 1109 1633 iuvenis,
1148 1581 1309 1625 timens
1344 1597 1400 1624 ne
1433 1584 1629 1625 daemon
1662 1584 1746 1626 sibi

117 1648 281 1698 iterum
305 1655 628 1711 impedimento
652 1664 786 1708 esset,
813 1657 964 1700 statim
988 1658 1096 1700 abiit
1120 1658 1162 1700 in
1187 1658 1446 1714 collegium,
1468 1674 1520 1702 ac
1545 1675 1599 1702 ne
1622 1660 1747 1703 illum

117 1731 279 1786 aliquis
302 1740 616 1786 cognosceret,
643 1733 775 1788 pallio
799 1741 937 1789 caput
959 1733 1164 1786 involvit3
1188 1749 1277 1789 quo
1301 1735 1377 1777 ubi
1401 1737 1620 1791 pervenit,
1646 1751 1746 1792 spess

118 1809 285 1859 ctabat,
313 1815 363 1849 ut
386 1808 548 1862 aliquis
573 1809 692 1851 fores
716 1809 923 1864 aperiret.
950 1811 1157 1866 Cumque
1180 1813 1506 1864 deambularet,
1528 1828 1633 1857 ecce
1651 1815 1744 1857 Ga—

116 1885 244 1936 briel,
278 1885 354 1939 qui
385 1885 565 1927 novitiis
597 1885 896 1938 ministrabat,
933 1887 1116 1930 advenit
1156 1891 1279 1941 (vere
1317 1889 1502 1932 Gabriel
1541 1891 1744 1945 angelus)

117 1961 193 2015 qui
217 1976 319 2004 eum
349 1962 663 2018 interrogavit,
695 1978 751 2005 an
781 1964 918 2006 vellet
946 1964 1140 2020 ingredi,
1183 1965 1259 2019 qui
1294 1966 1522 2020 respondit
1555 1982 1603 2010 se
1637 1967 1742 2008 nihil

116 2038 236 2080 aliud
261 2045 517 2094 expectare3
544 2047 680 2093 atque
703 2040 766 2082 ita
789 2040 1024 2095 ingressus
1047 2050 1131 2083 est.

208 2116 345 2169 Quod
377 2115 452 2156 ubi
483 2115 712 2158 sciverunt
743 2125 968 2171 parentes,
1003 2118 1112 2159 nihil
1147 2119 1371 2160 tumultus
1410 2120 1630 2170 fecerunt,
1668 2121 1745 2162 sed

119 2191 256 2234 misso
286 2192 554 2247 paedagogo
584 2193 640 2234 ad
668 2193 808 2244 illum,
844 2200 891 2235 ut
930 2201 1101 2248 peteret
1135 2209 1191 2236 an
1216 2195 1350 2238 vellet
1372 2196 1555 2237 domum
1582 2196 1741 2247 redire,

120 2268 350 2323 respondit
380 2282 428 2310 se
457 2268 623 2323 optime
653 2270 835 2321 habere,
861 2284 913 2311 ac
943 2270 1088 2312 redire
1121 2271 1253 2313 nolle:
1287 2273 1408 2326 quod
1449 2272 1523 2313 ubi
1555 2272 1741 2323 audivit,

124 2344 425 2388 «Benedictus
454 2344 629 2400 (inquit)
659 2345 720 2387 sis
751 2360 776 2387 a
803 2346 999 2388 Domino
1029 2346 1134 2388 filio:
1167 2356 1303 2400 atque
1333 2348 1393 2390 ita
1426 2348 1641 2391 remansit
1668 2349 1744 2402 ju-

116 2421 262 2465 venis.

295 3110 406 3137 prsr.
430 3109 464 3137 P.
486 3109 618 3145 ΝΑοΑι,
641 3117 713 3137 rom.
737 3109 796 3138 IV.
1524 3113 1559 3140 57
