2028 3426
372 215 522 262 DlCTA‚
551 225 606 252 Ex
633 217 884 254 SocfflTAns
911 219 1120 254 PATRIBUS
1146 221 1465 265 coruscam-65
1607 222 1676 268 639

97 328 226 357 orare
244 317 329 357 hoc
355 317 427 358 uel
451 316 560 360 illud
585 317 661 360 tali
680 320 791 361 hora
813 320 885 362 uel
910 319 984 362 tali
1004 326 1220 375 tempore3
1242 327 1285 362 et
1304 319 1390 362 iam
1409 328 1513 364 ante
1531 323 1722 366 maxime

97 391 351 435 desiderare
384 392 502 436 illam
536 394 632 436 fieri
670 409 773 438 cum
813 396 1077 448 attentione,
1108 395 1351 440 deuotione
1389 405 1433 439 et
1468 400 1716 442 exauditio-

96 482 169 520 ne,
196 476 284 512 ete.
316 471 479 512 Postea
503 478 652 514 autem
683 487 817 528 quam
842 474 960 516 facta
981 480 1066 526 est,
1092 473 1292 529 cogitare
1321 473 1365 515 in
1388 488 1478 529 quo
1506 476 1721 519 defeceri—

95 558 210 596 mus,
241 555 286 587 et
315 548 429 590 male
459 562 540 590 nos
563 549 729 592 habere
752 550 808 593 de
830 550 915 592 illis
938 550 1179 593 erroribus.
1205 549 1280 594 Sic
1301 549 1421 593 enim
1444 552 1521 594 fiet
1546 559 1593 593 ut
1616 568 1719 595 cum

97 620 248 664 fructu
272 623 422 677 aliquo
445 637 624 667 oremus
648 625 905 679 aliquando.
934 626 1098 669 Mirum
1121 625 1240 668 enirn
1271 626 1449 669 dicebat
1472 643 1572 671 esse
1601 631 1722 683 quod

94 697 212 740 circa
245 698 452 742 facienda
486 701 553 742 vel
586 701 777 745 dicenda
810 709 980 745 tantam
1012 702 1342 745 solicitudinem
1377 705 1640 757 habeamus,
1676 713 1722 748 et

97 774 217 817 circa
248 775 478 834 orationes
500 785 676 820 nostras
707 786 794 821 tam
824 779 954 834 pigre
985 794 1068 822 nos
1106 780 1370 831 habeamus,
1405 794 1509 822 cum
1543 781 1722 824 maioris

94 852 310 894 momenti
334 852 422 895 sint
445 853 543 895 aliis
566 854 768 897 dicendis
795 857 865 898 uel
883 855 1115 908 faciendis,
1135 863 1554 911 quantumcumque
1573 858 1718 911 bonis;

97 927 215 983 pigri
237 929 355 971 enim
380 931 436 971 ad
459 930 556 973 illas
578 931 851 985 accedimus,
877 940 922 975 et
944 932 1096 988 frigidi
1117 932 1221 975 inde
1244 933 1512 976 recedimus.

183 1005 455 1061 Simplicitas
477 1016 521 1049 et
544 1008 721 1050 bonitas
739 1010 872 1051 debet
890 1009 1130 1064 aliquando
1148 1009 1330 1054 Vincere
1347 1010 1568 1053 rationem
1588 1019 1718 1054 natu-

95 1081 246 1132 ralem,
273 1083 360 1124 hoc
377 1072 466 1135 est,
494 1084 700 1138 quamuis
723 1085 895 1129 ratione
918 1086 1111 1128 naturali
1134 1085 1263 1129 nobis
1287 1086 1494 1130 uideatur
1523 1087 1720 1130 irascen-

94 1158 216 1209 dum,
239 1158 507 1201 tristandum
526 1168 570 1203 et
588 1161 860 1214 huiusmodi,
883 1169 1033 1205 tamen
1049 1163 1227 1206 bonitas
1245 1170 1289 1206 et
1307 1162 1568 1218 simplicitas
1587 1165 1722 1209 debet

97 1233 170 1275 illa
194 1235 324 1277 ferre.
352 1236 609 1290 Aliquando
632 1238 875 1293 affligimur
897 1238 940 1280 in
964 1238 1128 1290 animo,
1155 1246 1199 1282 et
1222 1239 1430 1294 quamuis
1452 1255 1560 1283 uera
1589 1240 1720 1296 spiri—

99 1318 170 1352 tus
199 1311 328 1353 nobis
357 1312 483 1365 dicit,
517 1315 888 1369 reprehendendo
919 1330 1000 1357 nos
1021 1315 1076 1358 de
1111 1315 1277 1366 multis,
1314 1322 1480 1368 tamen,
1517 1316 1622 1371 quia
1655 1316 1721 1359 in-

97 1386 284 1441 quietat,
311 1403 399 1430 non
423 1397 491 1431 est
513 1391 659 1433 bonus
682 1390 880 1445 spiritus3
907 1391 1010 1446 quia
1032 1391 1215 1447 spiritus
1235 1392 1419 1434 Domini
1441 1393 1554 1436 lenis
1571 1401 1655 1446 est,
1677 1402 1722 1436 et

98 1463 300 1507 suauiter
321 1479 403 1507 nos
426 1466 726 1521 reprehendit.

767 1572 825 1628 [P.
854 1573 1054 1632 LAYNEz]

184 1676 377 1719 Dicebat
410 1679 544 1720 Pater
581 1686 732 1721 noster
771 1680 950 1734 Laynez
989 1687 1020 1721 ³:
1063 1681 1244 1734 quando
1278 1680 1440 1736 aliquis
1478 1681 1661 1737 eligitur
1699 1696 1724 1723 a

98 1753 397 1809 Dominopro
420 1754 719 1798 instrumento
741 1756 798 1797 ad
819 1756 1096 1810 operandum
1120 1756 1287 1810 aliquid
1310 1757 1356 1798 in
1379 1757 1482 1809 alio,
1510 1757 1582 1800 ille
1615 1765 1723 1800 tunc
1762 1751 1766 1754 ⁸

93 1829 209 1872 bene
231 1830 508 1885 operabitur3
534 1830 606 1873 sin
635 1831 800 1883 minus,
833 1831 943 1873 nihil
966 1832 1114 1883 faciet,
1141 1834 1485 1876 ete-Debemus
1509 1834 1644 1890 igitur
1677 1834 1721 1876 in

94 1904 192 1960 ipso
214 1921 411 1961 sperare,
438 1907 483 1949 in
507 1907 604 1963 ipso
627 1908 800 1963 operari
823 1907 855 1949 b.

182 1983 301 2025 Idem
326 1990 358 2035 ⁰,
385 1998 504 2034 curn,
532 1992 582 2026 ut
604 1985 661 2026 ad
683 1974 991 2040 eleemosynas
1016 1985 1244 2029 faciendas
1266 2000 1373 2028 suos
1398 1987 1587 2029 deuotos
1618 1989 1722 2028 hor-

95 2065 280 2110 taretur,
306 2060 362 2102 ab
388 2061 538 2115 aliquo
562 2069 836 2112 moneretur,
862 2060 988 2103 dixit:
1020 2075 1134 2117 opus
1162 2070 1230 2105 est
1261 2062 1406 2117 primo
1427 2062 1590 2105 lucrari
1623 2063 1719 2105 ani—

97 2149 208 2187 mas;
244 2149 345 2178 cum
378 2151 486 2179 uero
517 2138 573 2179 ad
601 2139 749 2179 Deum
780 2145 946 2181 tractae
976 2137 1159 2189 fuerint,
1195 2145 1303 2180 tunc
1326 2139 1419 2193 ipse
1442 2154 1518 2182 eas
1540 2139 1721 2182 docebit

95 2213 320 2264 quomodo
342 2213 538 2256 debeant
560 2220 604 2255 et
628 2214 807 2267 quando
832 2214 978 2257 facere
996 2214 1321 2268 eleemosynaS,
1342 2222 1386 2258 et
1405 2224 1552 2257 tamen
1573 2217 1722 2258 bonae

96 2288 432 2333 adhortationes
455 2305 545 2332 non
571 2298 679 2332 sunt
701 2290 975 2332 omittendae
999 2289 1017 2314 d
1039 2297 1125 2333 etc.
1153 2298 1183 2332 e.

183 2364 271 2407 262
334 2366 549 2409 Remedia
572 2373 730 2408 contra
747 2366 1066 2421 suggestiones
1089 2367 1308 2410 demonis.

186 2440 233 2484 Si
258 2441 500 2495 aliquando
525 2442 713 2485 tentaris
737 2451 786 2484 ut
810 2457 834 2484 a
856 2442 1087 2497 proposito
1108 2450 1186 2485 tuo
1209 2443 1395 2485 recedas
1425 2449 1469 2485 et
1491 2443 1535 2484 in
1560 2443 1723 2485 labori-

97 2517 182 2559 bus
212 2511 262 2559 ac
293 2518 612 2561 afflictionibus
641 2534 731 2561 non
765 2519 994 2574 persistas,
1035 2519 1271 2562 considera
1312 2521 1536 2574 quomodo
1575 2521 1719 2574 Xpus.

97 2593 214 2635 fixus
247 2595 369 2636 cruci
394 2604 545 2638 manet
576 2595 833 2647 immobilis,
864 2609 947 2638 nec
976 2596 1031 2637 ab
1061 2595 1135 2637 illa
1167 2596 1363 2651 separari
1401 2596 1512 2647 uult,
1549 2594 1723 2638 etiamsi

99 2668 143 2710 in
170 2670 363 2712 maximo
386 2672 540 2714 dolore
564 2671 637 2723 sit,
664 2679 709 2715 et
731 2672 942 2716 recedere
966 2672 1136 2726 absque
1159 2679 1347 2727 peccato
1370 2678 1520 2726 posset
1544 2670 1566 2713 s.

169 2780 185 2796 a
214 2770 468 2805 Emendatum
487 2783 508 2805 a
527 2772 622 2807 Nat.
642 2784 690 2806 ex
710 2772 907 2806 Dominus
925 2772 1090 2817 Laynez.
1142 2772 1207 2797 —b
1227 2771 1334 2804 Haec
1354 2770 1425 2804 tria
1444 2771 1562 2805 verba
1576 2770 1723 2806 addidit

98 2827 191 2863 Nat.
248 2838 310 2856 —0
337 2829 594 2866 Emendatum
618 2843 639 2865 a
664 2831 752 2866 Nat.
773 2842 822 2865 ex
848 2832 1045 2865 Dominus
1071 2831 1237 2875 Laynez.
1288 2830 1354 2855 —d
1380 2837 1401 2872 7
1428 2829 1545 2863 verba
1569 2840 1725 2874 praece-

99 2886 228 2922 dentia
253 2894 342 2923 sunt
366 2888 497 2923 addita
521 2901 542 2924 a
568 2890 656 2925 Nat.
711 2900 771 2916 ——e
799 2891 910 2935 Quae
935 2895 1150 2935 sequuntur
1170 2900 1244 2922 non
1265 2888 1366 2921 clare
1391 2893 1549 2932 apparet
1573 2899 1620 2922 an
1647 2888 1726 2923 sint

100 2944 273 2989 ejusdem
293 2947 336 2982 P.
357 2947 496 2991 Lainii,
516 2959 561 2982 eo
579 2948 682 2994 quod
701 2955 791 2983 ante
811 2949 874 2983 illa
894 2948 1038 2982 inserta
1057 2947 1202 2981 fuerint
1224 2946 1351 2991 aliqua
1370 2956 1418 2979 ex
1443 2945 1483 2980 S.
1510 2946 1724 2992 Epiphanio

98 3003 146 3036 de
167 3005 269 3042 Sma.
292 3005 455 3050 Virgine
475 3007 606 3041 Maria.
659 3028 690 3032 —
707 3009 719 3033 f
742 3008 847 3042 Haec
868 3006 1000 3041 ultima
1022 3016 1040 3049 5
1061 3006 1179 3039 verba
1199 3004 1405 3038 obliterata
1424 3010 1514 3039 sunt
1538 3004 1576 3039 in
1604 3016 1675 3043 ms.
