2028 3426
644 276 916 311 MONUMENTA
943 277 1114 311 ITALIAE
1127 275 1209 309 -18
1396 324 1400 328 ι
1625 278 1689 322 165

106 375 347 432 provinciis
383 375 676 418 emendicatis
712 376 933 432 egerrime
971 383 1272 420 sustentatum
1312 379 1535 420 hactenus
1565 385 1648 429 est,
1681 392 1733 420 ac

111 451 184 494 uix
207 451 386 506 quidem
423 458 717 495 sustentatur.
761 453 896 507 Quod
929 460 1078 497 tamen
1117 453 1374 496 uniuersale
1397 461 1466 497 est
1490 455 1729 498 Societatis

8 519 13 532 ”
60 524 415 588 [seminarium.
454 529 581 572 Haec
609 542 700 570 non
728 529 997 581 diceremus,
1036 529 1122 572 nisi
1154 530 1459 573 necessarium
1491 545 1591 574 esse
1614 531 1733 573 arbi-

80 658 85 659 7
106 613 326 659 traremur
350 619 439 647 non
463 604 678 660 ignorari;
704 606 967 660 praesertim
990 613 1092 662 post
1115 613 1181 648 tot
1203 621 1381 661 sparsos
1405 621 1625 660 rumores3
1649 607 1732 649 nisi

109 680 241 724 etiam
265 680 484 724 eiusmodi
507 688 674 734 essent,
701 696 817 736 quae
840 697 1076 737 possemus
1098 698 1145 726 re
1163 683 1258 738 ipsa
1282 685 1593 739 comprobare.

190 757 197 815 Ι
249 762 498 799 obiectio.
548 759 617 800 De
641 773 729 800 non
751 759 1007 814 portatione
1030 767 1196 804 cottae.

178 839 483 884 Responsio.
546 836 615 877 De
638 834 774 877 huius
793 842 943 877 cottae
965 835 1061 878 siue
1084 836 1385 892 superpellicii
1416 852 1501 879 usu
1533 844 1730 880 erratum

107 925 203 954 esse
226 909 448 966 uidemus3
475 926 579 953 nam
603 910 648 952 in
672 911 919 954 ministerio
939 912 1175 955 missarum
1198 913 1467 956 adhibemus
1496 915 1626 965 duos,
1653 913 1730 968 qui

63 1006 65 1009 ·
106 986 424 1042 superpelliciis
446 995 463 1012 ³
484 986 631 1028 induti
654 987 871 1032 seruiant.
896 990 945 1030 In
975 989 1270 1031 concionibus
1300 989 1469 1032 utimur
1498 991 1732 1046 superpel—

106 1063 225 1115 licio,
250 1063 294 1105 in
317 1063 517 1119 vesperis
539 1063 645 1106 item
669 1065 988 1120 superpellicio
1012 1065 1049 1107 is
1073 1065 1231 1118 utitur,
1265 1066 1341 1121 qui
1371 1067 1520 1109 officio
1553 1074 1732 1122 praeest

11 1138 13 1146 ⁴
101 1147 149 1182 et
171 1140 329 1183 recitat
350 1141 591 1193 orationes,
619 1141 778 1196 reliqui
802 1143 961 1186 fratres
984 1142 1030 1184 in
1053 1144 1193 1185 choro
1216 1157 1300 1186 nec
1318 1143 1393 1186 illo
1414 1151 1617 1197 utuntur,
1645 1158 1728 1187 nec

108 1216 170 1258 uti
190 1217 372 1260 debent:
399 1232 503 1260 nam
534 1232 638 1260 cum
669 1220 813 1261 soleat
842 1219 1066 1275 religiosis
1095 1219 1307 1262 omnibus
1338 1236 1436 1264 esse
1468 1236 1547 1276 pro
1571 1236 1729 1276 super-

106 1292 280 1347 pellicio
302 1306 412 1335 suus
436 1294 585 1337 cultus
609 1294 864 1350 religiosus,
892 1295 999 1350 quid
1024 1295 1185 1337 mirum
1210 1296 1246 1338 si
1276 1311 1358 1339 nos
1387 1296 1432 1338 in
1457 1299 1596 1340 choro
1625 1312 1731 1340 uer—

109 1383 256 1413 semur
279 1384 381 1412 cum
405 1373 580 1413 nostro?

171 1451 415 1489 obiectio.
479 1449 548 1491 De
573 1449 706 1490 modo
725 1448 943 1492 examinis
968 1449 1367 1504 praesbiterorum.

174 1528 479 1573 Responsio.
542 1527 611 1567 De
634 1527 718 1567 hoc
743 1525 888 1580 capite
911 1525 1021 1567 nih-il
1040 1525 1220 1569 uidetur
1242 1526 1373 1568 nobis
1396 1527 1524 1571 aliter
1541 1542 1730 1582 respon—

98 1590 313 1653 dendum,
341 1615 474 1655 quam
499 1602 620 1655 quod
644 1609 842 1644 nostram
871 1616 1054 1657 operam
1082 1604 1326 1657 probamus
1357 1604 1499 1648 mmo.
1526 1612 1571 1646 et
1594 1606 1724 1647 Rmo.

99 1677 236 1720 Card.
264 1678 461 1730 Sabello,
488 1678 658 1721 vicario
682 1678 817 1721 Vrbis
846 1679 1129 1734 dignissimo.
1158 1679 1279 1722 Huic
1307 1681 1484 1735 placere
1512 1680 1730 1737 intelligi-

55 1743 63 1810 s
103 1765 204 1795 *mus
222 1761 420 1796 nostram
445 1755 703 1798 examinum
727 1755 966 1799 rationem.

877 1861 947 1905 18

540 1946 591 1986 Ρ.
628 1945 980 1988 HIERONYMI
1013 1947 1283 1998 NATALIS

397 2046 680 2075 TRACTATUS
713 2047 775 2076 DE
809 2047 1138 2077 PROFESSIONE
1172 2049 1231 2078 ET
1265 2049 1425 2078 CHORO

669 2135 829 2171 ROMAE,
856 2136 973 2163 ANNO
1004 2136 1092 2172 1572
1122 2128 1149 2164 ¹.

897 2211 926 2267 i

168 2301 269 2338 ι-οι,
288 2304 337 2338 42
357 2303 474 2348 (159).

183 2368 322 2411 Illme.
348 2375 393 2411 et
416 2370 542 2411 Rme.
570 2370 684 2412 Due.
712 2371 830 2411 Dne.
857 2369 901 2411 in
926 2370 1112 2413 Christo
1136 2371 1559 2416 observandissime.
1596 2375 1724 2417 Haec

166 2507 184 2524 a
231 2496 559 2543 superpellicitiis
578 2509 649 2534 ms,

168 2599 179 2618 ¹
229 2598 286 2631 Ex
317 2598 543 2644 archetypo,
576 2598 724 2633 Natalis
755 2610 871 2634 manu
901 2599 1121 2643 emendato,
1153 2600 1193 2635 in
1222 2601 1356 2637 codice
1391 2602 1549 2638 Collect.
1582 2605 1628 2638 de
1659 2604 1723 2637 In<

72 2653 192 2698 stit„
230 2656 337 2696 VIII,
369 2656 434 2690 fol.
460 2666 582 2700 42-49.
610 2658 695 2692 Hoc
721 2663 1014 2692 monumentum
1041 2670 1062 2692 a
1087 2659 1306 2694 SACCH1N0
1331 2667 1654 2696 commemoratur
1685 2661 1723 2696 in

95 2712 199 2748 Hist.
220 2714 376 2761 Souc.J.‚
396 2720 492 2760 part.
514 2716 580 2761 III,
598 2716 665 2750 lib.
684 2717 788 2760 VIII,
803 2728 869 2753 nn.
889 2716 1008 2762 12—16,
1029 2717 1096 2751 ubi
1114 2717 1295 2763 Gregorii
1314 2719 1421 2764 XIII,
1443 2720 1581 2754 summi
1601 2720 1725 2765 ponti-

69 2784 71 2786 ·
93 2770 189 2818 ficis,
210 2784 301 2818 erga
319 2773 556 2809 Societatem
575 2775 889 2810 benevolentiam
908 2775 1052 2819 laudat,
1072 2782 1112 2811 et
1130 2776 1256 2812 Patris
1282 2777 1442 2824 Natalis,
1471 2778 1551 2824 qui,
1582 2779 1724 2823 Borgia

96 2830 267 2875 absente,
301 2832 435 2867 vicarii
464 2834 658 2878 generalis
690 2845 849 2868 munere
879 2834 1135 2881 fungebatur,
1169 2835 1412 2881 diligentiam
1444 2837 1482 2871 in
1513 2836 1722 2872 Societatis

94 2887 284 2936 instituto,
304 2891 407 2937 quod
425 2903 446 2926 a
465 2892 533 2926 Pio
554 2893 587 2927 V
604 2892 778 2927 nonnihil
793 2892 1038 2928 immutatum
1053 2893 1191 2940 fuerat,
1209 2895 1256 2929 ad
1271 2894 1507 2941 primaevam
1523 2896 1724 2940 integrita-

96 2952 173 2982 tem
197 2947 457 2995 instaurando,
485 2950 633 2986 meritis
659 2951 837 2986 laudibus
863 2953 1026 2987 extollit.
1053 2951 1166 2996 Quod
1191 2958 1322 2988 autem
1348 2954 1411 2999 ait,
1444 2954 1621 2988 Natalem
1653 2965 1722 2989 sua

95 3005 256 3042 maxima
285 3019 387 3054 cura,
421 3010 561 3044 multos
591 3021 636 3044 ac
663 3010 901 3056 ponderosos
931 3012 1231 3047 commentarios
1262 3011 1443 3046 effecisse
1472 3018 1510 3047 et
1536 3012 1722 3047 cardinali

95 3062 322 3101 Borromaeo
341 3066 559 3112 tradidisse,
581 3068 723 3115 quibus
741 3080 882 3103 causae
900 3080 993 3104 suae
1011 3069 1247 3115 aequitatem
1267 3071 1469 3116 probabat,
1497 3071 1721 3106 etiamnunc
