2028 3426
365 209 434 254 556
842 210 996 245 PATms
1025 211 1269 245 HIERONYMI
1296 209 1446 245 NADAL

405 310 492 354 Vbi
526 311 581 353 ad
613 311 761 354 locum
796 311 958 367 quietis
990 311 1176 356 venient
1208 319 1355 356 rector
1386 313 1458 356 vel
1496 311 1716 364 minister,
1758 312 1844 355 illis
1884 326 1960 356 as-

314 396 508 445 surgunt
534 390 691 432 Patres
714 403 764 431 ac
789 390 966 440 fratres,
992 389 1069 444 qui
1092 389 1308 441 sederint,
1334 396 1379 432 et
1403 404 1560 434 omnes
1578 389 1782 446 aperiant
1800 397 1955 445 caput,

315 480 404 508 non
429 466 498 508 his
521 467 682 516 solum,
703 467 783 509 sed
801 466 934 508 etiam
955 466 1266 510 subministro.
1288 468 1357 510 Ne
1374 468 1571 510 habeant
1589 474 1739 511 tamen
1760 467 1806 509 hi
1825 481 1957 509 vsum

313 542 523 586 veniendi
549 544 605 585 ad
630 544 816 584 fratrum
840 542 1056 597 quietem,
1082 551 1130 585 vt
1151 543 1337 586 liberius
1361 545 1476 586 inter
1498 559 1546 588 se
1569 545 1830 599 loquantur.

405 619 687 663 Recreationi
720 619 1009 674 quotidianae
1037 621 1346 664 deambulatio
1376 622 1448 663 vel
1476 635 1720 665 consessus
1749 622 1884 663 datur
1913 621 1958 664 in

312 697 505 753 collegio
535 704 579 740 et
608 697 883 750 colloquium
912 698 968 741 de
997 698 1148 750 rebus,
1185 712 1302 753 quae
1331 699 1387 741 ad
1415 700 1653 741 honestam
1683 698 1819 740 animi
1844 699 1959 741 refe-

312 773 508 817 ctionem
535 773 721 815 faciunt:
749 773 860 815 nihil
883 774 1022 819 aliud.
1049 775 1460 828 Hebdomadariae,
1487 783 1666 831 praeter
1690 777 1822 826 hanc,
1859 775 1959 817 dari

312 859 516 906 possunt:
553 850 835 894 visitationes
871 852 1183 905 ecclesiarum3
1219 852 1613 895 deambulationes
1642 851 1687 894 in
1719 866 1831 908 agro
1859 851 1959 894 vrbi

313 929 477 978 vicino;
496 938 773 985 vsurpantur
790 930 926 973 etiam
944 930 1038 972 ludi
1057 930 1323 973 tabellarum
1342 930 1399 971 ad
1417 944 1636 980 mensam,
1660 929 1805 972 iactus
1823 928 1959 972 etiam

314 1006 542 1048 ‹tliscorum
572 1008 627 1049 ad
658 1007 829 1059 stilum3
862 1007 1024 1050 rotatio
1045 1012 1100 1052 511
1125 1006 1347 1049 manualis
1371 1006 1534 1059 trochi3
1562 1013 1657 1048 turn
1682 1006 1817 1050 etiam
1849 1020 1958 1048 can-

314 1090 386 1124 tus
416 1084 655 1139 figuratus.
689 1085 818 1127 Haec
846 1092 998 1128 autem
1028 1084 1124 1128 fieri
1153 1091 1368 1140 poterunt
1399 1083 1537 1135 domi,
1569 1083 1646 1126 vbi
1675 1074 1857 1126 hortu-m
1887 1084 1959 1126 vel

310 1159 505 1211 vineam,
538 1161 610 1205 vel
640 1176 729 1204 non
760 1163 959 1206 habeant
988 1162 1197 1218 collegia,
1227 1162 1299 1204 vel
1329 1160 1441 1203 adiri
1471 1161 1528 1203 ad
1557 1169 1655 1204 earn
1681 1175 1773 1202 non
1796 1160 1955 1216 possit.

311 1237 403 1292 Qui
427 1252 532 1280 vero
556 1238 601 1279 in
624 1239 731 1281 ludo
749 1247 1038 1294 superantur,
1060 1238 1089 1280 ii
1107 1239 1179 1283 vel
1197 1246 1368 1281 canunt
1385 1237 1667 1280 submissiori
1687 1251 1799 1281 voce
1817 1252 1956 1279 vnum

310 1329 492 1357 versum
516 1315 707 1357 alicuius
730 1315 905 1371 psalmi,
931 1323 1132 1359 astantes
1161 1315 1328 1371 apertis
1357 1314 1599 1370 capitibus,
1627 1315 1698 1358 vel
1721 1314 1851 1358 flexis
1875 1329 1959 1371 ge·

312 1391 462 1443 nibus,
496 1393 566 1434 vel
595 1393 754 1435 dicunt
782 1392 918 1436 tacite
947 1393 1195 1436 orationem
1225 1392 1516 1444 dominicam,
1542 1392 1613 1436 vel
1637 1391 1957 1436 salutationem

311 1468 579 1524 angelicam.
608 1470 785 1512 Horum
811 1471 960 1514 tamen
984 1471 1196 1513 ludorum
1219 1471 1291 1514 vel
1313 1477 1475 1512 cantus
1505 1483 1611 1511 vsus
1645 1469 1690 1511 in
1722 1468 1820 1512 aliis
1850 1483 1954 1524 pro-

315 1545 473 1587 uinciis
502 1553 714 1601 receptus
743 1555 828 1600 est,
860 1556 1172 1603 praeterquam
1203 1547 1248 1589 in
1279 1546 1525 1602 prouinciis
1548 1545 1829 1603 Aragoniae,
1857 1547 1957 1589 An·

311 1622 526 1674 dalusiae,
559 1631 603 1667 et
633 1624 869 1679 vtriusque
897 1625 1139 1677 Castellae3
1171 1625 1292 1679 quod
1322 1624 1367 1666 in
1400 1623 1486 1666 illis
1518 1624 1642 1666 nulla
1675 1623 1732 1666 sit
1765 1623 1958 1667 offensio

311 1706 618 1753 externorum3
651 1701 695 1743 in
727 1701 797 1744 his
827 1701 1054 1745 timeatur.
1089 1703 1145 1744 Et
1175 1709 1325 1744 tamen
1354 1701 1400 1743 in
1433 1701 1503 1744 his
1537 1700 1784 1756 prouinciis
1817 1700 1955 1743 etiam

311 1778 578 1819 tentandum
597 1785 664 1820 est
683 1786 730 1820 vt
750 1793 858 1822 vsus
875 1779 1086 1821 ludorum
1107 1779 1364 1835 recipiatur,
1386 1779 1443 1822 ad
1468 1779 1655 1822 fratrum
1680 1786 1770 1820 tarn
1795 1791 1957 1822 neces-

311 1853 473 1896 sariam
513 1856 858 1899 recreationem.
896 1857 1022 1901 Solet
1055 1857 1191 1901 etiam
1223 1857 1268 1898 in
1298 1856 1576 1899 recreatione
1599 1854 1958 1899 hebdomadaria

313 1931 500 1973 concedi
523 1939 570 1973 vt
593 1932 726 1976 liceat
750 1948 829 1988 per
853 1948 987 1976 Vnam
1011 1935 1167 1977 horam
1198 1934 1351 1989 legere
1379 1932 1615 1976 historiam
1641 1932 1836 1987 aliquam
1871 1932 1956 1974 ho-

313 2014 503 2059 nestam,
537 2011 606 2052 vel
637 2010 806 2065 aliquid
838 2010 884 2053 in
918 2011 1265 2053 humanioribus
1303 2010 1461 2062 literis,
1497 2010 1534 2052 si
1571 2009 1672 2064 quis
1714 2009 1782 2051 his
1821 2009 1958 2052 rebus

313 2082 585 2138 delectetur3
620 2102 673 2130 eo
704 2087 903 2140 facilius,
946 2088 982 2131 si
1021 2088 1122 2143 quis
1152 2091 1222 2135 512
1254 2087 1362 2143 quid
1392 2088 1527 2130 vellet
1550 2088 1702 2142 legere
1726 2101 1781 2129 ex
1816 2084 1958 2128 sacris

317 2164 476 2207 literis.

884 2292 946 2320 DE
977 2292 1089 2321 ITER
1114 2291 1388 2321 AGENTIBUS

404 2395 496 2450 Qui
520 2403 725 2450 possunt,
768 2395 958 2450 pedibus
997 2396 1080 2438 iter
1121 2396 1304 2447 faciant,
1346 2395 1431 2438 nisi
1461 2397 1518 2438 ob
1560 2394 1752 2451 negocia
1777 2394 1953 2450 profici-

315 2479 513 2514 scantur.
542 2473 598 2514 Et
622 2471 651 2513 ii
674 2471 872 2526 quidem,
894 2472 970 2526 qui
990 2473 1034 2514 in
1053 2472 1465 2528 peregrinationem
1491 2471 1747 2523 mittuntur,
1775 2484 1955 2526 semper

315 2556 421 2593 eant
443 2549 633 2605 pedites:
657 2550 778 2603 quod
816 2549 852 2591 si
877 2549 921 2591 id
945 2564 1034 2592 non
1074 2556 1279 2605 possunt,
1312 2564 1369 2593 ne
1408 2549 1644 2592 mittantur
1667 2548 1836 2604 potius,
1869 2547 1955 2590 nisi

316 2626 373 2667 sit
398 2625 648 2668 necessitas
672 2625 898 2688 missionis
921 2634 965 2668 et
989 2625 1254 2682 impotentia
1277 2626 1401 2669 missi
1424 2633 1594 2682 aperta.

403 2704 591 2747 Summa
630 2702 864 2757 vigilantia
902 2710 1038 2758 atque
1073 2703 1393 2746 obseruatione
1426 2704 1560 2746 detur
1588 2717 1748 2758 opera,
1779 2708 1844 2753 vt,
1877 2700 1955 2756 qui

316 2780 400 2823 iter
424 2780 612 2832 faciunt,
639 2793 806 2835 magna
828 2793 931 2821 cum
956 2779 1271 2823 aedificatione
1293 2779 1337 2821 id
1362 2778 1543 2822 faciant.

406 2858 453 2898 ln
476 2856 636 2900 itinere
660 2856 884 2898 dormiant
913 2870 995 2899 suo
1028 2855 1219 2912 quisque
1256 2857 1389 2907 lecto,
1423 2856 1804 2911 quemadmodum
1829 2854 1951 2911 apud

317 2948 399 2975 nos
422 2934 586 2986 solent,
613 2947 695 2976 nec
719 2947 772 2976 ea
794 2933 838 2975 in
858 2948 906 2976 re
928 2941 1115 2989 parcant
1138 2933 1386 2989 impensae.

404 3011 473 3053 Ne
498 3011 605 3053 fiant
629 3009 756 3065 quasi
780 3024 835 3052 ex
864 3009 1194 3053 consuetudine
1224 3009 1484 3064 frequentes
1518 3016 1775 3052 nostrorum
1806 3014 1952 3050 muta-
