2028 3426
320 226 389 271 848
899 225 1036 260 Emsr.
1065 223 1109 258 P.
1138 223 1290 258 NADAL

363 327 486 382 Quid
510 329 730 369 hactenus
755 333 902 380 potest
927 326 1146 381 theologo
1170 324 1426 380 displicere,
1448 323 1556 378 quid
1576 329 1914 378 praesentatum

272 404 507 447 offendere
536 412 568 453 ²²,
603 411 651 444 vt
676 413 764 444 tam
790 401 1002 445 atrociter
1031 400 1295 458 pronuntiet
1317 415 1418 444 esse
1441 399 1739 444 assertionem
1773 398 1912 452 illam,

276 496 365 524 non
390 481 523 522 modo
547 479 829 523 temerariam
859 487 904 522 et
927 479 1256 531 scandalosam,
1279 491 1435 520 verum
1460 476 1596 520 etiam
1620 475 1918 518 haereticam?
1955 504 1962 513 ·

275 558 400 614 Quid
424 557 557 600 affert
579 555 647 598 vir
683 557 864 609 doctus,
891 570 981 611 quo
1019 557 1180 611 probet
1218 568 1318 599 esse
1355 553 1373 578 ¹³
1401 553 1696 597 assertionem
1722 560 1891 595 temera

276 636 402 686 riam,
429 634 759 686 scandalosam,
786 633 1084 677 haereticam?
1107 633 1214 687 Quo
1239 639 1389 687 pacto,
1416 630 1580 686 inquit,
1605 629 1779 685 eligent
1803 643 1918 685 gen-

277 712 377 754 tiles
399 719 443 754 et
467 710 543 766 qui
569 709 785 765 negatiue
808 718 915 752 sunt
938 710 1161 761 infideles,
1188 723 1280 764 quo
1304 709 1440 750 modo
1471 706 1706 760 haeretici,
1732 720 1821 761 qua
1846 720 1920 748 ra-

278 789 399 832 tione
423 787 513 832 204
536 788 710 839 fideles,
737 787 813 842 qui
832 787 877 829 in
898 786 1074 830 mortali
1094 794 1282 842 peccato
1300 785 1522 829 existunt?
1546 784 1629 828 Vis
1648 784 1728 826 tibi
1746 782 1919 839 simpli-

274 867 386 909 citer
410 865 731 921 respondeam?
755 865 858 907 Non
882 866 970 907 hoc
994 871 1143 920 pacto,
1169 865 1249 907 sed
1273 863 1376 906 alio:
1406 876 1553 918 neque
1578 861 1696 907 enim
1727 876 1812 904 nos
1835 860 1918 903 eli-

274 959 383 1000 gere
412 943 483 985 his
521 941 747 986 exercitiis
777 942 993 985 docemus
1031 941 1254 993 infideles,
1287 941 1556 992 haereticos,
1583 938 1832 982 catholicos
1873 937 1918 981 in

277 1029 467 1078 peccato
486 1019 663 1062 mortali
676 1019 997 1072 consistente53
1020 1020 1116 1071 sed,
1132 1018 1168 1061 si
1187 1026 1309 1062 recte
1327 1015 1690 1068 commeministi,
1707 1030 1825 1070 quae
1844 1029 1921 1058 su-

277 1099 428 1155 perius
450 1097 662 1147 diximus,
688 1104 733 1140 et
756 1111 873 1151 quae
896 1103 990 1139 tota
1013 1096 1228 1139 exercitia
1251 1096 1463 1148 clamant,
1490 1093 1736 1138 electiones
1759 1091 1921 1135 huius-

277 1176 397 1219 modi
422 1175 507 1217 illis
531 1173 792 1217 hominibus
815 1175 921 1217 dare
945 1189 1044 1225 nos,
1066 1173 1143 1230 qui
1162 1180 1265 1230 post
1289 1173 1547 1230 generalem
1568 1169 1916 1222 confessionem,

276 1261 378 1310 post
403 1252 771 1296 communionem
790 1267 981 1304 sacram,
1007 1251 1076 1294 bis
1099 1251 1300 1306 quotidie
1329 1249 1653 1294 conscientiam
1682 1247 1919 1291 excutien-

278 1340 344 1374 tes
368 1346 513 1383 suam,
540 1330 872 1374 confessionem
897 1339 941 1374 et
963 1343 1139 1373 sacram
1163 1328 1367 1384 synaxim
1396 1328 1752 1382 frequentantes,
1779 1324 1920 1368 dediti

278 1408 361 1464 piis
400 1407 514 1451 sacri
553 1407 781 1464 euangelii
816 1407 1208 1458 meditationibus,
1242 1405 1450 1462 sepositis
1489 1404 1700 1447 omnibus
1731 1402 1920 1459 impedi-

277 1485 455 1537 mentis,
478 1499 594 1540 quae
612 1499 690 1527 eos
708 1492 896 1541 possent
914 1499 939 1527 a
957 1483 1128 1540 pietate
1144 1482 1373 1534 remorari,
1394 1483 1561 1526 deuote
1584 1495 1636 1524 ac
1658 1480 1731 1537 pie
1750 1480 1921 1522 adeunt

279 1562 541 1606 electiones.
576 1563 810 1606 Conuerte
843 1570 889 1604 tu
921 1561 1114 1618 primum
1143 1570 1149 1617 3
1177 1560 1399 1612 infideles,
1433 1558 1700 1611 haereticos,
1732 1570 1921 1613 peruer-

276 1654 350 1682 sos
374 1640 529 1683 fideles
553 1654 765 1695 compara
788 1653 840 1681 ac
864 1638 1069 1694 dispone,
1091 1646 1138 1680 vt
1162 1645 1417 1680 nostrarum
1436 1636 1526 1679 sint
1545 1635 1819 1680 electionum
1838 1648 1919 1676 ca-

276 1731 428 1772 paces;
456 1729 534 1760 eos
559 1725 666 1759 tunc
689 1715 968 1759 docebimus.
993 1716 1165 1758 Censes
1188 1714 1329 1770 igitur
1368 1721 1416 1756 tu
1445 1712 1698 1756 haereticos
1728 1725 1812 1754 nos
1841 1725 1921 1767 per

277 1801 401 1836 tuam
428 1793 722 1849 theologiam,
748 1793 784 1835 si
814 1793 960 1835 solum
991 1807 1069 1836 eos
1091 1793 1336 1836 doceamus
1369 1790 1556 1847 eligere,
1586 1804 1701 1846 quos
1731 1788 1923 1845 primum

276 1873 511 1914 hortemur
535 1880 578 1914 et
610 1870 821 1913 iuuemus
858 1869 904 1912 in
934 1869 1018 1913 X.⁰
1049 1871 1149 1913 Iesu
1180 1876 1364 1925 peccata
1395 1867 1586 1921 amoliri,
1613 1866 1805 1923 gratiam
1837 1864 1924 1910 sibi

278 1948 469 1991 coelitus
492 1947 733 1991 conciliare
763 1963 837 2004 per
864 1955 1162 1999 sacramenta,
1190 1961 1268 2002 per
1299 1944 1614 1988 meditationes
1640 1958 1808 1995 sacras,
1836 1956 1913 1999 per

275 2024 522 2069 orationes?
545 2024 679 2079 Quis,
703 2025 892 2068 obsecro
918 2032 978 2078 te,
1006 2024 1085 2067 tibi
1110 2025 1291 2066 futurus
1309 2022 1580 2074 catholicus,
1602 2021 1638 2064 si
1663 2020 1736 2063 hic
1758 2023 1919 2065 haere-

280 2102 397 2144 ticus
420 2103 509 2145 est?
532 2101 718 2153 Desine,
745 2103 883 2145 frater
908 2101 984 2154 mi,
1010 2102 1165 2144 desine
1190 2110 1279 2143 tam
1306 2099 1436 2143 facile
1454 2098 1764 2154 pronuntiare,
1792 2112 1848 2141 ne
1868 2111 1923 2140 eo

279 2180 443 2222 euadat
469 2187 546 2222 tua
571 2179 761 2222 facilitas
785 2187 922 2234 atque
944 2179 1128 2222 libertas
1151 2178 1319 2229 iudicii,
1349 2177 1435 2222 205
1458 2185 1505 2218 vt
1535 2175 1732 2219 vicissim
1757 2189 1845 2231 ego
1880 2183 1925 2220 te

279 2258 335 2300 ad
360 2256 572 2301 talionem
598 2257 880 2313 compellam.
909 2259 1068 2308 Parce,
1088 2270 1274 2312 quaeso,
1303 2257 1456 2307 Pater3
1485 2268 1586 2296 nam
1606 2252 1714 2308 quid
1736 2266 1922 2308 possum

282 2334 437 2376 mitius
460 2334 611 2377 dicere
632 2334 690 2377 de
719 2333 918 2387 homine,
945 2333 1021 2389 qui
1052 2332 1314 2389 pronuntiat
1339 2330 1619 2375 haereticum
1653 2344 1770 2381 esse,
1796 2329 1923 2384 quod

282 2418 371 2453 tam
395 2420 550 2466 aperte
573 2419 641 2455 est
665 2410 939 2454 catholicum
958 2418 1003 2455 et
1027 2411 1350 2453 orthodoxum?
1374 2410 1545 2452 Verum
1570 2421 1800 2461 nunquam
1832 2420 1924 2462 ego

283 2496 325 2530 te
349 2487 599 2530 arbitrabor
617 2487 880 2531 huiusmodi
907 2495 1058 2530 notam
1077 2487 1319 2539 sustinere,
1339 2486 1419 2529 sed
1436 2498 1594 2540 parum
1618 2482 1832 2534 attendis,
1853 2482 1924 2524 vir

281 2564 556 2608 doctissime.
601 2565 738 2620 Quod
776 2565 813 2607 si
850 2564 995 2607 dicas:
1039 2564 1127 2608 Vbi
1160 2563 1299 2620 igitur
1338 2561 1512 2605 docetis
1552 2575 1634 2603 vos
1671 2559 1924 2604 electiones

283 2640 484 2693 legitime
524 2640 756 2697 suscipere
794 2641 1023 2693 infideles,
1070 2640 1345 2691 haereticos,
1393 2639 1535 2681 malos
1574 2637 1789 2693 xpianos?
1819 2637 1923 2679 Non

284 2717 326 2758 in
367 2718 629 2760 huiusmodi
664 2717 908 2770 exercitiis,
941 2719 1021 2762 sed
1057 2716 1486 2774 praedicationibus,
1513 2712 1918 2770 disputationibus,

282 2793 698 2847 exhortationibus,
725 2809 776 2837 ac
801 2794 1011 2838 omnibus
1042 2794 1125 2851 piis
1147 2802 1284 2849 atque
1313 2791 1579 2835 orthodoxis
1607 2789 1797 2842 artibus,
1823 2789 1922 2844 qui-

285 2870 368 2912 bus
391 2870 564 2912 artibus
586 2870 631 2912 in
656 2872 774 2927 Xpo.
798 2873 898 2915 Iesu
918 2879 1008 2914 tam
1037 2872 1043 2927 Ι
1071 2870 1199 2915 breui
1219 2877 1395 2913 tantum
1415 2874 1687 2925 prouentum
1711 2865 1923 2922 spiritua-

355 2986 370 3001 ἑ·
421 2976 679 3012 Emendatum
699 2989 719 3012 a
740 2978 830 3013 Nat.
851 2989 899 3012 ex
919 2977 1098 3024 theologo
1125 2977 1351 3023 displicere,
1377 2974 1539 3011 etiamsi
1553 2975 1848 3019 praesentatus,
1867 2971 1923 3007 be-

285 3035 582 3072 nemeritus...»
636 3057 662 3061 -v
685 3038 701 3063 b
721 3048 800 3071 esse
819 3048 898 3071 esse
918 3048 991 3071 ms.
