2028 3426
708 166 1137 203 INSTRUC'rioNEs—61
1618 162 1689 212 '503

107 268 204 312 aliis
231 283 322 311 non
344 268 577 320 debemus,
602 268 813 323 quoniam
837 284 891 312 ex
920 268 973 311 iis
1011 268 1179 311 mutuis
1208 283 1342 324 saepe
1370 268 1470 312 lites
1507 269 1729 322 oriuntur,

107 346 178 388 vel
200 344 334 388 etiam
362 344 647 389 acerbitates.
681 344 753 387 Fit
784 345 901 387 enim
941 347 1217 400 frequenter,
1242 352 1292 387 vt
1320 359 1411 387 non
1440 345 1612 400 possint
1634 360 1732 388 mu-

107 428 234 464 tuum
257 422 460 474 reddere,
485 421 561 476 qui
582 421 854 476 acceperint.
882 423 1014 466 Adde
1036 422 1156 477 quod
1179 428 1420 477 paupertas
1448 429 1602 463 nostra
1627 437 1730 477 per-

104 505 242 553 petuo
262 512 480 541 excusare
502 512 585 540 nos
606 498 662 540 ab
684 512 738 540 eo
761 498 909 540 officio
931 505 1095 554 potest.

655 629 717 659 DE
748 630 900 659 PULSU
925 629 1179 660 CAMPANAE

191 731 278 771 Pro
299 730 411 771 hora
432 727 597 783 quietis
619 729 845 772 secundae
873 743 1057 772 mensae
1079 728 1332 784 pulsabitur
1353 727 1519 784 exigua
1542 743 1726 784 campa-

55 793 60 798 ’
101 820 173 857 na,
199 819 315 860 quae
337 819 475 848 manu
497 811 719 860 gestetur.

187 886 268 927 39⁰
302 884 449 924 Parua
476 881 609 924 etiam
637 896 854 937 campana
883 882 1077 925 manuali
1105 883 1277 925 dabunt
1305 881 1465 924 nouitii
1495 898 1547 926 ea
1575 882 1721 937 signa,

96 973 212 1014 quae
234 958 412 1014 proprie
434 959 491 1000 ad
519 973 601 1001 sua
631 958 843 1001 exercitia
872 959 1143 1010 attinebunt,
1169 966 1215 1001 et
1243 973 1333 1001 non
1362 960 1595 1002 habebunt
1618 972 1722 1000 cum

97 1035 289 1090 collegio
313 1035 568 1077 communia
589 1019 661 1077 {rel
685 1035 819 1078 domo
836 1036 1053 1091 professa.

183 1112 257 1155 Ad
279 1126 479 1155 mensam
500 1112 752 1168 pulsabitur
774 1114 883 1155 hora
906 1112 1169 1165 constituta,
1195 1113 1317 1155 nulla
1341 1128 1389 1156 re
1413 1119 1648 1168 expectata
1667 1127 1721 1155 ac

94 1204 152 1233 ne
174 1188 404 1244 superiore
427 1188 625 1244 quidem.

705 1317 768 1345 DE
792 1316 1100 1346 MISSIONIBUS

180 1420 345 1462 Nullus
367 1426 440 1464 eat
463 1435 518 1463 ex
542 1434 633 1462 uno
654 1420 754 1462 loco
782 1420 826 1461 in
856 1419 992 1462 alium
1022 1420 1118 1463 sine
1148 1419 1290 1464 literis
1316 1419 1577 1475 patentibus
1601 1419 1715 1471 eius,

90 1496 166 1552 qui
193 1495 318 1538 illum
342 1495 493 1548 mittit,
519 1496 564 1537 in
586 1496 751 1551 quibus
772 1496 1041 1549 declaretur,
1067 1497 1226 1539 saltem
1250 1496 1294 1538 in
1325 1510 1492 1552 genere
1521 1497 1594 1539 vel
1618 1510 1716 1552 spe-

89 1572 172 1624 cie,
199 1572 313 1615 ratio
338 1571 580 1617 missionis.
606 1571 900 1628 Significetur
938 1580 1088 1615 autem
1118 1573 1174 1616 de
1202 1572 1271 1623 iis,
1298 1572 1374 1627 qui
1405 1572 1645 1615 mittuntur
1670 1572 1715 1614 in

88 1649 414 1704 probationem,
430 1649 550 1703 quod
567 1649 658 1691 sint
675 1648 720 1691 in
737 1649 1002 1705 probatione
1019 1649 1275 1701 Societatis,
1291 1649 1599 1692 desiderantes
1617 1664 1715 1693 eam

88 1712 344 1781 ingredisIi
365 1733 532 1778 autem,
559 1725 636 1780 qui
658 1733 768 1770 eunt
789 1726 835 1768 in
857 1725 1182 1781 probationem,
1209 1733 1422 1781 poterunt
1446 1740 1536 1767 non
1560 1733 1714 1768 osten-
1760 1751 1764 1755 <

86 1802 208 1853 dere,
229 1801 314 1844 nisi
331 1801 581 1845 intercedat
597 1802 859 1854 necessitas,
881 1816 986 1845 suas
1003 1809 1226 1857 patentes,
1242 1803 1303 1847 ad
1321 1802 1534 1845 maiorem
1558 1801 1710 1844 morti-

84 1878 357 1931 ficationem,
383 1885 428 1921 et
450 1878 777 1934 prbbationem,
803 1886 847 1921 et
877 1887 1025 1922 tamen
1048 1880 1380 1934 profitebuntur
1409 1878 1454 1920 in
1478 1878 1711 1934 probatio-

84 1968 188 1997 nem
210 1969 258 1998 se
280 1954 454 1998 missos.
1155 1945 1165 1956 ’

172 2035 238 2076 391
273 2031 468 2086 Quando
490 2030 683 2073 mittitur
711 2031 872 2087 aliquis
894 2031 940 2073 in
961 2031 1289 2087 probationem,
1314 2032 1370 2075 de
1394 2046 1483 2086 quo
1512 2045 1602 2073 non
1625 2032 1707 2072 ha—

82 2107 216 2149 betur
242 2106 507 2160 satisfactio,
532 2108 588 2150 ad
626 2107 839 2151 maiorem
870 2108 1261 2152 mortificationem
1291 2116 1335 2150 et
1372 2108 1702 2163 probationem,

83 2197 140 2225 ne
161 2184 326 2226 dentur
346 2183 408 2225 illi
431 2183 587 2227 literae
608 2192 831 2239 patentes,
858 2192 954 2226 tum
978 2184 1113 2227 etiam
1138 2186 1194 2227 ad
1224 2186 1464 2236 cautelam,
1491 2192 1534 2227 et
1559 2170 1708 2226 tamen

82 2259 338 2302 huiusmodi
376 2269 608 2315 nunquam
648 2262 812 2316 (quoad
849 2261 946 2303 eius
978 2261 1075 2304 fieri
1112 2262 1279 2317 posset)
1320 2260 1523 2304 mittendi
1555 2267 1706 2302 essent

66 2321 178 2388 ¹soli,
203 2336 289 2379 nisi
311 2336 348 2378 si
371 2337 472 2391 quis
493 2345 611 2381 esset
634 2338 910 2392 deploratus,
936 2345 994 2381 et,
1004 2338 1257 2381 mitteretur
1280 2337 1406 2392 quasi
1437 2352 1526 2379 non
1551 2351 1701 2380 reuer-

80 2427 228 2456 surus.

168 2489 261 2544 Qui
289 2489 528 2532 mittun-tur
555 2489 600 2531 in
635 2490 1062 2546 peregrinationem,
1088 2498 1133 2534 et
1160 2490 1488 2547 probationem,
1522 2496 1565 2531 et
1595 2496 1702 2530 sunt

79 2565 136 2608 ad
156 2565 274 2607 idern
297 2565 539 2621 collegium
564 2568 804 2620 reuersuri‚
830 2568 1067 2610 mittantur
1083 2568 1306 2611 ordinarie
1329 2568 1443 2609 bene
1461 2564 1605 2606 induti
1631 2564 1698 2605 in-

80 2641 233 2695 terius,
264 2650 313 2684 vt
342 2655 434 2684 non
461 2643 689 2698 patiantur
718 2644 992 2696 notabiliter,
1018 2652 1064 2687 et
1092 2644 1290 2688 exterius
1322 2650 1426 2685 eant
1448 2655 1697 2696 pauperum

80 2732 203 2762 more
225 2718 375 2762 vestiti
398 2733 478 2774 pro
501 2734 580 2763 sua
604 2720 914 2763 humiliatione
937 2729 982 2765 et
1005 2721 1195 2763 aliorum
1220 2718 1547 2762 aedificatione.

166 2795 258 2849 Qui
280 2810 387 2838 vero
409 2796 465 2838 ad
482 2796 568 2839 alia
589 2796 779 2853 collegia
795 2797 1052 2848 mittuntur,
1078 2797 1167 2838 illic
1191 2795 1406 2846 mansuri,
1427 2794 1487 2836 ita
1515 2792 1695 2834 mitten-

80 2877 150 2913 tur
172 2871 339 2926 vestiti,
364 2879 413 2915 vt
434 2873 556 2915 domi
576 2880 698 2926 sunt,
724 2874 761 2916 si
790 2875 1026 2917 commode
1053 2872 1144 2915 sint
1172 2871 1337 2923 vestiti3
1364 2869 1529 2924 alioqui
1560 2870 1694 2924 paulo

78 2947 356 2991 commodius
377 2949 637 3002 induantur3
663 2951 719 2992 de
741 2950 838 2993 aliis
861 2950 1063 2994 Vestibus
1086 2951 1170 2991 hoc
1190 2946 1471 3002 intelligitur,
1492 2952 1693 3001 praeter-
