2028 3426
910 569 976 628 '111

367 747 379 763 ‚
626 714 838 751 INDEX
877 710 1272 771 GENERALIS

747 811 904 846 QUARTI
922 811 1148 838 VOLUMile

1727 906 1811 940 Part.

203 981 399 1018 Praefatio
417 998 1691 1015 ......................................................
1787 981 1814 1008 v

288 1085 458 1112 NOTITIA
479 1082 681 1119 COD1CUM‚
704 1082 761 1108 EX
780 1080 934 1115 QUIBUS
954 1079 1085 1114 HUJUS
1105 1078 1331 1106 VOLUMINJS
1350 1077 1613 1105 MONUMENTA

797 1138 1115 1166 DEPROMUNTUR

204 1217 373 1254 Codices
391 1209 601 1251 Societatis
621 1216 717 1261 Jesu
727 1237 1689 1249 .........................................
1801 1218 1812 1244 1

207 1277 374 1313 Codices
394 1275 570 1310 Vaticani
586 1296 1693 1310 ...............................................
1773 1267 1819 1314 34

206 1336 375 1373 Codices
394 1335 433 1370 in
452 1335 576 1381 primo
596 1332 794 1369 volumine
811 1331 1014 1378 descripti,
1033 1331 1100 1378 qui
1119 1331 1158 1366 in
1177 1331 1374 1377 praesenti
1391 1330 1626 1365 adhibentur
1639 1355 1649 1364 .
1663 1356 1672 1364 .
1687 1355 1698 1365 .
1776 1329 1821 1374 58

714 1430 999 1464 monumenta.
1023 1427 1196 1462 Italiae.

240 1524 273 1550 1.
330 1516 389 1549 De
414 1513 668 1549 renovatione
693 1517 875 1547 votorum
900 1509 1135 1556 simplicium
1155 1509 1475 1544 scholasticorum
1494 1508 1703 1544 Societatis

400 1574 495 1619 Jesu
518 1594 1576 1608 .............................................
1575 1586 1580 1592 -
1591 1593 1695 1603 .....
1776 1575 1821 1611 97

212 1678 383 1706 PATRUM
419 1675 653 1704 HIERONYMI
689 1673 887 1711 NATALIS,
924 1673 1095 1700 NICOLAI
1131 1672 1398 1699 BOBADJLLAE
1432 1672 1485 1698 ET
1521 1672 1706 1699 ALIORUM

283 1737 548 1765 MONUMENTA
592 1735 648 1762 AD
683 1733 843 1761 PRmAM
885 1732 1144 1760 GENERALEM
1185 1731 1576 1759 CONGREGATJONEM
1615 1731 1707 1758 spi-:-

286 1797 484 1825 CTANTIA.

241 1881 277 1906 2.
335 1872 476 1906 Votum
505 1869 630 1904 Patris
658 1868 884 1903 Bobadillae
907 1867 950 1905 jn
980 1868 1102 1902 altera
1128 1865 1433 1912 congregatione
1460 1866 1632 1906 Patrunu
1660 1864 1708 1900 de

404 1941 479 1965 non
497 1928 675 1964 adeundo
695 1928 733 1963 in
753 1927 994 1973 Hispaniam,
1015 1927 1176 1970 Rornae,
1199 1926 1406 1971 Apu-jun.
1430 1933 1517 1969 1557
1528 1950 1703 1960 ........
1782 1923 1827 1968 98

239 1991 279 2025 3.
336 1990 460 2025 Patris
480 1988 704 2024 Bobadillae
723 1999 850 2022 rerum
870 1985 1128 2030 gerendarum
1149 1985 1372 2020 memoriale
1382 2010 1701 2020 ..............
1762 1982 1827 2017 103

241 2061 280 2094 4.
338 2051 450 2085 Pater
470 2047 670 2083 Bobadilla
689 2046 943 2093 gubernatori
965 2047 1175 2081 lauretano.
1196 2045 1356 2087 Romae,
1379 2053 1420 2088 15
1441 2045 1544 2089 Aug.
1571 2052 1676 2088 1557.
1693 2072 1701 2079 .
1761 2051 1826 2085 101

242 2119 278 2154 5.
338 2107 535 2144 Michaelis
560 2106 736 2151 Gislerii,
754 2104 960 2141 cardinalis
980 2103 1251 2146 Alexandrini,
1272 2103 1596 2148 interrogationes
1620 2114 1708 2138 cum

408 2167 532 2202 Patris
551 2165 776 2203 Bobadillae
794 2163 1128 2210 responsionibus.
1150 2163 1310 2202 Romae,
1329 2171 1350 2206 7
1367 2161 1480 2208 Sept.
1509 2171 1596 2207 1557
1605 2188 1702 2197 .....
1765 2169 1831 2204 109

242 2228 282 2263 6.
339 2227 461 2262 Patris
481 2225 707 2260 Bobadillae
726 2223 946 2258 informatio
964 2221 1150 2257 cardinali
1170 2221 1435 2256 Alexandrino
1460 2220 1712 2267 probabiliter

408 2285 583 2321 exhibita
599 2308 964 2319 ................
968 2291 972 2303 ‘
982 2305 1705 2320 ...............................
1767 2287 1831 2313 ¹12

243 2356 282 2390 7.
340 2345 464 2380 Patris
483 2343 707 2379 Bobadillae
726 2342 995 2377 accusationes
1015 2341 1053 2376 in
1079 2340 1272 2384 Lainium‚
1298 2340 1506 2375 Polancum
1534 2345 1573 2374 et
1599 2339 1712 2373 Nata-

412 2406 486 2438 lem
507 2408 592 2449 post
613 2402 761 2438 litteras
780 2413 801 2436 a
826 2400 1058 2446 Cogordano
1077 2410 1227 2435 summo
1246 2399 1420 2445 pontifici
1439 2399 1548 2434 datas
1557 2423 1708 2434 .......
1769 2405 1832 2441 117

246 2464 283 2499 ὃ.
343 2464 453 2498 Plura
473 2463 521 2497 de
541 2461 678 2497 eodem
698 2460 858 2506 negotio
870 2483 1707 2495 ....................................
1766 2465 1832 2491 120

247 2534 284 2567 9.
342 2523 466 2558 Patris
495 2521 722 2556 Bobadillae
755 2519 792 2555 in
825 2519 1018 2563 Lainium‚
1047 2518 1224 2554 Natalem
1254 2524 1293 2553 et
1321 2519 1530 2553 Polancum
1557 2528 1712 2552 accusa·

413 2581 538 2616 tiones
554 2602 1708 2616 .................................................
1768 2583 1829 2609 121

231 2651 286 2676 io.
344 2641 479 2675 Patres
498 2639 670 2684 Lamias,
692 2639 882 2673 Polaticus
902 2644 978 2672 etc.
999 2636 1260 2672 cardinalibus
1274 2636 1446 2671 tranensi
1462 2642 1501 2670 et
1516 2646 1713 2670 reomano.

414 2700 558 2733 Romae
576 2699 678 2733 circa
695 2698 797 2733 diem
818 2707 863 2732 20
883 2698 960 2743 Jul.
982 2705 1070 2740 1557
1080 2720 1708 2732 ...........................
1767 2691 1834 2728 123

231 2768 286 2794 11.
346 2759 387 2796 Ρ.
410 2758 566 2793 Lainius
590 2758 705 2792 Paulo
727 2756 794 2802 IV,
814 2767 972 2791 romano
991 2754 1176 2801 pontifici.
1197 2755 1301 2800 Julio
1321 2753 1364 2800 (P)
1387 2762 1476 2798 1557
1486 2779 1708 2789 ..........
1769 2760 1832 2795 125

233 2829 287 2853 12.
347 2818 469 2852 Patris
490 2817 616 2851 Fulvii
638 2816 817 2851 Androtii
837 2815 1116 2850 testimonium.
1138 2815 1296 2860 Romae,
1322 2821 1358 2848 11
1383 2813 1490 2859 Sept.
1516 2821 1603 2856 1557
1609 2839 1707 2850 .....
1769 2811 1834 2845 126

233 2877 290 2912 13.
347 2877 470 2912 Patris
490 2875 639 2910 Natalis
665 2875 864 2921 responsio
889 2873 1202 2909 accusationibus
1230 2872 1354 2908 Patris
1380 2871 1618 2909 Bobadillae.
1646 2871 1717 2906 Ro-

419 2947 516 2978 mae,
537 2935 717 2979 Augusto
737 2932 782 2978 (P)
807 2942 892 2978 1557
917 2955 1710 2968 .................................
1772 2936 1834 2972 127

235 3004 290 3037 11.
349 2994 530 3039 Ejusdem
558 2992 757 3039 responsio
781 2993 828 3027 ad
853 2998 1096 3037 argumenta,
1116 2991 1256 3038 quibus
1279 2991 1320 3028 P.
1344 2989 1541 3025 Bobadilla
1561 2996 1718 3024 conten-
