2028 3426
671 193 1079 231 INSTRUCTIONEs-6
1086 200 1099 227 1
1583 198 1645 234 521

19 295 24 298 ¹
70 300 181 341 hora
203 297 289 341 alio
311 313 367 341 ne
390 303 626 348 vocentur3
653 297 762 339 haec
785 303 936 339 autem
961 297 1072 338 hora
1099 293 1164 336 sic
1193 292 1505 343 distribuatur,
1537 299 1586 334 vt
1613 296 1698 337 430

70 390 161 418 non
183 375 340 419 eadem
363 372 573 416 omnibus
594 373 666 415 vel
688 372 893 428 pluribus
914 371 1188 428 assignetur,
1212 376 1262 411 vt
1278 383 1378 412 esse
1395 383 1572 424 semper
1596 383 1696 424 pos-

69 451 174 504 sint,
200 450 276 506 qui
298 451 479 492 valeant
504 449 709 506 proximo
731 449 930 492 iuuando
953 463 1132 492 vacare.

158 527 566 571 Animaduertatur
587 542 645 569 ne
667 526 745 568 fiat
768 525 973 581 exceptio
995 525 1041 568 in
1064 524 1299 568 audiendis
1316 522 1693 575 confessionibus,

68 604 306 647 mulierum
330 603 482 659 potius
505 617 639 658 quam
658 602 873 655 virorum3
895 602 983 645 imo
1003 617 1110 646 vero
1128 602 1381 644 vacandum
1405 599 1555 655 potius
1578 606 1697 642 esset

67 680 175 722 viris
197 694 331 735 quam
354 679 562 723 foeminis
585 679 837 722 audiendis:
872 685 997 721 tanto
1027 678 1145 722 enim
1173 676 1314 719 maior
1340 675 1571 731 colligitur
1599 665 1696 716 fru-

68 764 184 808 ctus,
211 763 381 812 quanto
405 756 617 798 maiorem
639 755 701 796 illi
725 756 896 798 habent
913 755 1233 798 authoritatem
1256 752 1540 809 gubernandi
1564 752 1695 794 fami-

68 833 170 876 liam
193 848 336 885 suam;
370 840 566 887 suntque
594 832 735 887 pluris
764 831 974 884 faciendi,
1008 840 1144 886 atque
1171 830 1412 886 ampliores
1444 830 1613 872 habent
1651 836 1695 870 et

66 911 181 952 male
204 918 249 953 et
271 910 387 953 bene
418 908 608 951 faciendi
638 908 913 959 occasioneS,
945 916 989 951 et
1019 908 1308 967 difficilliores
1336 920 1433 950 esse
1464 906 1609 949 solent
1639 906 1694 947 ad

66 985 370 1029 deuotionem.

154 1061 431 1114 Adhibeant,
464 1069 554 1104 tam
583 1070 600 1086 ³
638 1061 900 1105 confessarii
940 1075 1114 1112 omnes,
1156 1075 1290 1115 quam
1328 1058 1688 1110 concionatores,

64 1152 216 1182 curam
246 1146 291 1182 et
318 1138 596 1194 diligentiam
629 1145 676 1180 vt
704 1153 781 1181 eas
814 1152 1044 1193 personas,
1087 1151 1199 1192 quas
1236 1135 1398 1192 spiritu
1436 1149 1488 1177 ac
1525 1134 1693 1191 pietate

66 1214 313 1269 profecisse
334 1214 560 1266 nouerint,
586 1215 658 1258 vel
682 1222 862 1270 sperent
887 1215 1085 1256 fructum
1115 1215 1328 1264 facturas,
1354 1219 1568 1255 moneant
1590 1212 1691 1253 hor-

65 1298 307 1346 tenturque
332 1300 378 1332 vt
401 1290 592 1347 quisque
614 1305 697 1334 suo
730 1291 881 1342 modo,
914 1299 963 1333 vt
991 1290 1161 1333 scilicet
1188 1289 1349 1332 melius
1377 1287 1540 1344 poterit
1565 1287 1690 1330 iuxta

64 1381 191 1409 suam
218 1368 493 1419 facultatem,
519 1366 629 1409 alios
651 1367 810 1410 iuuare
833 1374 960 1409 curet
981 1366 1024 1407 in
1058 1365 1271 1416 Domino,
1297 1371 1516 1419 quantum
1545 1365 1689 1406 hone-

66 1451 134 1486 ste
156 1443 254 1486 fieri
276 1443 440 1499 poterit
472 1450 608 1498 atque
640 1445 874 1495 decenter,
915 1443 1027 1486 citra
1064 1441 1293 1498 proprium
1323 1441 1595 1496 periculum;
1637 1455 1689 1482 ac

63 1527 189 1563 tanto
227 1525 298 1566 431
329 1520 475 1576 magis
509 1519 553 1562 id
581 1521 759 1564 efficere
788 1520 1082 1570 contendant,
1114 1520 1284 1573 quan'to
1321 1532 1423 1574 spes
1460 1517 1690 1572 amplioris

64 1596 241 1639 fructus
257 1596 446 1652 ,spiritus
468 1596 661 1648 affuerit,
687 1606 731 1639 et
754 1598 810 1640 de
833 1611 885 1640 ea
914 1610 1023 1638 cura
1045 1604 1089 1638 et
1121 1595 1369 1638 ministerio
1398 1596 1594 1636 referant
1632 1594 1687 1636 ad

61 1688 167 1716 suos
187 1673 507 1725 confessarios,
530 1673 604 1715 vbi
626 1674 916 1717 confitentur.

148 1749 423 1794 Confessarii
461 1765 683 1805 nusquam
712 1749 911 1793 mulieris
949 1749 1140 1792 alicuius
1173 1756 1299 1791 extra
1335 1748 1569 1791 ecclesiam
1602 1762 1687 1790 no·

59 1833 196 1869 stram
219 1834 507 1882 peccatorum
536 1827 720 1869 audiant
749 1826 1094 1877 confessionem,
1125 1825 1211 1868 nisi
1242 1826 1289 1867 in
1318 1824 1496 1880 propria
1528 1825 1682 1877 domo,

58 1911 103 1947 et
125 1903 303 1958 quidem
329 1911 511 1959 propter
534 1903 858 1955 infirmitatem,
878 1903 940 1945 ita
958 1910 1108 1945 tamen
1125 1910 1190 1955 vt,
1211 1901 1591 1956 quemadmodum
1616 1916 1687 1943 re-

58 1981 166 2035 gula
188 1979 466 2035 praescribit,
487 1980 627 2035 possit
650 1995 674 2021 a
691 1980 814 2022 socio
838 1980 966 2023 facile
988 1979 1144 2023 videri.
1173 1978 1416 2022 Memoriae
1439 1977 1558 2020 enim
1581 1992 1686 2033 pro-

57 2055 201 2097 ditum
225 2063 292 2098 est
315 2057 368 2098 R.
397 2057 453 2098 P.
486 2057 545 2100 N.
575 2063 758 2098 sanctae
787 2055 1111 2098 recordationis
1141 2054 1367 2110 Ignatium
1401 2054 1582 2096 cuidam
1617 2069 1686 2096 sa-

57 2132 228 2176 cerdoti
264 2132 532 2188 imposuisse
569 2132 907 2188 poenitentiam,
949 2139 997 2174 vt
1035 2139 1160 2174 tanto
1197 2146 1247 2175 se
1284 2130 1496 2186 temporis
1534 2131 1685 2187 spacio

55 2209 247 2265 flagellis
269 2210 493 2261 caederet,
526 2216 695 2264 quanto
725 2209 840 2252 alius
867 2209 1037 2252 diceret
1066 2210 1288 2265 psalmum
1322 2208 1564 2251 «Miserere
1598 2207 1686 2250 mei

56 2286 209 2330 Deus»
236 2286 417 2342 septies,
443 2300 546 2328 cum
569 2286 607 2328 is
629 2286 740 2328 citra
768 2287 908 2329 Vllum
936 2287 1218 2336 scandalum,
1254 2300 1306 2328 ac
1337 2299 1503 2340 magna
1535 2284 1685 2339 potius

56 2377 158 2405 cum
182 2362 494 2407 aedificatione
515 2363 654 2406 semel
677 2362 876 2405 mulieris
899 2363 1135 2406 cuiusdam
1159 2377 1213 2405 eo
1236 2363 1280 2404 in
1305 2363 1404 2404 loco
1434 2360 1684 2403 confessio—

56 2454 159 2482 nem
181 2439 381 2482 audisset
403 2439 520 2483 inter
541 2439 744 2494 priuatos
766 2440 975 2495 parietes,
1002 2440 1077 2482 vbi
1100 2455 1125 2482 a
1147 2439 1272 2482 socio
1298 2438 1440 2481 videri
1468 2452 1557 2479 non
1588 2443 1683 2491 pot-

53 2523 166 2568 erat,
193 2530 282 2571 quo
304 2517 424 2558 facto
446 2515 555 2558 satis
577 2516 773 2559 ostendit
795 2517 1172 2572 prudentissimus
1198 2519 1332 2558 Pater
1360 2529 1493 2569 quam
1524 2520 1683 2556 exacte

55 2594 112 2636 ad
133 2593 396 2649 effugienda
417 2593 620 2649 pericula
642 2595 713 2636 lex
736 2596 847 2636 haec
871 2593 1043 2637 seruari
1065 2595 1243 2637 debeat.

140 2675 225 2716 432
263 2671 352 2714 Vbi
390 2685 523 2713 casus
562 2679 822 2715 reseruatus
859 2672 915 2713 de
952 2671 1156 2722 consilio,
1199 2685 1289 2712 non
1328 2671 1383 2712 de
1420 2674 1676 2724 praecepto,

54 2754 315 2791 occurreret
336 2747 627 2800 confessario,
653 2748 690 2790 si
714 2747 844 2790 facile
867 2747 1115 2803 poenitenti
1137 2745 1397 2802 persuaderi
1415 2759 1505 2786 non
1526 2749 1680 2798 posset

51 2831 102 2865 vt
118 2824 335 2880 superiori
351 2824 396 2866 id
413 2832 673 2880 exponeret,
695 2832 815 2868 esset
833 2832 986 2867 tamen
1004 2824 1112 2867 alias
1130 2825 1246 2867 bene
1264 2821 1525 2877 dispositus,
1547 2820 1678 2862 abso-

123 3002 140 3019 ει
189 2994 275 3026 tum
296 3002 366 3026 ms.
