2028 3426
330 246 400 283 388
726 263 729 266 -
803 245 958 280 Purus
984 243 1227 278 Hissnonnn
1254 241 1405 277 NADAL

286 349 426 392 minet
444 348 614 392 zizania
632 348 704 392 vel
721 347 776 392 56
795 344 1063 389 contrariam
1081 342 1289 387 instituto
1300 350 1458 385 nostro
1476 341 1742 386 doctrinam.
1765 340 1923 384 lniun—
1962 339 1985 383 ’.ί
2022 350 2024 375 i

286 433 420 483 gatur
440 426 581 483 igitur
603 425 680 476 illi,
707 425 743 467 si
772 431 974 479 apertum
1005 420 1253 477 periculum
1278 419 1506 471 timeatur,
1537 419 1584 461 in
1613 418 1781 461 virtute
1813 431 1918 461 san-

287 511 388 547 ctae
412 502 687 553 obedientie,
714 501 759 543 id
782 508 865 550 est,
891 500 976 542 sub
999 512 1145 554 poena
1166 497 1342 553 peccati
1364 495 1581 548 mortalis,
1601 511 1658 540 ne
1674 495 1751 538 vlli
1772 494 1923 547 horni-
1976 511 1978 513 ·
2023 495 2025 498 ’

287 596 412 632 num,
439 579 669 636 superiore
698 588 741 621 et
772 575 1051 619 confessario
1083 574 1300 630 exceptis,
1332 588 1385 616 ea
1414 574 1472 616 de
1499 589 1549 617 re
1572 574 1799 628 loquatur:
1830 574 1918 615 hoc
1959 611 1965 620 ,,

288 658 364 713 qui
388 658 557 700 nollent
582 657 840 704 obseruare,
868 653 1094 708 pellantur
1116 667 1141 695 e
1163 652 1313 703 domo,
1341 659 1476 707 atque
1493 651 1549 694 ad
1567 650 1827 707 generalem
1846 649 1918 692 vel

287 735 332 777 in
350 733 759 791 peregrinationem
783 739 798 755 ³
823 730 1074 772 mittantur.
1097 728 1279 772 Nemini
1298 742 1404 772 vero
1424 727 1630 771 videatur
1655 726 1834 779 mirum,
1860 726 1914 778 si,

288 811 334 854 in
357 811 585 867 praedicta
610 823 758 852 rerum
789 807 1056 857 dificultate,
1088 805 1298 848 iubeatur
1326 805 1372 847 in
1400 804 1570 848 virtute
1597 811 1781 848 sanctae
1809 804 1920 846 obe--

288 888 498 931 dientiae:
527 901 627 929 nain
653 885 784 929 facile
807 883 957 939 quiuis
979 883 1197 926 iudicabit
1227 882 1488 926 huiusmodi
1511 881 1763 925 doctrinam
1786 879 1919 925 semi—

291 965 385 1007 nari
408 979 498 1006 non
524 977 652 1019 posse
675 962 787 1005 citra
815 961 1002 1003 mortale
1024 967 1280 1017 peccatum,
1313 966 1358 1002 et
1388 958 1658 1016 grauissime
1689 959 1833 1003 lesum
1868 957 1922 1000 iri
2026 955 2028 958 ’

291 1040 711 1097 congregationem,
738 1038 823 1080 nisi
847 1038 957 1080 illud
981 1036 1311 1081 districtissime
1333 1036 1645 1081 interdicatur.

383 1116 708 1170 Prouinciales,
740 1129 844 1158 cum
874 1115 938 1158 eis
966 1114 1209 1166 videbitur,
1235 1120 1450 1170 poterunt
1479 1113 1778 1170 poenitentias
1816 1113 1926 1156 dare>

292 1194 560 1246 rectoribus,
595 1200 791 1237 rectores
824 1192 1055 1244 ministris,
1081 1191 1216 1236 etiam
1244 1192 1289 1234 in
1328 1191 1582 1244 refectori03
1614 1191 1695 1234 sed
1726 1191 1805 1234 fiat
1835 1191 1927 1233 hoc

293 1287 397 1316 cum
438 1270 749 1315 aedificatione
786 1277 830 1314 et
870 1271 1020 1312 fructu
1059 1277 1104 1312 et
1142 1268 1528 1323 consideratione,
1569 1275 1618 1310 vt
1655 1268 1775 1324 apud
1813 1266 1930 1311 alios

293 1364 448 1393 eorum
473 1347 741 1398 authoritas,
768 1347 917 1402 quoad
940 1345 1120 1402 poterit,
1147 1353 1459 1390 conseruetur.
1936 1395 1941 1401 ι

383 1426 581 1481 Quando
605 1424 893 1480 contingeret
916 1423 962 1466 in
991 1423 1141 1479 aliquo
1171 1422 1368 1479 collegio
1405 1422 1461 1466 57
1494 1421 1754 1478 prouinciae
1787 1436 1924 1477 supe·

295 1504 458 1547 riorem
483 1509 736 1558 aegrotare,
762 1501 824 1544 ita
846 1511 893 1543 vt
911 1515 1004 1544 non
1024 1500 1165 1556 possit
1183 1500 1444 1544 satisfacere
1462 1499 1610 1542 officio
1628 1498 1924 1556 gubernatio-

296 1580 382 1631 nis,
407 1580 478 1623 vel
503 1578 589 1621 alia
611 1578 859 1622 necessitas
883 1577 1121 1621 obueniret
1150 1576 1361 1633 collegio,
1388 1591 1504 1632 quae
1533 1576 1765 1620 videretur
1787 1590 1931 1633 egere

295 1656 524 1713 presentia
545 1654 850 1711 prouincialis3
877 1654 974 1698 aliis
997 1654 1182 1707 relictis,
1207 1654 1244 1697 si
1284 1661 1435 1698 tamen
1467 1653 1682 1710 grauiora
1710 1667 1801 1696 non
1826 1653 1902 1697 fue
1918 1678 1928 1685 -

297 1734 401 1787 rint,
427 1734 562 1777 debet
585 1746 634 1775 se
658 1731 947 1787 prouincialis
971 1733 1029 1774 ad
1053 1731 1163 1774 illud
1191 1732 1435 1789 collegium
1468 1733 1688 1776 conferre.
1720 1731 1769 1773 Id
1802 1730 1924 1773 enim

297 1810 437 1866 exigit
461 1809 574 1853 ratio
597 1809 732 1852 officii
755 1808 842 1852 sui.

386 1887 433 1932 Si
455 1886 579 1942 quid,
606 1894 709 1942 post
739 1885 1041 1930 visitationem
1079 1886 1390 1938 commissarii,
1416 1886 1538 1929 dicat
1575 1885 1676 1941 quis
1713 1886 1785 1928 vel
1822 1898 1926 1941 pro·

300 1963 480 2007 uinciali
503 1964 574 2007 vel
597 1963 777 2016 rectori,
804 1963 984 2007 nomine
1007 1964 1320 2016 commissarii,
1346 1963 1391 2006 id
1415 1979 1504 2007 non
1524 1962 1746 2006 obtinebit
1765 1962 1926 2005 autho-

304 2041 499 2094 ritatem,
526 2040 611 2083 nisi
632 2040 678 2082 in
707 2040 760 2083 iis
792 2041 985 2097 scriptis,
1012 2055 1128 2097 quae
1160 2041 1392 2097 reliquerit
1423 2040 1773 2094 commissarius,
1799 2053 1930 2096 repe-
1964 2038 1990 2043 ”

302 2117 461 2160 riatur.
497 2117 622 2159 Nihil
653 2116 772 2160 enim
811 2118 958 2161 solent
990 2118 1054 2160 illi
1087 2118 1410 2175 praescribere,
1436 2117 1544 2173 quin
1577 2116 1792 2160 s:ribant.
1833 2116 1931 2160 Suo
1987 2101 1998 2153 ἰ

304 2195 444 2251 igitur
467 2194 633 2237 iudicio
656 2194 763 2236 illud
790 2194 972 2248 facient,
998 2197 1070 2240 vel
1099 2196 1310 2239 omittent
1343 2194 1644 2252 prouinciales
1682 2195 1754 2238 vel
1785 2202 1934 2237 recto·

304 2286 391 2322 res,
419 2278 462 2313 et
486 2278 634 2313 tamen
660 2271 823 2313 facient
847 2271 1082 2315 certiorem
1107 2273 1463 2315 commissarium
1493 2286 1547 2316 ea
1571 2273 1627 2314 de
1665 2287 1727 2315 re.
1765 2270 1932 2315 Simili·
1985 2257 1999 2310 ζ’

304 2357 372 2392 ter
398 2349 473 2390 fiet
496 2348 533 2391 si
555 2347 662 2403 quid
686 2348 785 2402 quis
807 2348 976 2392 diceret
998 2349 1165 2393 dixisse
1187 2349 1526 2406 prouincialem.
1988 2332 1990 2335 .

394 2424 689 2468 Prouincialis
712 2425 772 2467 ita
795 2433 1037 2477 rectorum,
1064 2441 1176 2482 quos
1209 2427 1465 2471 immediate
1494 2426 1580 2469 sibi
1603 2426 1833 2469 subiectos
1854 2427 1936 2469 ha·
1979 2411 2000 2482 [τῖ

304 2503 396 2552 bet,
430 2501 716 2557 praecipuam
746 2516 899 2544 curam
932 2510 1077 2558 gerat,
1111 2511 1158 2545 vt
1187 2504 1462 2559 reliquorum
1493 2503 1671 2547 interim
1704 2511 1748 2546 et
1778 2516 1936 2546 eorum.
1986 2498 1999 2514 '

304 2578 584 2635 praesertim,
605 2577 662 2621 58
683 2577 759 2633 qui
777 2579 998 2633 primariis
1022 2581 1278 2636 funguntur
1302 2580 1474 2632 officiis,
1502 2595 1657 2623 curam
1675 2595 1766 2622 non
1785 2579 1933 2636 negli-
1978 2574 1998 2643 ,ἶ

308 2663 403 2712 gat,
430 2669 481 2698 ac
505 2670 563 2699 ne
586 2654 865 2711 priuatorum
891 2656 1086 2710 quidem.
1116 2657 1333 2700 Omnium
1357 2657 1477 2703 enim
1502 2665 1571 2702 est
1593 2657 1655 2700 illi
1677 2671 1786 2700 cura
1807 2669 1932 2700 com-

309 2733 445 2775 missa
469 2746 552 2775 suo
585 2732 745 2788 gradu,
772 2746 854 2774 suo
887 2732 1059 2776 ordine.
1097 2734 1424 2790 Circunspecte
1457 2749 1565 2778 vero
1598 2735 1809 2778 obseruet
1839 2747 1938 2785 eos,
1982 2731 1999 2782 ,ζ’

307 2823 419 2864 quos
437 2809 480 2851 in
501 2808 728 2853 Societate
746 2808 856 2852 sciet
881 2823 980 2852 esse
1003 2810 1296 2865 antiquiores,
1317 2820 1362 2854 et
1378 2810 1572 2865 curabit,
1593 2818 1641 2853 vt
1658 2809 1934 2866 intelligant,

306 2901 354 2929 se
375 2886 566 2930 libenter
589 2885 765 2928 illorum
789 2886 904 2929 velle
927 2900 1062 2942 opera
1085 2896 1130 2930 et
1153 2888 1341 2931 consilio
1366 2889 1445 2940 vti,
1471 2889 1606 2943 idque
1632 2903 1677 2931 re
1712 2887 1807 2943 ipsa
1837 2900 1941 2943 per·

378 3063 393 3079 a
442 3052 809 3100 perigrinationem
827 3053 889 3089 hic
909 3059 949 3088 et
973 3053 1070 3088 infra
1092 3065 1162 3089 ms.
