2028 3426
296 213 368 250 286
772 215 927 251 PA‘rms
954 215 1197 249 H1ERONYM¹
1224 214 1375 250 NADAL

242 318 512 370 efficiamus,
539 324 584 360 et
607 318 651 360 in
676 311 831 360 litibus
853 317 1065 360 ineundis
1082 323 1291 361 seruetur
1308 317 1542 361 decretum
1561 317 1887 376 congregatio-

245 394 318 438 nis
340 394 570 451 generalis
598 396 625 437 ¹.

334 473 483 516 Debet
507 471 796 527 prouincialis
820 472 875 514 ad
899 474 984 514 hoc
1008 478 1215 527 spectare
1239 471 1346 527 quid
1369 479 1438 514 est
1456 471 1584 516 iuxta
1602 472 1881 526 institutum,

246 556 298 591 ut
331 548 680 592 confraternitas
710 548 941 590 charitatis
971 548 1135 591 habeat
1165 548 1380 591 sacellum
1409 548 1608 604 aliquod,
1639 556 1685 593 et
1712 550 1880 602 locum,

243 625 292 667 in
318 640 408 680 quo
432 624 706 668 conueniant
729 625 772 666 in
798 625 891 667 suis
913 623 1367 681 congregationibus,
1394 640 1452 670 ne
1479 640 1700 682 cogamur
1723 641 1806 670 nos
1835 628 1882 670 id

245 710 474 758 praestare
499 702 544 743 in
577 709 731 744 nostro
765 702 972 757 collegio.
1011 704 1272 754 Caeterum,
1310 710 1360 744 ut
1392 703 1740 747 confraternitas
1769 719 1884 747 con-

242 779 415 823 seruari
438 778 593 835 possit,
624 778 851 822 uideretur
880 779 1157 832 consultum,
1194 785 1243 821 ut
1275 786 1538 835 peterentur
1570 779 1882 837 indulgentiae

240 855 420 910 aliquae
450 871 473 898 a
503 870 678 898 summo
707 855 935 910 pontifice3
969 862 1218 911 praeterea,
1251 864 1301 899 ut
1330 857 1697 901 examinarentur
1725 872 1881 901 eorum

242 932 458 988 capitula,
485 939 529 974 et
552 933 916 975 reformarentur.
944 933 993 974 In
1017 947 1106 988 qua
1127 933 1444 977 reformatione
1467 934 1524 976 ad
1547 935 1633 977 hoc
1651 941 1882 990 spectare-

244 1016 317 1050 tur
341 1009 598 1065 praecipue,
621 1016 669 1050 ut
692 1000 842 1063 aliqua
864 1008 936 1065 pia
955 1009 1235 1066 obligatione
1254 1011 1328 1052 uel
1349 1010 1570 1067 spirituali
1593 1011 1755 1055 fierent
1773 1025 1879 1054 con-

243 1087 405 1128 fratres
435 1086 579 1141 magis
602 1085 788 1128 animati
816 1093 861 1129 et
883 1094 1145 1131 constantes
1167 1087 1224 1130 ad
1252 1102 1389 1144 opera
1410 1087 1496 1132 ista
1517 1088 1771 1132 charitatis.
1804 1089 1879 1132 In-

241 1162 370 1206 terim
395 1163 488 1214 fiat,
515 1170 563 1205 ut
587 1163 653 1216 fit,
685 1164 832 1206 donec
860 1163 1152 1219 prouincialis
1173 1164 1342 1208 scribat
1370 1166 1577 1217 Romam,
1608 1173 1655 1209 et
1683 1165 1879 1222 accipiat

242 1254 565 1295 responsum...

331 1318 379 1359 In
409 1316 639 1361 mittendis
673 1317 888 1361 fratribus
921 1319 976 1361 ab
1012 1333 1102 1362 uno
1137 1319 1330 1375 collegio
1363 1320 1419 1362 ad
1457 1318 1596 1372 aliud,
1636 1326 1877 1363 seruentur

234 1407 356 1447 quae
379 1394 668 1450 praescripsit
693 1397 828 1439 Pater
850 1396 1079 1451 generalis
1100 1396 1157 1440 de
1175 1396 1468 1440 missionibus
1484 1403 1530 1439 et
1547 1395 1876 1453 peregrinatio-

237 1470 388 1523 nibus,
416 1478 461 1513 et
483 1472 674 1514 addatur
697 1472 935 1516 instructio
960 1475 1010 1516 Ρ.
1040 1473 1213 1517 Natalis
1236 1473 1308 1518 ²...

328 1547 377 1588 In
404 1548 680 1592 recreatione
704 1548 893 1605 quilibet
914 1557 1065 1605 potest
1088 1564 1188 1594 esse
1211 1564 1314 1593 cum
1337 1551 1433 1593 solo
1462 1550 1739 1594 confessario
1769 1565 1872 1603 suo,

238 1625 391 1677 modo,
417 1626 596 1681 expleto
621 1625 830 1682 negocio,
855 1627 1044 1670 redeant
1066 1627 1122 1670 ad
1151 1626 1547 1671 conuersationem
1580 1627 1870 1672 ordinariam.

323 1702 488 1744 Nullus
510 1703 815 1747 confessarius
838 1703 1062 1746 eximatur
1085 1704 1193 1760 quin
1217 1705 1380 1748 debeat
1403 1705 1562 1748 adesse
1585 1703 1870 1748 recreationi.

326 1778 635 1834 Dispensabit,
662 1788 797 1835 prout
820 1780 882 1822 illi
905 1780 1149 1834 uidebitur,
1175 1789 1339 1834 rector,
1366 1796 1422 1824 ne
1440 1795 1597 1824 omnes
1615 1781 1679 1825 ire
1696 1795 1869 1837 cogan-

234 1862 310 1897 tur
333 1856 389 1897 ad
414 1870 640 1912 vesperas,
666 1858 802 1900 modo
826 1857 902 1900 illo
927 1865 1127 1913 tempore
1149 1859 1347 1902 habeant
1369 1858 1509 1901 serias
1531 1857 1868 1914 occupationes.

324 1932 486 1975 Videat
509 1933 801 1988 prouincialis
823 1949 879 1977 an
903 1934 1046 1990 possit
1069 1935 1219 1979 facere
1241 1934 1559 1991 compendium
1584 1935 1744 1979 melius
1773 1934 1872 1978 eius

226 2009 459 2065 stipendii,
486 2011 607 2066 quod
630 2012 763 2054 datur
787 2012 977 2064 medico,
1004 2011 1154 2067 aliqua
1177 2012 1406 2056 ratione...

321 2086 368 2129 Si
391 2087 680 2130 refectorium
704 2103 796 2131 non
819 2089 997 2132 calefiat
1020 2088 1067 2131 in
1090 2090 1269 2145 hyeme,
1296 2103 1353 2132 ne
1376 2089 1488 2131 fiant
1511 2088 1573 2131 ibi
1598 2096 1706 2132 tunc
1735 2088 1872 2132 disci—

231 2162 378 2217 plinae
402 2164 629 2216 solennes,
657 2179 773 2220 quae
796 2165 892 2209 fieri
915 2167 1062 2209 solent
1085 2181 1140 2210 ex
1163 2166 1424 2218 deuotione,
1451 2166 1531 2210 sed
1556 2166 1706 2222 potius
1729 2165 1774 2208 in
1798 2165 1871 2208 hi-

229 2247 451 2294 pocausto
475 2255 657 2297 magno.
1692 2243 1694 2247 ’

319 2316 436 2358 Cum
461 2318 690 2361 habentur
712 2320 1068 2372 exhortationes,
1094 2327 1140 2364 et
1162 2320 1332 2376 aliquid
1356 2321 1472 2365 inter
1496 2321 1658 2364 fratres
1690 2319 1870 2364 uidetur

224 2391 419 2448 dignum
444 2396 777 2448 emendatione,
805 2397 1090 2440 commodius
1115 2397 1297 2442 uidetur
1325 2397 1361 2440 si
1395 2413 1487 2441 non
1518 2397 1769 2454 attingatur
1798 2412 1870 2442 res

229 2469 327 2524 ipsa
350 2478 520 2525 aperte,
547 2472 625 2515 sed
650 2472 800 2527 potius
825 2473 983 2516 uitium
1008 2474 1081 2518 uel
1111 2473 1408 2530 imperfectio,
1444 2475 1562 2518 unde
1590 2474 1701 2517 illud
1729 2474 1868 2530 profi-

225 2545 431 2599 ciscitur,
465 2555 559 2590 tum
592 2549 735 2592 virtus
764 2551 1066 2606 praedicetur,
1091 2558 1199 2603 etc.,
1232 2566 1348 2606 quae
1379 2551 1581 2595 subsidio
1604 2550 1746 2608 possit
1767 2565 1868 2595 esse

226 2623 284 2665 ad
308 2622 351 2664 id
371 2625 719 2669 emendandum.
744 2628 845 2670 Hoc
869 2627 1141 2684 intelligitur
1159 2634 1208 2670 ut
1231 2627 1493 2684 plurimum,
1515 2643 1621 2677 nam
1642 2627 1739 2672 fieri
1763 2634 1865 2684 pot-

227 2699 313 2741 erit
347 2708 396 2741 ut
429 2701 485 2742 sit
525 2715 764 2746 necessum
803 2704 955 2760 aliqua
983 2704 1211 2761 attingere
1243 2704 1289 2746 in
1318 2705 1595 2760 particulari,
1631 2705 1753 2760 quod
1781 2703 1866 2747 erit

222 2775 363 2818 situm
387 2776 431 2818 in
455 2777 622 2821 iudicio
638 2779 935 2834 prouincialis
959 2789 1020 2834 et,
1046 2795 1102 2823 ex
1125 2781 1222 2825 eius
1245 2780 1579 2833 commissione,
1602 2779 1804 2824 rectoris.

316 2853 407 2907 Qui
433 2869 522 2895 non
546 2864 743 2910 surgunt
767 2856 909 2911 prima
933 2858 1044 2900 hora
1068 2857 1248 2913 (quibus
1272 2873 1364 2901 non
1383 2859 1676 2910 concedatur,
1705 2856 1787 2900 nisi
1805 2857 1863 2900 sit

299 2965 306 2983 ¹
361 2965 572 3000 Decretum
592 2966 743 3002 scilicet
761 2976 821 3013 55,
842 2977 914 3005 λᾶε
933 2969 1249 3014 congregationis
1266 2968 1477 3015 generalis,
1497 2979 1582 3004 can.
1603 2968 1661 3003 26.

295 3026 308 3042 ²
362 3023 440 3058 Has
462 3023 550 3058 vide
571 3024 684 3071 infra,
706 3026 805 3061 inter
825 3027 974 3062 Natalis
995 3028 1288 3065 instructiones,
