2028 3426
353 211 423 248 368
827 217 982 253 Parius
1010 218 1256 254 annonym
1283 217 1434 254 NADAL

304 314 423 357 enirn
462 315 771 373 intelligentur
809 318 1113 372 difficultates,
1154 319 1315 372 dubia,
1356 320 1667 374 necessitates,
1698 321 1943 376 vtilitates,

304 406 421 446 quae
452 394 508 436 ad
531 402 829 450 augmentum
853 395 1047 439 attinent
1070 402 1115 440 et
1138 396 1165 441 9
1186 396 1513 453 perfectionem
1536 397 1735 455 collegii,
1761 406 1946 455 praeter
1986 426 2005 461 7¹-

303 483 372 520 ea,
397 483 514 525 quae
537 471 871 514 commissarius
893 472 1155 516 obseruabit
1178 480 1314 530 atque
1337 474 1686 519 animaduertet.

393 547 435 589 A
460 547 677 603 magistro
700 548 990 601 nouitiorum,
1016 549 1052 592 si
1078 549 1214 594 fuerit
1236 550 1282 593 in
1311 551 1522 608 collegio,
1553 551 1723 596 similes
1750 552 1938 606 indices,
1990 563 2007 609 ζ

303 624 462 677 quales
489 624 684 667 diximus
714 625 966 681 exigendos
998 641 1023 669 a
1053 634 1245 679 rectore,
1278 627 1521 684 exigentur
1542 629 1599 672 de
1621 629 1716 672 suis
1738 629 1939 673 nouitiis.

303 700 416 742 Illud
440 701 562 753 item,
590 703 696 757 quid
720 703 946 748 desideret
975 704 1071 760 ipse
1100 704 1145 747 in
1175 705 1310 748 domo
1339 705 1633 759 nouitiorum,
1660 707 1697 750 si
1725 706 1833 763 quid
1863 709 1941 752 ha·

303 777 407 820 beat
435 777 730 833 difficultatis,
761 780 798 823 si
827 780 935 835 quid
964 781 1105 834 dubii,
1139 781 1176 824 si
1204 782 1313 837 quid
1341 783 1629 827 necessitatis
1657 783 1870 840 patiatur,
1906 784 1944 829 si
2010 818 2014 822 .

302 854 409 909 quid
438 856 657 909 Vtilitatis,
693 859 764 900 vel
791 857 962 901 ordinis
992 859 1190 903 melioris
1217 859 1458 905 desideret.
1495 859 1710 905 Similiter
1739 861 1895 918 exiget
1921 877 1947 906 a
1994 854 2010 898 ‘2

301 933 526 986 praefecto
549 934 864 977 conuictorum
888 936 960 979 vel
983 943 1189 992 regente,
1214 936 1251 979 si
1274 937 1461 980 domum
1485 939 1685 981 habeant
1707 938 1943 983 conuicto-
1990 998 1992 1001 Ι

305 1024 402 1051 rum
427 1011 790 1066 gubernandam.

391 1087 555 1144 Exiget
577 1096 808 1144 praeterea
830 1104 856 1132 a
879 1097 1053 1134 rectore
1076 1090 1441 1134 informationem
1463 1091 1645 1147 quidem
1675 1092 1940 1140 historicam
1990 1104 2000 1142 ξ
2027 1094 2028 1131 l

301 1165 387 1206 sub
409 1165 677 1221 compendio
696 1166 751 1209 de
775 1166 1042 1210 fundatione
1064 1175 1110 1210 et
1132 1182 1378 1224 progressu
1402 1168 1600 1225 collegii,
1621 1176 1682 1223 et,
1704 1169 1741 1213 si
1760 1169 1943 1225 quidem

303 1240 423 1284 illam
448 1243 672 1285 dederunt
694 1243 782 1286 iam
805 1251 926 1296 ante,
948 1244 1056 1287 satis
1073 1244 1157 1288 erit
1175 1244 1212 1288 si
1229 1252 1334 1301 post
1350 1245 1461 1288 illud
1480 1253 1675 1302 tempUS‚
1698 1261 1788 1302 quo
1807 1248 1943 1291 deue-

302 1318 368 1360 nit
396 1318 469 1362 illa
493 1319 704 1372 narratio,
736 1320 936 1364 scribant
968 1321 1202 1365 historiam
1230 1322 1464 1378 sequentis
1496 1323 1709 1380 temporis
1740 1331 1802 1376 et,
1837 1339 1940 1368 cum

299 1395 518 1451 superiori
541 1397 846 1450 coniunctam,
867 1399 976 1441 dent
999 1398 1321 1442 commissario.
1349 1399 1397 1444 Si
1416 1414 1523 1443 vero
1541 1401 1711 1443 nullam
1731 1401 1940 1445 dederint
1995 1395 1998 1401 ¹

300 1479 432 1515 antea
454 1473 836 1529 informationem,
862 1475 1094 1518 curabitur
1117 1476 1274 1518 haberi
1298 1475 1342 1521 ΙΟ
1366 1476 1593 1533 integram
1617 1493 1642 1520 a
1674 1477 1942 1523 fundatione
1996 1475 2007 1489 ²

301 1564 446 1605 Vsque
468 1551 666 1608 collegii.

389 1627 601 1684 Accipiat
619 1637 853 1686 praeterea
876 1645 902 1673 a
925 1639 1104 1674 rectore
1122 1631 1317 1675 indicem
1336 1631 1585 1686 redituum,
1606 1632 1680 1676 vel
1696 1634 1941 1685 bonorum,
2000 1676 2006 1694 μ’

299 1705 371 1749 vel
395 1706 723 1750 ordinariarum
747 1708 1154 1764 eleemosynarum,
1181 1724 1237 1753 ex
1259 1709 1441 1765 quibus,
1467 1710 1540 1754 vel
1562 1709 1609 1752 in
1632 1709 1843 1766 collegio,
1869 1709 1943 1752 vel

299 1781 344 1824 in
372 1783 508 1826 domo
530 1783 716 1827 viuitur.

385 1860 629 1917 Intelligat,
644 1862 681 1904 si
700 1876 835 1917 quam
853 1862 977 1906 litem
997 1864 1221 1908 forensem
1241 1863 1432 1920 agitent,
1449 1865 1522 1908 vel
1534 1863 1718 1907 omnino
1736 1863 1936 1919 aliquam

297 1937 701 1983 contradictionem
729 1941 799 1984 vel
831 1940 1191 1996 persecutionem
1221 1941 1418 1997 patiatur
1446 1941 1714 1995 collegium,
1753 1941 1825 1984 vel
1855 1941 1941 1984 do-
2006 1951 2013 1983 ’,

297 2028 413 2067 mus,
438 2015 510 2057 vel
533 2015 695 2070 aliquis
717 2030 773 2059 ex
795 2017 1073 2070 domesticis,
1095 2019 1167 2060 vel
1189 2018 1373 2061 omnino
1396 2017 1602 2062 Societas
1620 2017 1665 2060 in
1684 2032 1738 2061 eo
1757 2019 1875 2071 loco,
1896 2025 1943 2062 et

295 2089 332 2131 si
357 2090 465 2146 quid
489 2092 651 2134 horum
675 2094 935 2148 habuerint,
961 2096 1034 2139 vel
1056 2094 1334 2150 impendeat.

384 2167 548 2224 Exigat
571 2185 595 2212 a
620 2177 793 2214 rectore
815 2171 1010 2215 indicem
1029 2186 1202 2225 eorum,
1234 2171 1310 2228 qui
1340 2179 1442 2228 post
1475 2172 1679 2216 vltimam
1708 2171 1940 2216 visitatio-

259 2296 263 2305 ·
295 2258 396 2287 nem
420 2253 526 2287 sunt
550 2247 731 2299 mortui,
757 2247 946 2300 dimissi,
971 2249 1044 2291 vel
1067 2248 1277 2292 abierunt
1300 2248 1476 2292 iniussi.

382 2322 491 2364 Item
511 2322 715 2366 ordinem
734 2324 1037 2368 distinctionis
1055 2327 1267 2368 horarum
1285 2333 1330 2370 et
1350 2326 1640 2379 ferculorum,
1655 2339 1772 2382 quae
1791 2327 1940 2370 solent

294 2410 476 2442 mensae
499 2399 662 2454 apponi
685 2400 860 2453 diebus,
887 2402 1052 2457 quibus
1080 2410 1149 2445 est
1178 2417 1286 2445 vsus
1314 2402 1534 2455 carnium,
1566 2410 1611 2446 et
1642 2403 1808 2458 quibus
1843 2417 1935 2446 non

290 2481 375 2528 est,
401 2482 447 2519 et
468 2475 537 2527 iis,
563 2476 660 2519 siue
684 2477 901 2521 ieiunium
923 2480 997 2531 sit,
1022 2480 1095 2522 vel
1117 2479 1406 2532 abstinentia,
1433 2479 1530 2523 siue
1553 2494 1642 2523 non
1667 2479 1740 2523 sit.

384 2553 516 2594 Petat
537 2552 622 2595 sibi
645 2554 739 2595 dari
763 2556 1025 2612 catalogum
1051 2555 1076 2601 ΙΙ
1101 2556 1485 2601 consuetudinum
1509 2555 1864 2612 particularium,
1899 2556 1938 2600 si

292 2643 405 2683 quas
434 2630 605 2674 habent
634 2629 678 2672 in
707 2632 915 2687 collegio,
947 2641 992 2676 et
1020 2633 1163 2690 possit
1186 2648 1436 2690 agnoscere
1466 2642 1632 2678 rector.
1668 2635 1766 2676 Has
1798 2633 1938 2678 etiam

291 2705 387 2761 ipse
409 2705 743 2749 commissarius
766 2707 1006 2764 diligenter
1029 2710 1306 2764 obseruabit,
1331 2725 1410 2766 per
1431 2725 1495 2763 se,
1521 2725 1600 2766 per
1623 2709 1814 2764 socium,
1848 2723 1933 2766 per

294 2782 422 2826 alios.

381 2860 522 2911 Haec,
545 2875 660 2915 quae
678 2861 798 2904 dicta
814 2872 936 2915 sunt,
958 2864 1233 2918 pedetentim
1256 2864 1410 2920 exigat
1432 2861 1785 2916 commissarius,
1807 2863 1934 2907 vnde

292 2936 483 2992 accipiet
508 2952 656 2980 rerum
684 2939 778 2982 fere
800 2940 1022 2991 omnium,
1049 2955 1166 2996 quae
1188 2941 1272 2984 sibi
1295 2941 1396 2984 vsui
1419 2955 1520 2985 esse
1542 2947 1758 2997 poterunt
1781 2940 1839 2982 ad
1862 2939 1937 2982 iu—

292 3013 490 3055 uandum
515 3014 777 3070 collegium,
803 3015 1166 3072 intelligentiam.

2000 2271 2025 2443 ‹qr-,susp
2003 2223 2021 2254 51
1999 2174 2022 2200 ὑ
2004 2113 2024 2152 :5
2013 2090 2022 2097 ,-
