2028 3426
349 253 415 289 152
818 246 973 281 PATfflS
1000 246 1241 280 Hissnoxvm
1268 243 1418 278 NADAL

301 345 465 388 deinde
489 360 667 401 semper
689 345 774 388 erit
805 345 934 388 nobis
964 345 1191 399 integrum
1224 357 1306 398 pro
1333 349 1488 386 nostra
1514 337 1791 394 innocentia,
1817 356 1934 397 quae
1981 330 1985 342 ³

298 421 574 464 videbuntur
597 422 728 464 nobis
750 429 1006 478 opportuna
1029 420 1180 463 dicere
1203 434 1254 462 ac
1278 418 1495 475 profiteri.
1523 419 1641 462 Cum
1663 419 1803 475 igitur
1819 421 1934 462 haec

296 497 357 541 ita
375 498 481 550 sint,
503 498 710 541 dubitare
728 513 817 541 non
837 511 1078 553 possumus
1097 496 1222 551 quin,
1244 496 1365 551 quod
1388 502 1478 538 tam
1498 495 1756 540 necessario
1778 502 1823 540 et
1841 503 1932 539 tam

295 576 485 618 honeste
515 574 727 631 petimus,
760 574 900 617 simus
928 572 1235 616 consecuturi.
1274 574 1409 616 Nunc
1437 573 1493 616 ad
1522 572 1753 629 proposita
1783 571 1932 628 capita
1993 593 2005 614 s

296 665 411 705 quae
434 651 635 695 breuiter
658 666 709 694 ac
734 650 996 706 simpliciter
1020 649 1354 705 respondimus,
1375 664 1429 692 ea
1450 649 1702 693 humillime
1725 649 1933 692 domina—

297 722 494 770 tionibus
518 728 680 770 vestris
703 727 855 769 Illmis.
878 725 1174 782 proponimus
1196 727 1517 782 cognoscenda
1541 739 1593 769 ac
1610 725 1872 771 iudicanda.

844 860 888 889 cl
897 860 985 888 RCA
1009 858 1377 888 CONFESSIONEM

383 964 630 1001 obiectio.
696 961 763 1003 De
787 958 1092 1014 praestatione
1113 957 1369 1010 iuramenti,
1397 972 1453 1001 ne
1477 957 1601 1010 alibi,
1627 972 1763 1013 quam
1787 957 1834 1000 in
1857 972 1932 1002 ec·
1992 947 1995 949 Δ

293 1035 427 1078 clesia
452 1044 623 1086 nostra,
650 1036 970 1077 confiteantur.

381 1118 690 1161 Responsio.
755 1113 848 1155 Nos
877 1111 921 1153 id
950 1111 1202 1164 nescimus,
1238 1112 1322 1154 nec
1354 1127 1379 1154 a
1418 1111 1632 1168 quopiam
1672 1119 1930 1155 nostrorum
1978 1171 1981 1177 Ἴ

292 1189 518 1232 credimus
541 1204 638 1233 esse
661 1190 846 1241 factum3
883 1189 1042 1244 regula
1071 1188 1190 1232 enim
1214 1188 1431 1245 peculiari
1454 1189 1742 1232 sacerdotum
1770 1188 1932 1232 statui·
1989 1194 1992 1200 '

293 1276 364 1308 tur
405 1267 661 1309 facultatem
701 1265 900 1321 benigne
938 1266 1024 1310 265
1062 1280 1161 1310 esse
1199 1266 1557 1319 concedendam,
1592 1265 1629 1308 si
1653 1265 1771 1321 quis,
1798 1265 1931 1308 nobis
1980 1315 1982 1317 ‚

292 1343 525 1395 consultis,
547 1343 602 1386 ad
621 1342 757 1385 alium
776 1342 1105 1386 confessarium
1126 1343 1250 1386 adire
1267 1343 1476 1395 voluerit;
1498 1358 1620 1396 nam,
1640 1342 1929 1394 inconsultis,
1982 1342 1989 1348 ’

292 1420 391 1474 quis
423 1434 512 1462 non
541 1421 710 1474 potest?
740 1421 939 1462 Tantum
970 1421 1058 1463 hoc
1088 1421 1385 1463 admonemus
1413 1434 1626 1476 magnam
1649 1419 1695 1462 in
1719 1434 1773 1464 eo
1796 1419 1928 1462 sitam
1983 1402 1987 1415 ‚

291 1512 388 1539 esse
427 1496 686 1547 utilitatem,
733 1496 770 1539 si
810 1496 910 1552 quis
950 1497 1026 1539 uni
1064 1497 1240 1541 medico
1279 1496 1539 1540 uniuersam
1578 1496 1750 1553 aperiat
1794 1488 1931 1539 animi

292 1558 641 1629 aegritudinem,
669 1588 759 1615 non
784 1588 920 1616 unam
944 1582 1116 1629 partem
1141 1573 1236 1626 uni,
1263 1574 1395 1617 aliam
1419 1574 1509 1617 alii.

380 1655 629 1692 obiectio.
693 1651 834 1705 Quod
856 1650 1176 1694 eleemosinam
1201 1652 1376 1702 demus,
1403 1666 1460 1695 ne
1482 1650 1588 1694 alibi
1612 1665 1748 1706 quam
1779 1650 1823 1693 in
1854 1665 1930 1694 ec-

292 1727 425 1770 clesia
449 1735 603 1769 nostra
627 1727 950 1771 confiteantur.

381 1809 689 1854 Responsio.
754 1805 973 1849 Videmus
996 1819 1147 1849 errore
1169 1805 1339 1848 dictum
1364 1806 1451 1848 hoc
1475 1820 1574 1849 esse
1597 1820 1649 1848 ac
1668 1812 1929 1857 transuerse
1972 1820 1990 1865 J

293 1882 500 1933 relatum3
527 1882 695 1923 nullam
719 1881 838 1924 enim
863 1896 944 1924 nos
968 1896 1021 1926 eo
1044 1882 1226 1925 nomine
1254 1882 1573 1926 eleemosinam
1602 1883 1777 1926 damus.
1811 1881 1932 1926 Fieri
1967 1911 1985 1938 ..ἡ

295 1967 440 2001 tamen
468 1957 602 2000 facile
626 1958 787 2013 potuit,
814 1959 890 2014 qui
913 1959 1055 2003 velint
1077 1974 1176 2003 esse
1199 1974 1224 2002 a
1246 1959 1377 2002 nobis
1400 1959 1702 2004 commendati
1726 1959 1927 2004 fidelium
1982 1948 1986 2002 Ῐ

294 2034 462 2089 pietati,
503 2043 549 2076 ut
579 2035 606 2076 ii
637 2037 693 2077 ad
723 2050 804 2078 nos
833 2033 1102 2080 veniant‘ad
1131 2036 1478 2088 confessionem,
1506 2038 1562 2079 ad
1584 2037 1844 2089 conciones,
1873 2037 1928 2080 ad

291 2111 523 2162 lectiones3
562 2114 721 2153 horum
761 2113 879 2155 enim
920 2112 1095 2156 facilius
1127 2114 1500 2156 commendamus
1538 2113 1753 2170 inopiam,
1795 2127 1930 2170 quam
1969 2135 1995 2191 ξ

294 2202 466 2239 eorum,
494 2188 569 2242 qui
594 2196 701 2230 sunt
724 2189 854 2231 nobis
877 2189 1037 2246 ignoti.
1965 2205 1987 2261 ἒ

380 2269 629 2307 obiectio.
694 2267 764 2310 De
787 2266 1121 2321 pertinentibus
1143 2268 1199 2309 ad
1220 2267 1423 2311 debiturn
1448 2267 1704 2323 coniugale.
1962 2268 1992 2348 {i

382 2347 691 2391 Responsio.
755 2345 823 2386 Ne
852 2343 1028 2386 curiose
1058 2350 1196 2400 agant
1226 2343 1368 2386 nostri
1397 2343 1440 2386 in
1470 2343 1927 2400 interrogationibus,
1963 2351 1989 2441 ἓ

293 2434 406 2473 quae
431 2421 485 2461 ad
510 2420 712 2462 debitum
738 2420 976 2476 coniugale
1005 2420 1214 2473 attinent,
1246 2421 1291 2463 id
1320 2435 1402 2463 nos
1431 2420 1675 2477 diligenter
1704 2420 1951 2486 praescri-¹

291 2496 438 2538 bimus
481 2496 525 2537 in
571 2497 863 2539 familiaribus
906 2497 1286 2540 confessariorum
1329 2497 1720 2551 instructionibus;
1761 2449 2001 2570 diserte}

290 2582 519 2627 praeterea
558 2573 602 2614 in
642 2573 811 2627 regulis
849 2582 1054 2626 cauetur,
1098 2581 1145 2617 vt
1183 2574 1228 2616 in
1266 2573 1630 2618 confessionibus
1667 2574 1925 2627 audiendis,
1956 2575 1961 2578 “
1994 2561 2001 2637 1¹

290 2649 525 2692 mulierum
566 2649 846 2704 praesertim,
883 2664 1068 2693 seueros
1100 2650 1251 2706 potius
1283 2665 1419 2706 quam
1448 2650 1580 2693 nimis
1612 2650 1855 2694 familiares
1879 2664 1928 2694 se
1955 2663 1959 2670 ’

289 2726 532 2768 exhibeant
555 2726 836 2777 confessarii,
863 2737 906 2769 et
930 2727 975 2769 in
999 2727 1107 2782 ipsis
1129 2735 1177 2769 vt
1199 2735 1390 2783 paterna
1411 2727 1634 2783 quaedam
1653 2734 1698 2772 et
1715 2727 1926 2784 spiritua·
1952 2740 1953 2744 ’

288 2802 341 2844 lis
365 2802 566 2854 grauitas
588 2803 779 2853 eluceat,
807 2817 890 2846 nec
914 2804 969 2846 de
994 2805 1128 2846 rebus
1152 2803 1195 2845 in
1220 2803 1508 2848 confessione
1526 2804 1787 2859 loquantur,
1809 2817 1927 2859 quae

290 2880 343 2919 ad
368 2878 697 2922 confessionem
723 2893 813 2919 non
838 2879 1063 2933 pertinent
1091 2882 1117 2922 ¹.
1140 2881 1237 2923 Has
1255 2879 1578 2923 instructiones
1595 2887 1640 2923 et
1655 2881 1839 2936 regulas
1858 2886 1927 2924 est

1948 2911 1993 2958 ἣτε,
1950 2783 1999 2866 ,ῑῑ
1951 2689 1989 2730 ’ῑ

363 2988 368 3005 “
423 2984 600 3031 Regulae
626 2985 892 3019 sacerdotum:
929 2985 1002 3024 16,¹¹
1035 2991 1074 3020 et
1109 2987 1183 3030 Ι7.“
1214 2985 1276 3022 Cf.
1309 2985 1546 3021 Institutum
1579 2986 1790 3022 Societatis
1810 2987 1955 3034 Jesu„
1998 2997 1999 3018 1

289 3044 541 3087 ·l⁴'lorentiae,
566 3042 684 3089 1893),
707 3043 775 3088 ΙΙΙ,
800 3052 854 3087 14.
