2028 3426
404 291 681 326 MONUMENTA
707 295 961 325 PRoviNcmE
987 289 1276 324 FLANDRJAE—
1282 294 1326 332 59
1586 285 1652 322 361

40 414 44 418 ·
76 395 201 439 muni
231 395 370 437 bursa
402 399 723 445 mercatorum,
759 397 938 447 praeter
968 390 1031 442 id,
1057 389 1178 444 quod
1199 388 1616 432 erit'necessarium
1646 390 1702 431 ad

73 470 452 517 sustentationem
473 475 669 523 quatuor
697 482 1009 524 personarum,
1034 466 1161 509 iuxta
1182 465 1423 510 Societatis
1454 473 1700 509 consuetu-

7 537 10 539 Δ
73 548 241 592 dinem:
276 561 434 590 sumus
465 545 585 588 enirn
623 544 826 588 contenti
859 559 912 587 ea
944 542 1291 588 sustentatione.
1329 542 1376 586 Si
1410 541 1518 597 quid
1552 549 1702 585 tamen

73 631 202 668 extra
223 623 426 667 ordinem
449 621 680 665 videretur
702 621 1024 672 necessarium,
1050 620 1095 662 id
1118 626 1238 676 petet
1255 618 1533 662 familiariter
1550 620 1605 660 ab
1624 618 1702 662 ali-

73 716 165 756 quo
187 701 259 743 vel
281 699 509 755 aliquibus
532 698 702 750 amicis;
734 705 779 740 et
809 706 958 741 tamen
986 698 1137 740 oblata
1163 711 1352 740 munera
1382 709 1555 747 eorum,
1587 710 1702 750 quae

32 767 33 770 ¹
74 778 133 820 ad
153 776 324 820 victum
347 775 556 827 attinent,
586 775 726 817 libere
756 774 964 829 accipiet.
989 773 1296 817 Eleemosinas
1324 779 1557 828 praeterea
1579 773 1701 815 obla—

77 861 160 906 tas,
192 852 456 909 praesertim
485 852 563 894 vbi
586 851 834 895 necessitas
862 850 1060 906 vrgebit,
1095 849 1260 906 poterit
1291 849 1513 905 accipere.
1550 836 1598 891 In
1632 849 1703 892 his

79 939 227 973 tamen
250 929 461 972 omnibus
485 928 694 984 respiciet
716 928 773 970 ad
795 927 1140 978 edificationem,
1166 933 1211 969 et
1240 941 1293 970 eo
1315 925 1577 982 praesertim
1602 940 1702 981 spe-

13 1025 17 1028 *
74 1008 280 1059 ctabunt,
306 1022 379 1059 ne,
406 1020 507 1048 curn
532 1004 806 1060 accipiamus
829 1004 1083 1048 necessaria
1104 1003 1255 1046 omnia
1277 1018 1302 1045 a
1319 1002 1549 1045 communi
1566 1003 1703 1044 bursa

81 1083 395 1139 hispanorum,
439 1082 673 1124 videamur
716 1080 961 1136 importuni
1005 1081 1269 1123 collectores
1302 1079 1699 1131 eleemosinarum,

76 1161 149 1203 vel
170 1168 187 1185 ³
209 1159 376 1215 alioqui
400 1166 608 1203 notemur
631 1158 780 1213 aliqua
802 1157 951 1213 specie
974 1157 1202 1201 auaritiae.

167 1236 384 1292 Hospites
406 1250 430 1278 e
462 1235 673 1278 Patribus
701 1235 773 1277 vel
801 1233 1015 1276 fratribus
1043 1233 1209 1276 nostris
1241 1234 1363 1277 alent
1391 1248 1474 1276 sua
1500 1233 1704 1289 impensa

79 1315 137 1356 ad
169 1328 395 1356 summum
424 1327 562 1354 vnum
594 1311 713 1356 diem
746 1318 824 1354 aut
858 1311 1063 1362 alterum,
1099 1311 1224 1352 iuxta
1256 1310 1622 1355 constitutioneS.
1656 1310 1704 1354 Si

76 1390 248 1441 diutius
271 1396 422 1434 essent
445 1389 644 1431 mansuri
667 1387 934 1444 Antuerpie,
956 1387 1209 1431 necessario
1226 1388 1347 1431 alent
1364 1387 1545 1442 quidem
1564 1387 1700 1443 ipsos,

77 1467 158 1511 sed
178 1466 427 1522 impensam
449 1472 683 1521 acceptam
707 1466 852 1509 ferent
875 1464 931 1516 ei,
957 1464 1030 1506 cui
1052 1463 1136 1507 erit
1158 1465 1294 1515 bono,
1319 1470 1369 1505 vt
1389 1463 1590 1520 hospites
1613 1463 1704 1507 sint

79 1543 374 1599 Antuerpiae,
400 1550 445 1586 et
465 1542 753 1599 prouincialis
776 1541 992 1584 iudicabit
1015 1547 1235 1596 quantum
1257 1541 1419 1584 soluet.

166 1621 379 1664 Habeant
400 1634 505 1662 suas
528 1618 831 1676 recreationes
853 1618 1156 1672 coadjutores.

167 1699 300 1752 Quae
331 1704 564 1752 exponunt
601 1709 682 1752 pro
714 1695 855 1739 literis
883 1693 1179 1750 collegiorum
1214 1694 1287 1737 vel
1314 1694 1605 1750 prouincialis
1633 1695 1705 1737 vel

77 1774 261 1817 omnino
278 1773 451 1825 alienis,
466 1781 651 1828 accepta
667 1771 685 1797 ¹³
703 1774 898 1815 referent
916 1771 985 1823 iis,
1005 1785 1086 1827 pro
1105 1770 1270 1826 quibus
1287 1778 1538 1827 exponunt,
1560 1778 1606 1814 et
1622 1785 1706 1813 cu»
1771 1814 1775 1817 ,

77 1850 193 1894 rabit
214 1849 518 1906 prouincialis,
543 1857 592 1892 vt
620 1850 815 1892 soluant.

167 1927 381 1982 Hospites
404 1933 656 1969 tractentur
683 1926 730 1967 in
759 1940 914 1969 mensa
943 1912 1321 1980 quemadmodum
1353 1927 1512 1969 Patres
1540 1926 1702 1969 solent:

79 2006 165 2047 hoc
197 2010 348 2048 tamen
381 2004 494 2047 solet
525 2003 623 2045 fieri
645 2002 691 2044 in
720 2001 942 2058 collegiis,
975 2008 1024 2042 vt
1055 2001 1223 2056 aliquid
1252 2008 1487 2057 praeterea
1515 2002 1706 2044 addatur

82 2080 225 2136 primo
247 2081 436 2136 prandio
458 2089 536 2123 aut
559 2094 703 2123 coena
725 2086 852 2122 extra
874 2078 1095 2122 ordinem.

169 2157 218 2201 Si
247 2157 364 2212 quis,
401 2156 535 2201 etiam
569 2155 876 2212 prouincialis,
901 2156 978 2197 det
1009 2155 1245 2211 negotium
1281 2156 1492 2199 Patribus
1525 2164 1708 2200 antuer-

82 2233 328 2289 piensibus‚
349 2241 397 2275 vt
419 2233 520 2275 libri
541 2240 765 2284 emantur,
787 2233 859 2274 vel
881 2231 1003 2274 aliud
1022 2231 1267 2287 quippiam,
1288 2233 1343 2275 de
1365 2247 1418 2276 ea
1440 2247 1488 2275 re
1509 2233 1708 2276 scribant

81 2309 290 2366 primum,
318 2317 365 2352 vt
387 2309 642 2365 intelligant
665 2316 835 2364 quanto
857 2308 1010 2364 precio
1033 2308 1091 2351 sit
1120 2323 1191 2352 res
1219 2310 1424 2361 emenda,
1459 2317 1505 2352 vt
1528 2310 1708 2353 mittant

81 2386 309 2442 pecunias,
336 2386 499 2441 quibus
521 2386 742 2430 soluatur.

592 2508 790 2556 ‘ALIQUA
823 2518 936 2548 ALIA
969 2519 1177 2548 ADIECTA

169 2618 480 2661 Indifferenter
508 2624 838 2660 conuersentur
868 2631 971 2660 cum
1005 2617 1216 2660 omnibus
1243 2618 1460 2674 hispanis,
1496 2618 1591 2660 sine
1620 2618 1708 2659 vllo

83 2695 355 2747 discrimine,
381 2701 459 2737 aut
480 2709 772 2750 personarum
798 2701 877 2736 aut
900 2694 1256 2750 prouinciarum.

169 2772 286 2814 Cum
310 2771 468 2824 nostri,
496 2778 542 2813 vt
567 2771 693 2822 tales,
721 2772 776 2813 ab
795 2770 994 2815 externis
1012 2771 1276 2814 confessarii
1294 2771 1548 2813 habeantur
1566 2777 1610 2813 et
1627 2770 1709 2813 eli-

84 2853 267 2903 gantur,
293 2847 458 2903 quibus
481 2854 580 2889 tuto
603 2846 752 2889 omnia
775 2846 853 2888 fidi
881 2847 1072 2903 possint,
1105 2855 1172 2891 est
1201 2860 1476 2902 magnopere
1505 2846 1709 2888 animad—

86 2914 372 2976 uertendum,
399 2939 456 2967 ne
479 2923 587 2978 quid
609 2937 781 2975 eorum,
808 2937 924 2978 quae
952 2923 998 2965 in
1028 2923 1312 2966 confessione
1342 2929 1419 2965 aut
1448 2937 1502 2965 ex
1527 2924 1708 2966 confes-

155 3099 172 3115 a
220 3089 292 3123 Ms.
311 3088 347 3123 si
364 3088 437 3126 vel.
489 3089 555 3115 —b
582 3090 780 3133 acceptam
801 3098 870 3122 ms.
