2028 3426
482 294 754 330 MONUMENTA
779 302 1032 330 PssoviNciAE
1059 295 1369 337 AUSTRIAE-47
1622 300 1688 336 277

207 395 342 438 Nullo
365 393 452 446 die,
478 409 567 449 quo
592 395 663 438 uel
685 397 1026 438 renouabuntur
1048 394 1212 446 studia,
1233 394 1306 436 uel
1328 393 1640 436 conclusiones
1658 408 1735 448 pu-

107 470 234 513 ‘blice
252 471 617 526 disputabuntur,
639 472 711 515 uel
729 472 864 527 aliqui
882 473 935 514 ad
955 472 1123 528 gradus
1141 471 1313 526 aliquos
1330 470 1736 525 promouebuntur,

122 548 194 589 uel
216 547 432 602 professio
456 547 590 590 alicui
612 549 760 601 detur,
785 549 858 591 uel
882 549 1015 592 edant
1035 547 1170 602 aliqui
1189 555 1294 589 uota
1311 546 1641 599 coadiutorum,
1668 547 1741 589 uel

120 632 400 666 renouentur
423 632 545 676 uota,
571 625 645 667 uel
667 625 827 680 aliquis
850 625 1035 680 primam
1053 624 1234 666 missam
1252 623 1465 675 celebret,
1489 623 1559 666 uel
1576 624 1740 666 festum

119 700 304 755 aliquod
333 701 533 743 solemne
561 708 763 743 nostrum
796 702 1063 752 celebratur,
1103 701 1180 743 fiat
1217 699 1338 742 domi
1375 698 1636 742 conuiuium
1670 700 1742 740 uel

122 775 375 820 inuitentur
397 777 587 829 externi;
614 792 702 819 non
727 778 844 821 enim
869 778 1047 820 uidetur
1067 777 1161 820 uiro
1179 776 1390 832 religiose
1406 776 1611 818 instituto
1635 790 1742 818 con-

124 861 409 905 sentaneum,
437 860 502 904 ut,
536 853 700 908 quibus
727 853 886 897 diebus
915 854 1064 909 potius
1094 855 1151 896 ad
1179 853 1383 909 spiritum
1413 860 1519 895 sunt
1548 852 1746 908 religiosi

124 929 370 982 excitandi,
407 945 460 974 eo
499 930 570 972 die
602 931 735 974 detur
772 931 947 973 occasio
985 931 1249 975 excitandae
1282 931 1434 986 gulae:
1474 930 1625 984 itaque
1664 944 1746 972 nec

128 1006 247 1048 ullus
268 1006 488 1050 inuitetur
509 1006 563 1049 iis
585 1007 745 1050 diebus
769 1014 997 1060 externus,
1023 1022 1107 1051 nec
1123 1000 1383 1050 conuiuium
1405 1008 1638 1050 habeatur.
1662 1007 1748 1048 Po—

127 1082 232 1125 terit
257 1090 405 1126 tamen
428 1083 497 1125 his
520 1083 695 1135 diebus,
731 1085 875 1127 donec
908 1084 1027 1126 aliud
1056 1099 1080 1127 a
1103 1083 1302 1140 generali
1335 1083 1587 1139 praeposito
1616 1096 1750 1138 prae—

127 1159 369 1212 scribatur,
398 1160 501 1202 addi
524 1175 665 1202 unum
688 1161 908 1204 ferculum
926 1168 971 1205 et
988 1161 1218 1217 paululum
1237 1160 1448 1216 antipasti
1467 1167 1511 1204 et
1534 1160 1754 1216 postpasti

131 1237 344 1281 fratribus
369 1238 547 1281 nostris.

220 1314 312 1369 Qui
335 1329 390 1357 ex
413 1315 641 1367 fratribus,
662 1329 764 1357 cum
784 1329 872 1357 non
891 1315 980 1357 sint
998 1314 1211 1370 theologi,
1234 1322 1382 1357 tamen
1404 1302 1750 1365 concionantur,

128 1390 162 1432 ii
185 1398 292 1433 sunt
314 1392 584 1434 admonendi
607 1399 651 1435 et
674 1391 853 1448 quidem
876 1391 1130 1448 diligenter,
1157 1407 1213 1434 ne
1237 1391 1346 1433 nihil
1368 1392 1424 1434 de
1447 1392 1582 1433 rebus
1599 1390 1755 1432 diffici-

132 1467 251 1509 libus
277 1474 470 1510 tractent
494 1468 567 1510 uel
588 1475 749 1524 parent
772 1469 1072 1522 tractandum,
1099 1468 1183 1510 nisi
1206 1468 1330 1524 prius
1353 1469 1562 1511 consulto
1584 1474 1758 1511 rectore

137 1545 209 1586 uel
231 1559 304 1597 eo,
331 1559 465 1599 quem
483 1545 567 1587 sibi
588 1559 641 1587 ea
663 1545 708 1586 in
732 1559 778 1587 re
802 1545 1100 1587 substituerit:
1124 1545 1255 1587 simul
1272 1559 1374 1587 curn
1393 1544 1759 1600 praeparauerint

128 1621 222 1663 ‘iarn
245 1636 372 1664 suam
396 1621 677 1675 concionem,
709 1628 754 1665 et
783 1621 1042 1677 scripserint
1071 1623 1188 1678 (nam
1216 1621 1545 1677 iniungendum
1575 1628 1641 1664 est
1673 1620 1759 1662 illis

138 1705 188 1739 ut
205 1691 436 1754 scribant),
464 1700 699 1742 conferent
715 1698 834 1741 illam
853 1713 955 1741 cum
974 1706 1147 1742 rectore
1165 1699 1238 1742 uel
1256 1712 1359 1740 cum
1382 1699 1478 1741 eius
1495 1697 1758 1748 substituto,

140 1775 213 1818 uel
234 1789 310 1817 eas
334 1782 502 1830 partes,
529 1790 644 1830 quae
667 1775 942 1819 uidebuntur
964 1776 1132 1819 habere
1160 1774 1327 1830 aliquid
1355 1774 1648 1825 difficultatis,
1680 1776 1762 1816 has

126 1850 322 1905 quidem
350 1859 502 1907 partes
531 1851 794 1908 diligentius
831 1854 1079 1895 conferant:
1121 1867 1209 1910 non
1247 1852 1455 1894 omittant
1492 1850 1760 1906 compendio

139 1928 332 1971 reddere
355 1928 573 1971 rationem
597 1929 653 1970 de
676 1935 770 1971 tota
791 1929 1024 1981 concione3
1051 1936 1094 1972 et
1123 1936 1287 1979 tamen,
1319 1928 1356 1970 si
1387 1927 1525 1982 aliqui
1553 1927 1766 1970 uidentur

139 2003 185 2046 id
208 2003 401 2047 libenter
424 2005 602 2056 facturi,
629 2005 713 2047 erit
746 2005 855 2047 utile
883 2013 947 2056 ut,
983 2005 1124 2061 pridie
1152 2020 1286 2059 quam
1314 2004 1404 2047 sint
1432 2003 1765 2055 concionaturi,

130 2081 347 2124 >eamdem
393 2081 659 2125 concionem
703 2082 902 2125 habeant
944 2081 990 2124 in
1031 2081 1268 2125 refectorio
1312 2080 1428 2124 inter
1465 2081 1765 2131 coenandum,

135 2157 459 2212 *praesentibus
483 2157 708 2212 aliquibus
730 2158 973 2214 germanis,
999 2158 1075 2213 qui
1098 2157 1143 2199 in
1167 2173 1220 2201 ea
1242 2173 1289 2200 re
1312 2158 1511 2201 ualeant.

235 2235 296 2276 Vt
319 2219 570 2276 nondamr
592 2249 678 2290 pax
700 2234 745 2276 in
768 2234 865 2276 aliis
883 2235 1045 2286 missis,
1066 2234 1127 2277 ita
1144 2249 1227 2277 nec
1245 2234 1290 2276 in
1307 2234 1403 2277 aliis
1425 2233 1770 2277 solemnioribus

133 2311 294 2366 detur,
321 2310 407 2352 nisi
432 2312 547 2354 forte
569 2310 632 2352 illi
656 2310 875 2363 ministro,
902 2311 977 2366 qui
1001 2326 1099 2355 eam
1122 2313 1252 2355 offert
1283 2311 1520 2363 sacerdoti3
1556 2310 1593 2353 si
1623 2318 1796 2374 tamen,

147 2394 417 2441 sequeretur
440 2388 753 2439 schandalum,
779 2387 952 2443 poterit*
965 2388 1042 2430 uni
1065 2397 1142 2431 aut
1165 2388 1289 2430 alteri
1314 2387 1504 2430 seculari
1527 2387 1637 2429 dari.

237 2462 434 2505 Piscatio
477 2465 485 2484 ¹
528 2465 763 2507 commode
791 2479 870 2519 per
896 2464 1214 2508 selectissimos
1245 2464 1450 2507 uideatur
1483 2479 1537 2506 an
1573 2463 1773 2507 exerceri

150 2538 306 2594 possit,
333 2548 382 2581 ut
406 2539 539 2582 etiam
563 2542 731 2582 Romae
753 2540 818 2591 fit,
845 2541 924 2583 sed
946 2555 1049 2583 cum
1073 2555 1249 2583 summa
1272 2542 1461 2583 cautela.

240 2615 461 2658 Videatur
489 2616 623 2659 etiam
650 2632 707 2658 an
736 2617 875 2672 possit
902 2618 975 2659 hic
1005 2632 1113 2659 usus
1135 2617 1361 2659 introduci
1390 2617 1433 2659 in
1457 2618 1542 2659 hac
1571 2616 1770 2666 ciuitate,

139 2692 227 2746 *qui
245 2700 313 2735 est
335 2693 548 2748 frequens
571 2693 616 2735 in
640 2693 877 2749 Hispania,
904 2702 952 2736 ut
976 2694 1118 2736 nostri
1141 2708 1245 2736 cum
1264 2695 1442 2735 duobus
1465 2693 1631 2748 pueriS‚
1654 2692 1690 2734 si
1707 2692 1774 2733 vi-

148 2770 328 2821 deatur,
354 2770 620 2812 conuocatis
644 2769 794 2825 pueris
818 2777 863 2813 et
885 2770 1089 2826 personis
1110 2770 1297 2812 rudibus
1321 2770 1586 2824 campanula
1609 2768 1772 2822 aliqua,

153 2860 232 2900 per
255 2845 380 2888 uicos
403 2847 651 2901 perducant
675 2854 692 2871 a
714 2846 758 2888 in
783 2846 976 2901 aliquam
1000 2847 1251 2897 ecclesiam,
1280 2846 1355 2887 ubi
1373 2846 1565 2888 doceant
1588 2844 1777 2887 recitare

224 2956 241 2972 a
285 2947 497 2991 perductos
517 2957 573 2980 ms
582 2972 591 2981 .

221 3030 236 3054 '¹
287 3036 442 3081 Eorum,
476 3034 641 3081 scilicet,
662 3035 729 3082 qui
756 3034 963 3070 Societatis
989 3034 1167 3068 instituto
1193 3033 1272 3079 apti
1296 3039 1543 3076 censeantur,
1573 3038 1611 3067 et
1642 3045 1662 3068 a
1695 3034 1781 3068 Deo

147 3094 298 3138 vocati,
318 3105 386 3140 per
404 3094 488 3139 pias
506 3094 825 3129 conversationes
845 3093 995 3139 aliaque
1015 3093 1228 3139 spiritualia
1248 3091 1434 3136 subsidia,
1455 3092 1662 3127 institutio.
