2028 3426
334 225 404 259 006
808 223 961 257 PATms
987 222 1230 257 Hmuonvffl
1259 221 1408 256 NADAL

290 334 469 381 praeest
498 339 697 377 mensae,
733 323 908 368 etiamsi
942 330 1047 367 ante
1079 322 1190 365 alios
1224 323 1482 366 absolueret
1515 337 1648 365 suum
1682 322 1922 378 prandium

291 405 360 446 vel
399 417 605 454 coenam,
648 410 798 445 tamen
838 416 894 444 ne
928 400 1114 442 mantile
1152 414 1285 443 suum
1324 399 1511 455 plicaret
1549 398 1811 455 priusquam
1850 398 1924 442 alii

291 480 608 533 absoluissent;
646 479 836 522 frustula
875 477 1010 521 etiam
1041 476 1170 532 panis
1199 477 1542 523 c01n639ederet
1581 475 1772 529 minuta,
1804 491 1860 519 ne
1889 476 1925 519 si
1982 489 1989 502 ·

291 558 387 613 ipse
408 557 592 600 omnino
614 562 829 606 cessaret,
856 554 929 597 alii
959 554 1035 609 qui
1059 554 1264 610 ampliori
1287 554 1389 597 cibo
1412 561 1568 610 egent,
1594 553 1784 609 permoti
1807 553 1926 595 illius

292 635 515 690 exemplo,
541 632 732 676 celerius
755 631 1013 675 desinerent
1035 645 1169 686 quam
1195 631 1281 673 illis
1305 631 1412 674 vtile
1435 638 1555 674 esset
1580 629 1797 673 fortassis

382 711 566 762 Vinum,
599 716 844 763 antequam
873 716 1126 764 apponatur
1156 722 1356 760 mensae,
1382 707 1559 751 misceri
1593 707 1758 762 poterit
1792 721 1924 762 aqua,

294 796 426 844 prout
449 787 645 829 validum
672 785 824 836 fuerit,
849 793 895 828 et
918 793 987 829 est
1011 783 1118 828 vtile
1140 785 1229 826 hoc
1259 783 1474 826 fratribus
1499 791 1546 826 vt
1570 783 1630 826 ita
1660 783 1755 835 fiat3
1783 797 1927 838 quan-

292 873 389 907 tum
413 879 520 908 vero
538 877 682 918 aquae
699 862 925 906 sustinere
944 861 1104 918 possit,
1125 861 1170 903 id
1188 861 1405 903 iudicabit
1425 868 1588 913 rector;
1611 868 1656 913 et
1672 861 1926 915 adiungent

293 950 443 984 tamen
467 940 635 996 singuli
658 954 840 995 aquam,
865 953 969 982 cum
994 939 1165 982 bibent.

383 1018 698 1071 Consuetudo,
719 1031 837 1073 quae
853 1016 938 1059 fuit
961 1015 1164 1071 antiqua,
1185 1024 1248 1067 vt,
1271 1015 1347 1071 qui
1365 1016 1421 1058 ad
1444 1030 1644 1059 mensam
1663 1014 1790 1071 legit,
1810 1014 1930 1057 dicat

293 1095 465 1150 aliquid
498 1109 633 1150 super
665 1093 751 1145 his,
788 1108 904 1148 quae
940 1093 1073 1149 legit,
1114 1107 1204 1135 non
1240 1092 1495 1136 necessario
1526 1093 1811 1135 obseruanda
1843 1099 1927 1134 est.

296 1172 416 1214 Huic
447 1179 596 1214 tamen
629 1171 714 1214 alia
742 1169 980 1221 successit,
1012 1178 1078 1222 vt,
1104 1169 1181 1224 qui
1209 1169 1336 1225 legit,
1369 1170 1404 1212 si
1429 1169 1537 1224 quid
1566 1169 1651 1211 sibi
1680 1175 1839 1211 notatu
1861 1168 1930 1210 di-

296 1263 439 1305 gnum
462 1249 689 1300 videatur,
715 1248 826 1290 illud
850 1254 1039 1302 repetat3
1066 1246 1103 1289 si
1127 1246 1227 1301 quis
1252 1255 1402 1289 tamen
1426 1246 1594 1302 aliquid
1613 1246 1747 1290 vellet
1763 1245 1928 1295 dicere,

298 1341 386 1368 non
406 1333 525 1369 esset
543 1326 917 1381 interpellandus,
939 1325 1072 1366 modo
1090 1324 1327 1366 commode
1345 1323 1574 1367 videretur
1591 1337 1691 1367 esse
1709 1323 1928 1365 dicturus.

386 1402 458 1445 Ad
477 1402 784 1454 refectorium,
805 1402 841 1444 si
865 1401 999 1445 simul
1017 1415 1120 1443 cum
1140 1408 1316 1445 rectore
1339 1400 1492 1443 veniat
1515 1399 1805 1456 prouincialis
1821 1414 1933 1442 suus

295 1489 342 1522 et
367 1479 720 1531 commissarius,
746 1479 973 1523 sedebunt
996 1477 1043 1520 hi
1067 1477 1197 1533 primi
1221 1478 1320 1520 loco
1343 1492 1426 1520 suo
1456 1484 1502 1521 et
1523 1478 1685 1533 gradU.
1718 1476 1767 1520 Si
1796 1492 1851 1520 ex
1881 1476 1934 1518 iis

295 1574 351 1600 ne
375 1564 525 1600 rector
557 1556 740 1611 quidem
775 1555 908 1608 adsit,
944 1555 1239 1598 nihilominus
1271 1569 1361 1597 non
1399 1554 1485 1598 erit
1519 1553 1611 1598 640
1644 1567 1817 1596 vacuus
1847 1553 1930 1595 nisi
1961 1602 1964 1605 ‚

296 1649 414 1676 vnus
437 1635 582 1685 locus,
601 1640 646 1676 et
669 1634 874 1676 secundo
896 1632 1071 1677 sedebit
1093 1631 1313 1683 minister,
1340 1631 1377 1673 si
1401 1630 1536 1675 fuerit
1558 1631 1787 1682 sacerdos,
1812 1631 1931 1685 quod

295 1711 486 1754 deberet
509 1725 623 1754 esse.
650 1709 700 1755 Si
723 1724 833 1754 vero
854 1710 1143 1766 contingeret
1165 1709 1299 1751 simul
1321 1717 1366 1751 et
1390 1715 1609 1751 rectorem
1629 1723 1728 1752 esse
1745 1707 1790 1749 in
1811 1723 1934 1751 men-

300 1804 349 1830 sa
367 1796 411 1831 et
430 1788 683 1830 ministrum
703 1788 840 1843 (quod
859 1802 949 1829 non
968 1788 1082 1830 solet
1099 1787 1230 1841 esse),
1253 1786 1456 1828 minister
1474 1801 1564 1829 non
1582 1785 1767 1830 habebit
1785 1786 1934 1827 locum

296 1874 472 1908 certum
506 1865 550 1907 in
586 1879 759 1917 mensa,
795 1865 876 1908 sed
906 1864 1083 1908 sedebit
1110 1864 1228 1906 inter
1256 1862 1486 1918 simplices
1513 1863 1788 1906 sacerdotes,
1827 1863 1936 1904 Post

301 1951 524 1987 rectorem
549 1958 658 1987 vero
679 1944 752 1988 vel
775 1943 1048 1994 ministrum,
1074 1942 1150 1984 vbi
1172 1942 1218 1984 in
1242 1941 1481 1987 refectorio
1499 1956 1589 1984 non
1607 1941 1751 1983 aderit
1771 1947 1933 1992 rector,

303 2022 552 2064 succedent
574 2020 766 2076 professi
789 2020 907 2063 inter
939 2034 987 2063 se
1016 2019 1114 2063 sine
1143 2019 1315 2063 ordine.
1348 2019 1523 2062 Deinde
1555 2019 1815 2061 sacerdotes
1843 2017 1934 2071 alii,

302 2097 406 2140 item
431 2097 547 2140 inter
570 2112 619 2140 se
642 2098 814 2153 absque
837 2097 1009 2139 ordine.
1040 2098 1160 2140 Inter
1188 2098 1351 2139 fratres
1380 2095 1514 2139 etiam
1540 2096 1691 2138 nullus
1720 2094 1804 2138 erit
1827 2095 1936 2137 ordo

302 2175 576 2224 seruandus,
613 2174 698 2216 nisi
731 2175 851 2229 quod
884 2173 1180 2217 subminister
1214 2173 1357 2228 primo
1388 2173 1486 2215 loco
1519 2172 1710 2215 sedebit.
1748 2172 1794 2215 Si
1830 2186 1936 2215 vero

303 2250 593 2305 contingeret
615 2251 775 2294 adesse
798 2250 1099 2306 prouinciales
1122 2251 1193 2293 vel
1218 2257 1420 2294 rectores
1448 2256 1674 2302 externos,
1706 2249 1938 2290 habebunt

295 2327 681 2382 quidemexterni
711 2327 1012 2382 prouinciales
1046 2328 1114 2370 vel
1146 2334 1346 2369 rectores
1375 2327 1523 2369 locum
1551 2333 1656 2368 ante
1680 2325 1936 2381 prouincia-

302 2405 389 2447 lem
413 2405 485 2446 vel
509 2411 729 2446 rectorem
754 2403 872 2446 illius
894 2404 1091 2459 collegii.
1654 2405 1658 2409 ”

391 2480 668 2536 Assignetur
701 2495 855 2523 mensa
885 2496 988 2532 vna,
1022 2481 1064 2522 in
1097 2496 1186 2535 qua
1219 2481 1406 2524 sedeant
1439 2479 1486 2533 ii,
1511 2479 1587 2534 qui
1612 2486 1690 2522 aut
1724 2479 1959 2522 conuale-¹

302 2565 483 2600 scentes
505 2565 628 2609 sunt,
654 2564 732 2600 aut
756 2558 1069 2600 valetudinarii
1094 2567 1126 2609 ²²,
1153 2566 1230 2600 aut
1253 2573 1307 2602 ex
1338 2556 1530 2600 naturali
1559 2556 1708 2611 aliqua
1736 2556 1936 2600 necessi-

303 2642 393 2676 tate
432 2634 686 2677 necessario
724 2635 951 2678 delectum
983 2635 1177 2689 aliquem
1210 2635 1285 2678 64!
1315 2635 1518 2677 ciborum
1553 2648 1735 2677 seruare
1767 2634 1937 2677 debent

300 2727 355 2753 ex
380 2711 659 2767 praescripto
682 2711 843 2755 medici
868 2726 918 2754 ac
941 2712 1075 2754 etiam
1099 2712 1357 2767 superioris;
1383 2720 1428 2755 et
1450 2711 1507 2753 sit
1525 2710 1686 2765 aliquis
1703 2709 1937 2753 coadiutor

302 2787 577 2831 exercitatus
599 2787 617 2813 b
640 2788 748 2844 [qui]
777 2789 1011 2831 commode
1034 2788 1119 2830 illis
1143 2788 1267 2830 cibos
1295 2795 1311 2812 ⁶
1335 2795 1545 2843 apponat,
1573 2787 1634 2829 ita
1656 2787 1732 2830 fiet
1763 2794 1810 2829 vt
1833 2786 1936 2829 reli-

373 2923 387 2937 11
417 2912 546 2947 Verba
563 2913 880 2962 conualescenies
897 2916 989 2947 sunt
1007 2915 1078 2946 aut
1098 2912 1405 2952 valetudinarii,
1427 2911 1500 2946 alia
1521 2923 1635 2946 manu
1660 2911 1804 2957 scripta
1822 2915 1930 2945 sunt.

304 2973 368 2995 —'·
398 2971 431 3004 A
462 2973 584 3006 verbo
608 2983 775 3007 seruare
806 2983 929 3019 usque
960 2971 1007 3006 ad
1039 2971 1289 3011 exercitatus,
1324 2970 1517 3016 posterius
1547 2970 1679 3005 addita
1709 2969 1867 3005 fuerunt
1898 2970 1938 3005 in

306 3029 490 3071 margine.
544 3039 607 3057 ...c
635 3031 719 3065 Hoc
738 3032 847 3068 verb.
868 3030 1041 3066 additum
1062 3030 1269 3076 posterius
