2028 3426
539 214 772 252 ORAT10NIS
798 224 1241 261 OBSERVATIONES—7o
1588 218 1657 264 693

75 327 192 367 quae
225 314 280 355 ab
310 314 565 358 obedientia
586 330 678 358 non
700 317 915 372 pendent,
942 323 989 357 vt
1012 316 1275 360 exercitium
1301 333 1448 361 rerum
1473 327 1517 362 et
1541 320 1703 362 modus

76 403 248 441 eorum,
274 403 389 444 quae
407 392 554 433 solum
578 392 623 434 in
646 407 814 448 genere
838 393 1175 449 praecipiuntur
1199 409 1223 436 a
1246 395 1610 450 superioribus...

164 466 222 510 65
247 466 526 523 Principium
549 470 832 514 obedientiae
854 469 1093 514 Societatis
1109 485 1166 513 ex
1189 471 1313 512 bulla
1330 472 1699 524 confirmationis,

74 557 191 597 quae
213 543 430 599 praecipit
453 544 496 586 in
521 546 829 601 superioribus
853 547 1100 598 Christum,
1123 547 1251 603 quasi
1270 555 1540 602 presentem,
1563 563 1701 603 agno-

74 633 271 664 scamus.

162 696 320 739 Oratio
343 697 583 741 Societatis
605 698 666 741 ita
689 700 822 743 debet
845 700 1092 755 comparari
1115 715 1166 744 ac
1190 701 1412 756 vsurpari,
1433 708 1482 742 vt
1504 716 1596 743 non
1621 702 1702 745 de-

74 771 217 814 bilitet
239 773 403 824 studia,
426 788 510 816 nec
533 776 588 817 ab
612 775 676 819 eis
694 777 765 820 vel
784 791 808 818 a
827 776 1069 831 quibusuis
1087 777 1428 832 operationibus
1445 777 1575 819 nobis
1593 791 1701 820 con—

73 849 301 892 sentaneis
319 858 513 894 auertat:
534 866 588 894 eo
606 852 745 908 igitur
762 861 830 896 est
847 855 1232 906 contendendum,
1254 855 1398 896 donec
1416 856 1534 896 hanc
1558 855 1701 896 facul—

73 932 209 968 tatem
234 941 259 968 a
287 928 402 982 Xpo.
426 929 536 984 Jesu
566 943 876 984 assequamur.
911 931 1074 973 Nullus
1102 930 1387 973 inchoandus
1410 937 1488 972 aut
1517 930 1701 973 omnino

22 1052 24 1056 f
72 1002 393 1058 transigendus
415 1004 526 1055 dies,
547 1005 594 1047 in
617 1020 706 1060 quo
729 1021 816 1048 non
842 1006 1151 1062 ingrediamur
1174 1007 1218 1048 in
1241 1007 1490 1049 orationem
1514 1007 1701 1063 eiusque

70 1093 254 1122 sensum
277 1087 322 1123 et
344 1080 604 1126 interiorem
628 1083 822 1137 aliquem
847 1085 1102 1126 fructum...

155 1148 211 1199 67
236 1157 483 1201 Peculiaris
506 1159 770 1202 intercessio
788 1175 868 1215 pro
885 1161 1111 1204 Societate
1128 1168 1197 1204 est
1215 1161 1366 1217 angeli
1385 1161 1587 1204 custodis
1605 1161 1673 1216 pri
1685 1187 1697 1191 -

69 1232 162 1276 uati
200 1234 420 1286 cuiusuis,
453 1235 692 1291 spirituum
732 1238 965 1280 beatorum
995 1238 1249 1289 Societatis‚
1280 1238 1533 1294 principum
1564 1238 1698 1280 etiam

67 1316 203 1364 atque
231 1312 611 1367 archangelorum
641 1314 995 1368 gubernantium
1020 1314 1308 1367 Societatem,
1337 1314 1457 1358 Petri
1483 1322 1527 1358 et
1550 1314 1696 1366 Pauli,

68 1386 256 1440 virginis
277 1392 438 1428 θεοτόκου
476 1403 592 1443 quae
616 1391 783 1432 selecto
805 1405 956 1433 amore
983 1391 1271 1446 prosequitur
1294 1391 1567 1435 Societatem
1598 1392 1697 1434 Filii

68 1462 153 1505 sui:
179 1477 258 1519 per
280 1465 393 1508 haec
417 1466 472 1507 ad
496 1468 661 1521 Xpum.
686 1469 866 1510 accede:
892 1483 972 1523 per
1001 1469 1126 1510 hunc
1149 1469 1205 1511 ad
1229 1470 1435 1512 Deum...

154 1540 210 1584 7⁰
234 1541 396 1584 Oranti
420 1542 598 1585 cuidam
622 1544 677 1586 ad
696 1551 897 1586 sanctam
917 1544 1104 1587 Mariam
1122 1546 1178 1589 de
1197 1545 1509 1588 consolatione
1529 1547 1697 1588 Romae

64 1616 108 1658 in
132 1617 373 1661 afflictione
395 1619 572 1661 animae
594 1634 718 1671 suae,
744 1620 914 1663 dictum
938 1628 1021 1664 est:
1052 1621 1279 1664 «Humilia
1302 1622 1496 1664 animam
1522 1629 1661 1664 tuam.
1676 1639 1691 1660 ι)

66 1694 168 1735 Hoc
197 1708 302 1736 vero
330 1695 504 1750 accepit
532 1694 636 1738 cum
665 1711 801 1739 sensu
830 1697 1013 1752 spiritus
1043 1697 1309 1740 humilitatis
1338 1697 1557 1753 Virginis.
1588 1700 1697 1740 Post

67 1771 202 1824 paulo
226 1771 372 1813 oranti
395 1773 451 1814 ad
481 1773 638 1816 aedem
662 1775 708 1817 S.
743 1774 866 1817 Petri
895 1774 941 1817 in
966 1789 1162 1827 carcere,
1188 1775 1357 1817 dictum
1382 1783 1466 1817 est:
1497 1775 1698 1817 «sustine

65 1854 110 1889 et
132 1861 308 1901 spera».
336 1848 658 1904 Accipiebatur
691 1858 841 1892 autem
874 1865 1049 1902 sensus,
1077 1865 1166 1906 quo
1185 1849 1503 1895 continebatur
1528 1853 1585 1893 D.
1610 1853 1695 1895 Pe-

65 1929 162 1965 trus
183 1923 229 1965 in
248 1938 483 1968 carcere...

155 1999 194 2043 71
225 2000 420 2055 Spiritus
451 2003 502 2043 P.
530 2003 694 2057 Ignatii
724 2003 1007 2058 purissimus,
1045 2004 1196 2047 vnitus
1229 2020 1308 2060 per
1341 2005 1616 2049 leuationem
1651 2006 1696 2048 in

64 2076 228 2128 Deum,
253 2078 373 2120 vnde
400 2078 649 2121 sustinetur
677 2080 880 2123 Societas
904 2095 956 2123 ac
986 2082 1375 2125 confirmationem
1405 2084 1542 2126 habet
1575 2084 1695 2138 apud

63 2152 212 2195 Deum
234 2160 280 2196 et
302 2154 453 2196 omnia
475 2155 590 2197 bene
614 2157 838 2199 habent...

154 2229 194 2273 71
218 2230 387 2272 Plenus
405 2245 565 2274 sensus
582 2231 896 2277 immaculatae
914 2234 1225 2290 conceptionis
1244 2235 1433 2291 virginis
1447 2235 1631 2278 Mariae:
1646 2243 1691 2278 et

64 2306 319 2358 celebritas,
340 2321 456 2361 quae
479 2307 525 2349 in
543 2308 680 2350 coelis
702 2309 868 2364 agitur:
891 2318 936 2352 et
953 2310 1098 2365 quies,
1121 2312 1241 2365 quod
1259 2319 1378 2355 esset
1396 2313 1509 2354 haec
1530 2312 1693 2354 veritas

64 2383 121 2424 ab
145 2383 335 2426 ecclesia
357 2383 669 2427 definienda...
993 2379 1005 2387 Ν

156 2458 212 2502 llo
235 2459 520 2502 Desiderium
543 2475 646 2503 cum
670 2462 816 2517 gratia
839 2463 1133 2506 coniunctum
1157 2472 1202 2507 et
1225 2466 1344 2506 bona
1368 2478 1461 2519 spe,
1488 2472 1536 2506 vt
1559 2478 1692 2519 opera

67 2542 258 2578 nauetur
281 2536 530 2591 scripturae
547 2552 701 2580 sacrae
724 2538 769 2580 in
792 2539 969 2594 spiritu,
997 2549 1091 2582 tum
1114 2540 1564 2583 constitutiolllnibus
1586 2540 1694 2595 ipsis

65 2624 118 2652 ac
142 2610 311 2666 regulis
335 2612 591 2665 Societatis,
617 2621 662 2657 et
691 2614 990 2668 obedientiae,
1019 2616 1191 2671 totique
1213 2616 1420 2659 instituto
1444 2623 1611 2666 nostro,
1645 2623 1693 2657 vt

66 2686 223 2729 melius
245 2701 300 2730 ex
323 2690 406 2731 hac
434 2688 733 2734 illustratione
761 2699 806 2733 et
836 2692 982 2747 gratia
1011 2707 1036 2735 a
1064 2695 1164 2736 Deo
1193 2692 1289 2748 ipso
1313 2708 1390 2748 per
1420 2692 1691 2735 Societatem

66 2770 111 2804 et
143 2762 242 2806 eius
272 2764 502 2809 ministros
539 2767 744 2823 specialis
773 2768 961 2812 directio
998 2769 1043 2811 in
1082 2771 1165 2812 hac
1204 2769 1440 2811 vocatione
1478 2768 1523 2809 in
1563 2767 1692 2810 nobis

66 2840 339 2894 effulgeat...

155 2920 210 2960 113
232 2918 507 2972 Deplorandi
529 2920 659 2974 plane
683 2928 789 2963 sunt
811 2922 1017 2977 germani
1047 2921 1287 2977 principes,
1321 2921 1397 2976 qui
1421 2935 1475 2965 eo
1497 2920 1691 2963 caecita-

66 2989 123 3033 tis
146 2999 191 3035 et
212 2992 417 3038 miseriae
439 3002 545 3037 sunt
568 2996 747 3048 deiecti,
769 3004 817 3039 vt
840 2999 941 3052 plus
958 2999 1143 3040 credant
1166 2997 1319 3053 paucis
1337 2997 1430 3039 suis
1449 2996 1692 3040 conciona-
