2028 3426
18 267 40 302 it<

30 503 39 511 ι

24 516 30 520 ’
64 505 215 548 animo
237 505 349 560 figat
367 510 412 547 et
433 509 642 547 exerceat
663 502 779 545 velle
795 516 844 544 se
866 499 1076 544 estimare
1093 511 1249 541 omnes
1268 497 1444 546 fratres,
1466 508 1518 536 ac
1543 493 1580 535 si
1604 491 1695 534 sibi

425 249 700 285 MONUMENTA
720 245 1287 286 ,PnovmcmERHENANAE-
1297 250 1342 286 55
1581 238 1649 282 335
1710 281 1713 285 ¹

152 352 229 395 Ad
250 351 504 406 profectum
543 350 732 392 fratrum
771 347 879 390 utile
901 346 986 390 erit
1018 345 1055 388 si
1078 344 1165 387 illis
1197 343 1313 387 serio
1352 342 1621 384 consulatur
1644 346 1694 381 ut

63 428 232 484 aliquid
249 433 504 478 exerceant,
531 426 651 481 quod
674 425 730 467 ad
759 423 1080 480 perfectionem
1109 420 1349 477 pertineat,
1382 425 1431 460 vt
1461 417 1499 460 si
1531 415 1693 470 aliquis

17 578 20 582 ⁸
59 595 216 625 omnes
239 586 390 624 essent
413 578 684 634 superiores;
706 577 904 620 exterius
927 576 1062 620 etiam
1093 575 1155 617 ita
1183 573 1391 628 singulos
1415 570 1686 619 reuerendo,

30 668 33 669 ’
65 665 114 701 ut
136 657 419 713 singulorum
437 662 582 698 status
604 653 762 710 exigit,
788 655 920 709 plana
939 652 1133 707 quadarn
1151 649 1363 705 religiosa
1386 646 1689 702 simplicitate.

30 740 32 742 ’
63 734 329 789 Exemplum
363 732 500 775 aliud:
526 732 564 774 si
601 737 814 775 exercent
832 732 980 773 Deum
1003 730 1172 772 habere
1205 733 1310 770 ante
1339 725 1495 768 oculos
1525 721 1692 766 mentis

60 815 358 867 praesentem,
384 815 434 850 ut
451 807 625 864 infinite
647 808 814 849 bonum
835 806 969 848 simul
991 812 1035 849 et
1062 803 1238 846 infinite
1259 802 1446 854 iustum,
1480 806 1525 844 et
1555 798 1620 841 sic
1644 797 1689 839 in

40 886 159 930 ..aliis
182 900 391 930 exercere
414 891 644 940 poterunt.

952 959 958 975 Ι

153 963 206 1004 In
231 962 460 1018 margine,
486 961 580 1002 alia
602 975 759 1002 manu.
787 974 828 1003 e.
855 974 913 1002 m.
942 976 971 1015 Τ

838 1074 915 1116 55

297 1164 471 1218 QUAE
508 1162 678 1205 DIXIT
717 1162 894 1204 RDUS.
933 1160 1137 1202 PATER
1176 1156 1446 1201 NATALIS

534 1265 583 1294 IN
607 1263 847 1294 COLLEGIO
872 1261 1158 1292 MOGUNTINO
1183 1248 1209 1288 ¹.

149 1348 286 1403 Quod
317 1362 422 1389 vero
460 1346 621 1390 attinet
649 1347 705 1388 ad
743 1354 921 1401 tempus
959 1342 1260 1399 probationis,
1293 1347 1536 1395 antequam
1575 1339 1685 1380 dent

64 1439 246 1480 operam
275 1424 437 1475 literis,
473 1423 580 1467 satis
617 1423 701 1466 erit
739 1430 828 1465 tres
866 1429 942 1464 aut
980 1428 1174 1475 quatuor
1211 1432 1406 1469 menses,
1447 1422 1685 1472 postquam

67 1501 262 1545 obierint
284 1501 496 1545 exercitia
524 1499 791 1556 spiritualia,
817 1505 1114 1542 exerceantur
1143 1497 1188 1538 in
1217 1494 1377 1538 officiis
1405 1491 1684 1544 domesticis,

65 1584 110 1620 et
131 1584 288 1633 postea
309 1584 522 1633 poterunt
543 1576 652 1632 ipsis
674 1575 861 1619 concedi
890 1574 1055 1625 studia,
1081 1585 1125 1615 et
1149 1571 1368 1628 assignari
1393 1571 1577 1621 classes,
1610 1567 1687 1610 ubi

14 1672 18 1676 ·
59 1653 245 1697 audiant
272 1655 346 1698 vel
382 1654 552 1710 legant:
584 1652 750 1708 poterit
786 1651 872 1694 illis
910 1650 1044 1695 etiam
1074 1651 1162 1692 hoc
1190 1647 1455 1692 exercitium
1488 1644 1601 1696 dari,
1638 1651 1687 1686 ut

58 1731 218 1774 iuuent
260 1739 596 1787 praeceptorem
641 1731 822 1772 infimae
864 1729 936 1771 vel
978 1726 1254 1784 penultimae
1295 1723 1467 1767 classis:
1514 1721 1680 1777 poterit

57 1807 193 1851 etiam
217 1808 376 1863 aliquis
398 1808 495 1851 fieri
524 1822 660 1850 cocus
683 1807 754 1851 vel
777 1805 954 1858 ianitor3
981 1805 1060 1847 sed
1083 1803 1246 1846 ianitor
1269 1816 1363 1844 non
1393 1799 1480 1842 nisi
1510 1799 1583 1851 sit,
1609 1798 1684 1841 cui

11 1932 19 1934 ,
57 1885 181 1927 omni
203 1899 259 1927 ex
281 1891 407 1940 parte
429 1884 542 1927 fides
561 1883 723 1939 poterit
745 1881 963 1933 adhiberi,
989 1888 1034 1925 et
1056 1880 1228 1925 interea
1250 1878 1340 1930 alii,
1368 1877 1404 1920 si
1432 1876 1523 1919 sint
1551 1890 1686 1930 capa-

58 1975 150 2014 ces,
176 1967 388 2017 poterunt
410 1961 610 2012 studere,
635 1968 686 2002 ut
715 1959 929 2002 Matthias
952 1959 986 2002 ².

146 2037 194 2082 Si
217 2037 365 2080 carius
388 2037 544 2080 uinum
567 2037 624 2079 sit
646 2051 779 2092 quam
804 2035 1006 2079 redditus
1029 2033 1271 2090 patiantur,
1298 2030 1490 2075 ceruisia
1518 2029 1678 2086 partim

10 2162 13 2163 ⁷
59 2113 155 2158 dari
179 2114 361 2170 poterit,
389 2115 459 2156 vel
481 2114 616 2157 certis
639 2113 798 2156 diebus
820 2113 930 2155 sola.

149 2193 399 2234 Possumus
421 2191 518 2233 sine
541 2190 756 2246 scrupulo
784 2188 943 2232 missas
972 2188 1216 2238 celebrare,
1243 2185 1321 2228 ubi
1343 2191 1449 2227 sunt
1474 2183 1682 2236 heretici,

36 2267 137 2322 ·qui
160 2267 257 2311 sine
278 2268 489 2310 scandalo
512 2281 603 2310 non
625 2272 815 2323 possunt
846 2265 985 2321 abigi,
1012 2265 1084 2308 vel
1115 2264 1296 2319 quando
1325 2261 1571 2306 necessitas
1601 2260 1685 2304 erit

58 2342 215 2386 iuditio
233 2344 536 2399 superiorum.

129 2457 138 2476 ¹
190 2456 247 2489 Ex
271 2456 491 2501 apographo
522 2466 681 2501 coaevo,
713 2455 752 2490 in
776 2454 909 2490 codice
934 2454 1073 2489 Natal.
1108 2453 1223 2489 instr.
1254 2452 1408 2493 Germ„
1436 2450 1541 2486 foliis
1571 2449 1680 2495 3o3v,

57 2511 167 2558 3o4v.
187 2514 297 2550 Licet
316 2515 354 2550 in
373 2516 444 2550 hoc
464 2519 718 2550 monumento·
733 2525 871 2559 annus,
889 2511 965 2560 quo
983 2513 1151 2559 scriptus
1169 2511 1257 2557 fuit,
1281 2511 1439 2546 minime
1461 2514 1679 2553 annotetur,

57 2572 105 2607 ad
136 2584 309 2608 mensem
335 2566 509 2619 januarii
528 2573 617 2608 anni
638 2573 740 2619 1567,
763 2578 806 2608 ut
824 2572 1018 2618 superius,
1038 2576 1231 2617 spectare„
1258 2571 1336 2605 imo
1355 2581 1441 2616 pars
1467 2569 1569 2603 illius
1595 2579 1682 2602 esse

57 2631 224 2677 videtur,
243 2633 493 2679 quantumvis
521 2633 560 2667 in
583 2632 718 2668 codice
743 2632 963 2678 sejunctum
980 2631 1111 2674 fuerit;
1133 2631 1249 2677 idque
1267 2629 1405 2665 suadet
1423 2629 1550 2674 ipsum
1568 2627 1682 2672 hujus

56 2690 189 2736 scripti
202 2690 468 2735 initium3nam
483 2691 548 2726 illa
563 2692 683 2726 verba
698 2689 835 2734 «Quod
851 2700 943 2725 vero
958 2689 1098 2725 attinet
1112 2689 1160 2724 ad
1174 2695 1350 2734 tempus»
1367 2692 1500 2734 aperte
1516 2687 1681 2720 innuunt

55 2748 148 2784 alias
166 2749 427 2795 praecessisse
446 2750 738 2793 instructiones;
759 2754 798 2784 et
813 2749 913 2783 sicut
932 2748 1034 2794 prior
1047 2760 1068 2783 a
1082 2748 1234 2783 duobus
1249 2747 1415 2782 librariis
1431 2745 1573 2790 scripta
1592 2743 1680 2789 fuit,

55 2805 108 2841 ita
120 2808 215 2843 haec
230 2820 317 2854 pars
332 2819 505 2843 seorsum
521 2814 693 2854 exarata,
704 2818 878 2842 seorsum
895 2806 1012 2842 etiam
1028 2807 1066 2841 in
1081 2806 1215 2841 codice
1230 2805 1355 2852 posita
1371 2810 1445 2841 est.
1463 2803 1575 2837 Edita
1590 2808 1680 2837 sunt

56 2865 169 2911 hujus
183 2867 422 2902 monumenti
441 2866 517 2902 duo
534 2866 752 2912 fragmenta
770 2865 818 2900 de
834 2865 988 2911 studiis,
1008 2865 1046 2901 in
1065 2865 1246 2900 Nlonzcm.
1263 2865 1471 2909 Paedag.,
1487 2872 1574 2908 pag.
1595 2869 1677 2905 795,

56 2925 129 2959 sub
154 2936 192 2961 n.
216 2926 299 2961 116.

125 2985 139 3004 ‘³
190 2985 232 3019 In
248 2985 426 3030 catalogo
444 2985 600 3030 collegii
621 2984 848 3030 moguntini,
871 2996 986 3031 supra
1004 2984 1138 3029 citato,
1154 2984 1249 3017 haec
1263 2983 1468 3016 habentur:
1491 2979 1678 3014 «Mathias

57 3040 259 3089 Molitoris,
279 3043 522 3090 treuirensis‚
541 3043 691 3079 auditor
709 3049 769 3078 est
787 3043 981 3078 secundae
999 3042 1136 3078 classis
1153 3039 1465 3086 grammatices.»
