<?xml version="1.0" encoding="UTF-8"?>
<!DOCTYPE html PUBLIC "-//W3C//DTD XHTML 1.0 Transitional//EN"
    "http://www.w3.org/TR/xhtml1/DTD/xhtml1-transitional.dtd">
<html xmlns="http://www.w3.org/1999/xhtml" xml:lang="en" lang="en">
 <head>
  <title>
</title>
<meta http-equiv="Content-Type" content="text/html;charset=utf-8" />
  <meta name='ocr-system' content='tesseract 3.04.00' />
  <meta name='ocr-capabilities' content='ocr_page ocr_carea ocr_par ocr_line ocrx_word'/>
</head>
<body>
  <div class='ocr_page' id='page_1' title='image "./epistolaephieron11nada_0571.png"; bbox 0 0 2028 3426; ppageno 0'>
   <div class='ocr_carea' id='block_1_1' title="bbox 0 0 52 3426">
    <p class='ocr_par' dir='ltr' id='par_1_1' title="bbox 0 0 52 3426">
     <span class='ocr_line' id='line_1_1' title="bbox 0 0 52 3426; baseline 0 0"><span class='ocrx_word' id='word_1_1' title='bbox 0 0 52 3426; x_wconf 95' lang='lat' dir='ltr'><strong> </strong></span> 
     </span>
    </p>
   </div>
   <div class='ocr_carea' id='block_1_2' title="bbox 683 224 1661 273">
    <p class='ocr_par' dir='ltr' id='par_1_2' title="bbox 683 224 1661 273">
     <span class='ocr_line' id='line_1_2' title="bbox 683 224 1661 273; baseline 0.004 -16"><span class='ocrx_word' id='word_1_2' title='bbox 683 224 1111 259; x_wconf 75' lang='lat' dir='ltr'><strong>INSTRUCTIONES—ol</strong></span> <span class='ocrx_word' id='word_1_3' title='bbox 1595 238 1661 273; x_wconf 82' lang='lat'><strong>545</strong></span> 
     </span>
    </p>
   </div>
   <div class='ocr_carea' id='block_1_3' title="bbox 27 321 1708 1988">
    <p class='ocr_par' dir='ltr' id='par_1_3' title="bbox 87 321 1706 609">
     <span class='ocr_line' id='line_1_3' title="bbox 89 321 1706 378; baseline 0.004 -15"><span class='ocrx_word' id='word_1_4' title='bbox 89 321 210 364; x_wconf 91' lang='lat' dir='ltr'><strong>mino</strong></span> <span class='ocrx_word' id='word_1_5' title='bbox 231 321 507 365; x_wconf 89' lang='lat' dir='ltr'><strong>iudicaretur</strong></span> <span class='ocrx_word' id='word_1_6' title='bbox 528 323 648 377; x_wconf 81' lang='lat' dir='ltr'><strong>quod</strong></span> <span class='ocrx_word' id='word_1_7' title='bbox 671 332 859 378; x_wconf 78' lang='lat' dir='ltr'><strong>egerent</strong></span> <span class='ocrx_word' id='word_1_8' title='bbox 882 325 1141 377; x_wconf 84' lang='lat' dir='ltr'><strong>maioribus,</strong></span> <span class='ocrx_word' id='word_1_9' title='bbox 1168 333 1349 369; x_wconf 88' lang='lat' dir='ltr'><strong>curetur</strong></span> <span class='ocrx_word' id='word_1_10' title='bbox 1372 340 1472 368; x_wconf 90' lang='lat' dir='ltr'><strong>cum</strong></span> <span class='ocrx_word' id='word_1_11' title='bbox 1497 329 1706 371; x_wconf 83' lang='lat' dir='ltr'><strong>aedifica—</strong></span> 
     </span>
     <span class='ocr_line' id='line_1_4' title="bbox 89 398 1706 460; baseline 0.003 -20"><span class='ocrx_word' id='word_1_12' title='bbox 89 398 210 441; x_wconf 88' lang='lat' dir='ltr'><strong>tione</strong></span> <span class='ocrx_word' id='word_1_13' title='bbox 231 407 280 441; x_wconf 90' lang='lat' dir='ltr'><strong>vt</strong></span> <span class='ocrx_word' id='word_1_14' title='bbox 309 413 400 441; x_wconf 93' lang='lat' dir='ltr'><strong>non</strong></span> <span class='ocrx_word' id='word_1_15' title='bbox 428 398 636 442; x_wconf 87' lang='lat' dir='ltr'><strong>amittant</strong></span> <span class='ocrx_word' id='word_1_16' title='bbox 666 399 874 442; x_wconf 89' lang='lat' dir='ltr'><strong>meritum</strong></span> <span class='ocrx_word' id='word_1_17' title='bbox 909 408 954 444; x_wconf 89' lang='lat' dir='ltr'><strong>et</strong></span> <span class='ocrx_word' id='word_1_18' title='bbox 987 403 1184 443; x_wconf 87' lang='lat' dir='ltr'><strong>fructum</strong></span> <span class='ocrx_word' id='word_1_19' title='bbox 1217 402 1491 457; x_wconf 85' lang='lat' dir='ltr'><strong>spiritualem</strong></span> <span class='ocrx_word' id='word_1_20' title='bbox 1526 413 1706 460; x_wconf 83' lang='lat' dir='ltr'><strong>propter</strong></span> 
     </span>
     <span class='ocr_line' id='line_1_5' title="bbox 88 475 1706 532; baseline 0.001 -13"><span class='ocrx_word' id='word_1_21' title='bbox 88 490 185 519; x_wconf 87' lang='lat' dir='ltr'><strong>eam</strong></span> <span class='ocrx_word' id='word_1_22' title='bbox 214 475 349 519; x_wconf 90' lang='lat' dir='ltr'><strong>animi</strong></span> <span class='ocrx_word' id='word_1_23' title='bbox 380 475 687 519; x_wconf 80' lang='lat' dir='ltr'><strong>remissionem</strong></span> <span class='ocrx_word' id='word_1_24' title='bbox 716 483 760 519; x_wconf 88' lang='lat' dir='ltr'><strong>et</strong></span> <span class='ocrx_word' id='word_1_25' title='bbox 792 478 1048 532; x_wconf 86' lang='lat' dir='ltr'><strong>neglectum</strong></span> <span class='ocrx_word' id='word_1_26' title='bbox 1079 478 1490 532; x_wconf 86' lang='lat' dir='ltr'><strong>mortificationum,</strong></span> <span class='ocrx_word' id='word_1_27' title='bbox 1515 482 1593 523; x_wconf 86' lang='lat' dir='ltr'><strong>sed</strong></span> <span class='ocrx_word' id='word_1_28' title='bbox 1622 481 1706 522; x_wconf 70' lang='lat' dir='ltr'><strong>illis·</strong></span> 
     </span>
     <span class='ocr_line' id='line_1_6' title="bbox 87 552 1027 609; baseline 0.003 -15"><span class='ocrx_word' id='word_1_29' title='bbox 87 552 372 595; x_wconf 89' lang='lat' dir='ltr'><strong>mortificatio</strong></span> <span class='ocrx_word' id='word_1_30' title='bbox 394 553 631 596; x_wconf 89' lang='lat' dir='ltr'><strong>commode</strong></span> <span class='ocrx_word' id='word_1_31' title='bbox 653 561 721 596; x_wconf 84' lang='lat' dir='ltr'><strong>est</strong></span> <span class='ocrx_word' id='word_1_32' title='bbox 744 553 1027 609; x_wconf 85' lang='lat' dir='ltr'><strong>imponenda.</strong></span> 
     </span>
    </p>

    <p class='ocr_par' dir='ltr' id='par_1_4' title="bbox 83 619 1708 1139">
     <span class='ocr_line' id='line_1_7' title="bbox 173 619 1707 687; baseline 0.003 -16"><span class='ocrx_word' id='word_1_33' title='bbox 173 629 537 685; x_wconf 85' lang='lat' dir='ltr'><strong>Flagellationes,</strong></span> <span class='ocrx_word' id='word_1_34' title='bbox 563 644 675 684; x_wconf 84' lang='lat' dir='ltr'><strong>quas</strong></span> <span class='ocrx_word' id='word_1_35' title='bbox 698 629 890 672; x_wconf 75' lang='lat' dir='ltr'>dicimus</span> <span class='ocrx_word' id='word_1_36' title='bbox 914 619 1007 675; x_wconf 82' lang='lat'><strong>484</strong></span> <span class='ocrx_word' id='word_1_37' title='bbox 1023 631 1296 687; x_wconf 89' lang='lat' dir='ltr'><strong>disciplinas,</strong></span> <span class='ocrx_word' id='word_1_38' title='bbox 1317 646 1432 686; x_wconf 83' lang='lat' dir='ltr'><strong>quae</strong></span> <span class='ocrx_word' id='word_1_39' title='bbox 1450 633 1544 676; x_wconf 87' lang='lat' dir='ltr'><strong>fieri</strong></span> <span class='ocrx_word' id='word_1_40' title='bbox 1563 635 1707 675; x_wconf 88' lang='lat' dir='ltr'><strong>solent</strong></span> 
     </span>
     <span class='ocr_line' id='line_1_8' title="bbox 86 697 1708 757; baseline 0.004 -11"><span class='ocrx_word' id='word_1_41' title='bbox 86 705 132 746; x_wconf 91' lang='lat' dir='ltr'><strong>in</strong></span> <span class='ocrx_word' id='word_1_42' title='bbox 164 705 423 757; x_wconf 90' lang='lat' dir='ltr'><strong>refectorio,</strong></span> <span class='ocrx_word' id='word_1_43' title='bbox 456 713 500 749; x_wconf 91' lang='lat' dir='ltr'><strong>et</strong></span> <span class='ocrx_word' id='word_1_44' title='bbox 527 705 572 747; x_wconf 91' lang='lat' dir='ltr'><strong>in</strong></span> <span class='ocrx_word' id='word_1_45' title='bbox 597 697 808 748; x_wconf 41' lang='lat' dir='ltr'><strong>‘votorum</strong></span> <span class='ocrx_word' id='word_1_46' title='bbox 840 707 1133 751; x_wconf 89' lang='lat' dir='ltr'><strong>renouatione</strong></span> <span class='ocrx_word' id='word_1_47' title='bbox 1162 722 1263 750; x_wconf 91' lang='lat' dir='ltr'><strong>cum</strong></span> <span class='ocrx_word' id='word_1_48' title='bbox 1292 708 1388 750; x_wconf 89' lang='lat' dir='ltr'><strong>aliis</strong></span> <span class='ocrx_word' id='word_1_49' title='bbox 1422 709 1632 751; x_wconf 85' lang='lat' dir='ltr'><strong>fratribus</strong></span> <span class='ocrx_word' id='word_1_50' title='bbox 1665 718 1708 753; x_wconf 88' lang='lat' dir='ltr'><strong>et</strong></span> 
     </span>
     <span class='ocr_line' id='line_1_9' title="bbox 86 782 1707 840; baseline 0.002 -15"><span class='ocrx_word' id='word_1_51' title='bbox 86 782 319 835; x_wconf 88' lang='lat' dir='ltr'><strong>Patribus,</strong></span> <span class='ocrx_word' id='word_1_52' title='bbox 355 783 463 824; x_wconf 91' lang='lat' dir='ltr'><strong>fiant</strong></span> <span class='ocrx_word' id='word_1_53' title='bbox 496 797 633 837; x_wconf 87' lang='lat' dir='ltr'><strong>super</strong></span> <span class='ocrx_word' id='word_1_54' title='bbox 664 783 862 834; x_wconf 89' lang='lat' dir='ltr'><strong>dorsum,</strong></span> <span class='ocrx_word' id='word_1_55' title='bbox 899 798 980 826; x_wconf 90' lang='lat' dir='ltr'><strong>nec</strong></span> <span class='ocrx_word' id='word_1_56' title='bbox 1014 785 1176 827; x_wconf 84' lang='lat' dir='ltr'><strong>durent</strong></span> <span class='ocrx_word' id='word_1_57' title='bbox 1207 785 1321 826; x_wconf 89' lang='lat' dir='ltr'><strong>vltra</strong></span> <span class='ocrx_word' id='word_1_58' title='bbox 1353 786 1574 840; x_wconf 86' lang='lat' dir='ltr'><strong>psalmum</strong></span> <span class='ocrx_word' id='word_1_59' title='bbox 1613 789 1707 831; x_wconf 74' lang='lat' dir='ltr'><strong>«De</strong></span> 
     </span>
     <span class='ocr_line' id='line_1_10' title="bbox 85 858 1707 917; baseline 0.002 -17"><span class='ocrx_word' id='word_1_60' title='bbox 85 859 363 914; x_wconf 79' lang='lat' dir='ltr'><strong>profundis».</strong></span> <span class='ocrx_word' id='word_1_61' title='bbox 383 858 681 902; x_wconf 85' lang='lat' dir='ltr'><strong>Particulares</strong></span> <span class='ocrx_word' id='word_1_62' title='bbox 700 867 848 901; x_wconf 88' lang='lat' dir='ltr'><strong>autem</strong></span> <span class='ocrx_word' id='word_1_63' title='bbox 868 868 911 902; x_wconf 90' lang='lat' dir='ltr'><strong>et</strong></span> <span class='ocrx_word' id='word_1_64' title='bbox 925 868 1138 912; x_wconf 85' lang='lat' dir='ltr'><strong>secretae,</strong></span> <span class='ocrx_word' id='word_1_65' title='bbox 1155 861 1396 916; x_wconf 79' lang='lat' dir='ltr'><strong>praecipue</strong></span> <span class='ocrx_word' id='word_1_66' title='bbox 1413 876 1513 903; x_wconf 87' lang='lat' dir='ltr'><strong>cum</strong></span> <span class='ocrx_word' id='word_1_67' title='bbox 1530 863 1707 917; x_wconf 87' lang='lat' dir='ltr'><strong>longio-</strong></span> 
     </span>
     <span class='ocr_line' id='line_1_11' title="bbox 85 935 1706 993; baseline 0.002 -16"><span class='ocrx_word' id='word_1_68' title='bbox 85 935 144 977; x_wconf 87' lang='lat' dir='ltr'><strong>ris</strong></span> <span class='ocrx_word' id='word_1_69' title='bbox 167 935 380 990; x_wconf 89' lang='lat' dir='ltr'><strong>temporis</strong></span> <span class='ocrx_word' id='word_1_70' title='bbox 402 949 536 989; x_wconf 88' lang='lat' dir='ltr'><strong>quam</strong></span> <span class='ocrx_word' id='word_1_71' title='bbox 561 935 691 978; x_wconf 86' lang='lat' dir='ltr'><strong>vnius</strong></span> <span class='ocrx_word' id='word_1_72' title='bbox 719 938 813 979; x_wconf 79' lang='lat' dir='ltr'><strong>«De</strong></span> <span class='ocrx_word' id='word_1_73' title='bbox 836 937 1096 991; x_wconf 78' lang='lat' dir='ltr'><strong>profundis»</strong></span> <span class='ocrx_word' id='word_1_74' title='bbox 1124 937 1305 990; x_wconf 84' lang='lat' dir='ltr'><strong>fuerint,</strong></span> <span class='ocrx_word' id='word_1_75' title='bbox 1332 938 1427 980; x_wconf 88' lang='lat' dir='ltr'><strong>fieri</strong></span> <span class='ocrx_word' id='word_1_76' title='bbox 1450 946 1638 993; x_wconf 86' lang='lat' dir='ltr'><strong>possunt</strong></span> <span class='ocrx_word' id='word_1_77' title='bbox 1661 939 1706 981; x_wconf 90' lang='lat' dir='ltr'><strong>in</strong></span> 
     </span>
     <span class='ocr_line' id='line_1_12' title="bbox 84 1011 1705 1068; baseline 0.002 -16"><span class='ocrx_word' id='word_1_78' title='bbox 84 1011 370 1054; x_wconf 88' lang='lat' dir='ltr'><strong>inferioribus</strong></span> <span class='ocrx_word' id='word_1_79' title='bbox 388 1012 606 1068; x_wconf 81' lang='lat' dir='ltr'><strong>partibus3</strong></span> <span class='ocrx_word' id='word_1_80' title='bbox 628 1014 887 1067; x_wconf 86' lang='lat' dir='ltr'><strong>frequentes</strong></span> <span class='ocrx_word' id='word_1_81' title='bbox 905 1013 1022 1056; x_wconf 88' lang='lat' dir='ltr'><strong>enim</strong></span> <span class='ocrx_word' id='word_1_82' title='bbox 1041 1021 1085 1056; x_wconf 88' lang='lat' dir='ltr'><strong>et</strong></span> <span class='ocrx_word' id='word_1_83' title='bbox 1103 1014 1379 1068; x_wconf 82' lang='lat' dir='ltr'><strong>prolixiores,</strong></span> <span class='ocrx_word' id='word_1_84' title='bbox 1397 1015 1433 1057; x_wconf 90' lang='lat' dir='ltr'><strong>si</strong></span> <span class='ocrx_word' id='word_1_85' title='bbox 1452 1016 1504 1057; x_wconf 91' lang='lat' dir='ltr'><strong>ad</strong></span> <span class='ocrx_word' id='word_1_86' title='bbox 1524 1016 1705 1058; x_wconf 86' lang='lat' dir='ltr'><strong>dorsum</strong></span> 
     </span>
     <span class='ocr_line' id='line_1_13' title="bbox 83 1088 848 1139; baseline 0.003 -10"><span class='ocrx_word' id='word_1_87' title='bbox 83 1088 208 1139; x_wconf 90' lang='lat' dir='ltr'><strong>fiant,</strong></span> <span class='ocrx_word' id='word_1_88' title='bbox 234 1089 380 1131; x_wconf 89' lang='lat' dir='ltr'><strong>solent</strong></span> <span class='ocrx_word' id='word_1_89' title='bbox 402 1088 650 1132; x_wconf 85' lang='lat' dir='ltr'><strong>valetudini</strong></span> <span class='ocrx_word' id='word_1_90' title='bbox 673 1090 848 1133; x_wconf 87' lang='lat' dir='ltr'><strong>obesse.</strong></span> 
     </span>
    </p>

    <p class='ocr_par' dir='ltr' id='par_1_5' title="bbox 27 1165 1704 1988">
     <span class='ocr_line' id='line_1_14' title="bbox 173 1165 1704 1222; baseline 0.001 -14"><span class='ocrx_word' id='word_1_91' title='bbox 173 1165 241 1209; x_wconf 88' lang='lat' dir='ltr'><strong>Sit</strong></span> <span class='ocrx_word' id='word_1_92' title='bbox 263 1165 308 1206; x_wconf 91' lang='lat' dir='ltr'><strong>in</strong></span> <span class='ocrx_word' id='word_1_93' title='bbox 330 1172 456 1221; x_wconf 88' lang='lat' dir='ltr'><strong>parte</strong></span> <span class='ocrx_word' id='word_1_94' title='bbox 480 1165 628 1220; x_wconf 85' lang='lat' dir='ltr'><strong>aliqua</strong></span> <span class='ocrx_word' id='word_1_95' title='bbox 650 1166 878 1209; x_wconf 80' lang='lat' dir='ltr'><strong>secretiori</strong></span> <span class='ocrx_word' id='word_1_96' title='bbox 902 1167 1081 1222; x_wconf 77' lang='lat' dir='ltr'><strong>collegii</strong></span> <span class='ocrx_word' id='word_1_97' title='bbox 1105 1167 1362 1209; x_wconf 76' lang='lat' dir='ltr'><strong>cubiculum</strong></span> <span class='ocrx_word' id='word_1_98' title='bbox 1385 1183 1523 1210; x_wconf 89' lang='lat' dir='ltr'><strong>vnum</strong></span> <span class='ocrx_word' id='word_1_99' title='bbox 1549 1169 1704 1210; x_wconf 86' lang='lat' dir='ltr'><strong>morti-</strong></span> 
     </span>
     <span class='ocr_line' id='line_1_15' title="bbox 83 1242 1704 1299; baseline 0.002 -15"><span class='ocrx_word' id='word_1_100' title='bbox 83 1242 369 1286; x_wconf 86' lang='lat' dir='ltr'><strong>ficationibus</strong></span> <span class='ocrx_word' id='word_1_101' title='bbox 406 1242 698 1294; x_wconf 88' lang='lat' dir='ltr'><strong>destinatum,</strong></span> <span class='ocrx_word' id='word_1_102' title='bbox 731 1243 805 1284; x_wconf 84' lang='lat' dir='ltr'><strong>vbi</strong></span> <span class='ocrx_word' id='word_1_103' title='bbox 843 1243 1105 1299; x_wconf 89' lang='lat' dir='ltr'><strong>disciplinae</strong></span> <span class='ocrx_word' id='word_1_104' title='bbox 1144 1245 1318 1299; x_wconf 77' lang='lat' dir='ltr'><strong>aliquae</strong></span> <span class='ocrx_word' id='word_1_105' title='bbox 1356 1246 1625 1297; x_wconf 74' lang='lat' dir='ltr'><strong>habeantur,</strong></span> <span class='ocrx_word' id='word_1_106' title='bbox 1661 1256 1704 1289; x_wconf 89' lang='lat' dir='ltr'><strong>et</strong></span> 
     </span>
     <span class='ocr_line' id='line_1_16' title="bbox 82 1319 1703 1375; baseline 0.003 -15"><span class='ocrx_word' id='word_1_107' title='bbox 82 1319 275 1363; x_wconf 89' lang='lat' dir='ltr'><strong>deuotae</strong></span> <span class='ocrx_word' id='word_1_108' title='bbox 297 1319 521 1375; x_wconf 82' lang='lat' dir='ltr'><strong>imagines</strong></span> <span class='ocrx_word' id='word_1_109' title='bbox 542 1320 762 1374; x_wconf 85' lang='lat' dir='ltr'><strong>passionis</strong></span> <span class='ocrx_word' id='word_1_110' title='bbox 785 1320 972 1374; x_wconf 83' lang='lat' dir='ltr'><strong>Christi,</strong></span> <span class='ocrx_word' id='word_1_111' title='bbox 999 1320 1146 1375; x_wconf 84' lang='lat' dir='ltr'><strong>sitque</strong></span> <span class='ocrx_word' id='word_1_112' title='bbox 1169 1321 1496 1373; x_wconf 88' lang='lat' dir='ltr'><strong>huiuscemodi,</strong></span> <span class='ocrx_word' id='word_1_113' title='bbox 1519 1330 1565 1363; x_wconf 89' lang='lat' dir='ltr'><strong>vt</strong></span> <span class='ocrx_word' id='word_1_114' title='bbox 1583 1324 1703 1365; x_wconf 86' lang='lat' dir='ltr'><strong>clau-</strong></span> 
     </span>
     <span class='ocr_line' id='line_1_17' title="bbox 83 1395 1704 1454; baseline 0.002 -16"><span class='ocrx_word' id='word_1_115' title='bbox 83 1396 127 1438; x_wconf 93' lang='lat' dir='ltr'><strong>di</strong></span> <span class='ocrx_word' id='word_1_116' title='bbox 144 1395 285 1451; x_wconf 89' lang='lat' dir='ltr'><strong>possit</strong></span> <span class='ocrx_word' id='word_1_117' title='bbox 303 1397 358 1437; x_wconf 87' lang='lat' dir='ltr'><strong>ab</strong></span> <span class='ocrx_word' id='word_1_118' title='bbox 376 1395 576 1439; x_wconf 87' lang='lat' dir='ltr'><strong>interiori</strong></span> <span class='ocrx_word' id='word_1_119' title='bbox 599 1405 741 1451; x_wconf 91' lang='lat' dir='ltr'><strong>parte,</strong></span> <span class='ocrx_word' id='word_1_120' title='bbox 764 1404 810 1438; x_wconf 82' lang='lat' dir='ltr'><strong>vt</strong></span> <span class='ocrx_word' id='word_1_121' title='bbox 835 1399 991 1439; x_wconf 83' lang='lat' dir='ltr'><strong>Patres</strong></span> <span class='ocrx_word' id='word_1_122' title='bbox 1010 1411 1062 1439; x_wconf 90' lang='lat' dir='ltr'><strong>ac</strong></span> <span class='ocrx_word' id='word_1_123' title='bbox 1087 1398 1244 1441; x_wconf 87' lang='lat' dir='ltr'><strong>fratres</strong></span> <span class='ocrx_word' id='word_1_124' title='bbox 1262 1406 1434 1442; x_wconf 89' lang='lat' dir='ltr'><strong>secrete</strong></span> <span class='ocrx_word' id='word_1_125' title='bbox 1451 1414 1588 1454; x_wconf 90' lang='lat' dir='ltr'><strong>agere</strong></span> <span class='ocrx_word' id='word_1_126' title='bbox 1605 1415 1704 1454; x_wconf 90' lang='lat' dir='ltr'><strong>pos-</strong></span> 
     </span>
     <span class='ocr_line' id='line_1_18' title="bbox 82 1471 1702 1527; baseline 0.003 -14"><span class='ocrx_word' id='word_1_127' title='bbox 82 1472 172 1514; x_wconf 88' lang='lat' dir='ltr'><strong>sint</strong></span> <span class='ocrx_word' id='word_1_128' title='bbox 193 1471 452 1527; x_wconf 88' lang='lat' dir='ltr'><strong>disciplinas</strong></span> <span class='ocrx_word' id='word_1_129' title='bbox 475 1487 595 1514; x_wconf 88' lang='lat' dir='ltr'><strong>suas.</strong></span> <span class='ocrx_word' id='word_1_130' title='bbox 623 1472 780 1515; x_wconf 86' lang='lat' dir='ltr'><strong>Cilicia</strong></span> <span class='ocrx_word' id='word_1_131' title='bbox 803 1488 894 1514; x_wconf 86' lang='lat' dir='ltr'><strong>non</strong></span> <span class='ocrx_word' id='word_1_132' title='bbox 917 1473 1005 1515; x_wconf 91' lang='lat' dir='ltr'><strong>illic</strong></span> <span class='ocrx_word' id='word_1_133' title='bbox 1027 1481 1176 1525; x_wconf 87' lang='lat' dir='ltr'><strong>erunt,</strong></span> <span class='ocrx_word' id='word_1_134' title='bbox 1209 1475 1287 1516; x_wconf 90' lang='lat' dir='ltr'><strong>sed</strong></span> <span class='ocrx_word' id='word_1_135' title='bbox 1316 1489 1368 1517; x_wconf 90' lang='lat' dir='ltr'><strong>ea</strong></span> <span class='ocrx_word' id='word_1_136' title='bbox 1399 1475 1597 1518; x_wconf 87' lang='lat' dir='ltr'><strong>seruabit</strong></span> <span class='ocrx_word' id='word_1_137' title='bbox 1626 1491 1702 1518; x_wconf 88' lang='lat' dir='ltr'><strong>su-</strong></span> 
     </span>
     <span class='ocr_line' id='line_1_19' title="bbox 81 1547 1700 1604; baseline 0.002 -13"><span class='ocrx_word' id='word_1_138' title='bbox 81 1547 229 1604; x_wconf 91' lang='lat' dir='ltr'><strong>perior</strong></span> <span class='ocrx_word' id='word_1_139' title='bbox 251 1555 329 1591; x_wconf 89' lang='lat' dir='ltr'><strong>aut</strong></span> <span class='ocrx_word' id='word_1_140' title='bbox 351 1547 510 1604; x_wconf 88' lang='lat' dir='ltr'><strong>aliquis</strong></span> <span class='ocrx_word' id='word_1_141' title='bbox 533 1564 588 1592; x_wconf 81' lang='lat' dir='ltr'><strong>ex</strong></span> <span class='ocrx_word' id='word_1_142' title='bbox 613 1549 913 1593; x_wconf 86' lang='lat' dir='ltr'><strong>confessariis.</strong></span> <span class='ocrx_word' id='word_1_143' title='bbox 939 1551 1078 1604; x_wconf 77' lang='lat' dir='ltr'><strong>Quod</strong></span> <span class='ocrx_word' id='word_1_144' title='bbox 1101 1550 1136 1592; x_wconf 90' lang='lat' dir='ltr'><strong>si</strong></span> <span class='ocrx_word' id='word_1_145' title='bbox 1157 1551 1278 1592; x_wconf 88' lang='lat' dir='ltr'><strong>nulla</strong></span> <span class='ocrx_word' id='word_1_146' title='bbox 1296 1550 1385 1593; x_wconf 81' lang='lat' dir='ltr'><strong>sint</strong></span> <span class='ocrx_word' id='word_1_147' title='bbox 1403 1552 1523 1594; x_wconf 83' lang='lat' dir='ltr'><strong>domi</strong></span> <span class='ocrx_word' id='word_1_148' title='bbox 1541 1552 1700 1603; x_wconf 85' lang='lat' dir='ltr'><strong>cilicia,</strong></span> 
     </span>
     <span class='ocr_line' id='line_1_20' title="bbox 81 1624 1703 1684; baseline 0.003 -18"><span class='ocrx_word' id='word_1_149' title='bbox 81 1624 321 1667; x_wconf 89' lang='lat' dir='ltr'><strong>iubeantur</strong></span> <span class='ocrx_word' id='word_1_150' title='bbox 353 1625 449 1668; x_wconf 88' lang='lat' dir='ltr'><strong>fieri</strong></span> <span class='ocrx_word' id='word_1_151' title='bbox 471 1624 620 1680; x_wconf 89' lang='lat' dir='ltr'><strong>aliqua</strong></span> <span class='ocrx_word' id='word_1_152' title='bbox 652 1640 829 1680; x_wconf 83' lang='lat' dir='ltr'><strong>aspera,</strong></span> <span class='ocrx_word' id='word_1_153' title='bbox 860 1626 946 1668; x_wconf 89' lang='lat' dir='ltr'><strong>alia</strong></span> <span class='ocrx_word' id='word_1_154' title='bbox 976 1625 1116 1678; x_wconf 88' lang='lat' dir='ltr'><strong>leuia;</strong></span> <span class='ocrx_word' id='word_1_155' title='bbox 1153 1627 1242 1669; x_wconf 89' lang='lat' dir='ltr'><strong>sint</strong></span> <span class='ocrx_word' id='word_1_156' title='bbox 1274 1627 1408 1670; x_wconf 88' lang='lat' dir='ltr'><strong>etiam</strong></span> <span class='ocrx_word' id='word_1_157' title='bbox 1442 1628 1703 1684; x_wconf 83' lang='lat' dir='ltr'><strong>disciplinae</strong></span> 
     </span>
     <span class='ocr_line' id='line_1_21' title="bbox 81 1701 1701 1758; baseline 0.002 -14"><span class='ocrx_word' id='word_1_158' title='bbox 81 1701 179 1745; x_wconf 89' lang='lat' dir='ltr'><strong>siue</strong></span> <span class='ocrx_word' id='word_1_159' title='bbox 205 1702 384 1757; x_wconf 87' lang='lat' dir='ltr'><strong>flagella</strong></span> <span class='ocrx_word' id='word_1_160' title='bbox 417 1717 471 1746; x_wconf 92' lang='lat' dir='ltr'><strong>eo</strong></span> <span class='ocrx_word' id='word_1_161' title='bbox 501 1717 706 1754; x_wconf 89' lang='lat' dir='ltr'><strong>numero,</strong></span> <span class='ocrx_word' id='word_1_162' title='bbox 733 1711 779 1743; x_wconf 87' lang='lat' dir='ltr'><strong>vt</strong></span> <span class='ocrx_word' id='word_1_163' title='bbox 813 1702 978 1758; x_wconf 79' lang='lat' dir='ltr'><strong>singuli</strong></span> <span class='ocrx_word' id='word_1_164' title='bbox 1005 1705 1162 1745; x_wconf 87' lang='lat' dir='ltr'><strong>Patres</strong></span> <span class='ocrx_word' id='word_1_165' title='bbox 1194 1711 1239 1746; x_wconf 89' lang='lat' dir='ltr'><strong>et</strong></span> <span class='ocrx_word' id='word_1_166' title='bbox 1262 1705 1421 1748; x_wconf 87' lang='lat' dir='ltr'><strong>fratres</strong></span> <span class='ocrx_word' id='word_1_167' title='bbox 1450 1706 1542 1748; x_wconf 88' lang='grc'><strong>485</strong></span> <span class='ocrx_word' id='word_1_168' title='bbox 1576 1721 1701 1748; x_wconf 89' lang='lat' dir='ltr'><strong>suam</strong></span> 
     </span>
     <span class='ocr_line' id='line_1_22' title="bbox 27 1778 1698 1826; baseline 0.002 -6"><span class='ocrx_word' id='word_1_169' title='bbox 27 1781 43 1808; x_wconf 82' lang='grc'><strong>’-</strong></span> <span class='ocrx_word' id='word_1_170' title='bbox 80 1779 293 1822; x_wconf 86' lang='lat' dir='ltr'><strong>habeant.</strong></span> <span class='ocrx_word' id='word_1_171' title='bbox 322 1779 472 1821; x_wconf 84' lang='lat' dir='ltr'><strong>Huius</strong></span> <span class='ocrx_word' id='word_1_172' title='bbox 495 1778 691 1821; x_wconf 88' lang='lat' dir='ltr'><strong>cubiculi</strong></span> <span class='ocrx_word' id='word_1_173' title='bbox 715 1780 889 1822; x_wconf 88' lang='lat' dir='ltr'><strong>clauem</strong></span> <span class='ocrx_word' id='word_1_174' title='bbox 913 1780 1097 1822; x_wconf 86' lang='lat' dir='ltr'><strong>habebit</strong></span> <span class='ocrx_word' id='word_1_175' title='bbox 1121 1789 1266 1823; x_wconf 89' lang='lat' dir='ltr'><strong>rector</strong></span> <span class='ocrx_word' id='word_1_176' title='bbox 1288 1782 1360 1824; x_wconf 85' lang='lat' dir='ltr'><strong>vel</strong></span> <span class='ocrx_word' id='word_1_177' title='bbox 1382 1783 1698 1826; x_wconf 82' lang='lat' dir='ltr'><strong>confessarius.</strong></span> 
     </span>
     <span class='ocr_line' id='line_1_23' title="bbox 80 1844 1701 1913; baseline 0.001 -15"><span class='ocrx_word' id='word_1_178' title='bbox 80 1855 211 1899; x_wconf 87' lang='lat' dir='ltr'><strong>Sacci</strong></span> <span class='ocrx_word' id='word_1_179' title='bbox 232 1863 465 1911; x_wconf 85' lang='lat' dir='ltr'><strong>praeterea</strong></span> <span class='ocrx_word' id='word_1_180' title='bbox 487 1856 673 1911; x_wconf 87' lang='lat' dir='ltr'><strong>parandi</strong></span> <span class='ocrx_word' id='word_1_181' title='bbox 697 1870 750 1898; x_wconf 87' lang='lat' dir='ltr'><strong>ex</strong></span> <span class='ocrx_word' id='word_1_182' title='bbox 775 1857 862 1898; x_wconf 88' lang='lat' dir='ltr'><strong>tela</strong></span> <span class='ocrx_word' id='word_1_183' title='bbox 894 1856 1040 1911; x_wconf 87' lang='lat' dir='ltr'><strong>nigra,</strong></span> <span class='ocrx_word' id='word_1_184' title='bbox 1066 1858 1122 1899; x_wconf 89' lang='lat' dir='ltr'><strong>ad</strong></span> <span class='ocrx_word' id='word_1_185' title='bbox 1153 1844 1335 1899; x_wconf 86' lang='lat' dir='ltr'><strong>dorsum</strong></span> <span class='ocrx_word' id='word_1_186' title='bbox 1369 1858 1430 1901; x_wconf 91' lang='lat' dir='ltr'><strong>ita</strong></span> <span class='ocrx_word' id='word_1_187' title='bbox 1462 1860 1618 1913; x_wconf 84' lang='lat' dir='ltr'><strong>aperti,</strong></span> <span class='ocrx_word' id='word_1_188' title='bbox 1655 1868 1701 1901; x_wconf 87' lang='lat' dir='ltr'><strong>vt</strong></span> 
     </span>
     <span class='ocr_line' id='line_1_24' title="bbox 80 1932 1276 1988; baseline 0.002 -14"><span class='ocrx_word' id='word_1_189' title='bbox 80 1932 221 1976; x_wconf 87' lang='lat' dir='ltr'><strong>libere</strong></span> <span class='ocrx_word' id='word_1_190' title='bbox 243 1932 384 1987; x_wconf 86' lang='lat' dir='ltr'><strong>possit</strong></span> <span class='ocrx_word' id='word_1_191' title='bbox 407 1933 605 1976; x_wconf 86' lang='lat' dir='ltr'><strong>exerceri</strong></span> <span class='ocrx_word' id='word_1_192' title='bbox 627 1932 886 1988; x_wconf 89' lang='lat' dir='ltr'><strong>flagellatio,</strong></span> <span class='ocrx_word' id='word_1_193' title='bbox 913 1933 987 1975; x_wconf 85' lang='lat' dir='ltr'><strong>vbi</strong></span> <span class='ocrx_word' id='word_1_194' title='bbox 1010 1933 1189 1988; x_wconf 87' lang='lat' dir='ltr'><strong>publice</strong></span> <span class='ocrx_word' id='word_1_195' title='bbox 1211 1935 1276 1976; x_wconf 80' lang='lat' dir='ltr'><strong>fit.</strong></span> 
     </span>
    </p>
   </div>
   <div class='ocr_carea' id='block_1_4' title="bbox 700 2066 1080 2096">
    <p class='ocr_par' dir='ltr' id='par_1_6' title="bbox 700 2066 1080 2096">
     <span class='ocr_line' id='line_1_25' title="bbox 700 2066 1080 2096; baseline 0.003 -1"><span class='ocrx_word' id='word_1_196' title='bbox 700 2067 760 2095; x_wconf 88' lang='lat' dir='ltr'><strong>DE</strong></span> <span class='ocrx_word' id='word_1_197' title='bbox 786 2066 1080 2096; x_wconf 81' lang='lat' dir='ltr'><strong>OBEDIENTIA</strong></span> 
     </span>
    </p>
   </div>
   <div class='ocr_carea' id='block_1_5' title="bbox 27 2164 1702 2985">
    <p class='ocr_par' dir='ltr' id='par_1_7' title="bbox 27 2164 1700 2668">
     <span class='ocr_line' id='line_1_26' title="bbox 168 2164 1700 2211; baseline 0.001 -2"><span class='ocrx_word' id='word_1_198' title='bbox 168 2165 287 2209; x_wconf 91' lang='lat' dir='ltr'><strong>Vnio</strong></span> <span class='ocrx_word' id='word_1_199' title='bbox 311 2173 354 2207; x_wconf 88' lang='lat' dir='ltr'><strong>et</strong></span> <span class='ocrx_word' id='word_1_200' title='bbox 377 2165 525 2207; x_wconf 87' lang='lat' dir='ltr'><strong>vnitas</strong></span> <span class='ocrx_word' id='word_1_201' title='bbox 547 2164 830 2207; x_wconf 87' lang='lat' dir='ltr'><strong>obedientiae</strong></span> <span class='ocrx_word' id='word_1_202' title='bbox 851 2173 897 2207; x_wconf 93' lang='lat' dir='ltr'><strong>et</strong></span> <span class='ocrx_word' id='word_1_203' title='bbox 925 2165 1236 2208; x_wconf 86' lang='lat' dir='ltr'><strong>subordinatio</strong></span> <span class='ocrx_word' id='word_1_204' title='bbox 1265 2168 1565 2211; x_wconf 86' lang='lat' dir='ltr'><strong>obseruentur</strong></span> <span class='ocrx_word' id='word_1_205' title='bbox 1596 2184 1700 2211; x_wconf 75' lang='lat' dir='ltr'><strong>exa—</strong></span> 
     </span>
     <span class='ocr_line' id='line_1_27' title="bbox 81 2241 1699 2297; baseline 0.001 -13"><span class='ocrx_word' id='word_1_206' title='bbox 81 2242 294 2286; x_wconf 85' lang='lat' dir='ltr'><strong>ctissime.</strong></span> <span class='ocrx_word' id='word_1_207' title='bbox 329 2242 543 2285; x_wconf 84' lang='lat' dir='ltr'><strong>Referant</strong></span> <span class='ocrx_word' id='word_1_208' title='bbox 576 2248 773 2284; x_wconf 86' lang='lat' dir='ltr'><strong>rectores</strong></span> <span class='ocrx_word' id='word_1_209' title='bbox 803 2256 959 2284; x_wconf 89' lang='lat' dir='ltr'><strong>omnes</strong></span> <span class='ocrx_word' id='word_1_210' title='bbox 989 2241 1034 2283; x_wconf 90' lang='lat' dir='ltr'><strong>in</strong></span> <span class='ocrx_word' id='word_1_211' title='bbox 1063 2242 1225 2284; x_wconf 82' lang='lat' dir='ltr'><strong>librum</strong></span> <span class='ocrx_word' id='word_1_212' title='bbox 1258 2243 1451 2297; x_wconf 84' lang='lat' dir='ltr'><strong>aliquem</strong></span> <span class='ocrx_word' id='word_1_213' title='bbox 1485 2245 1699 2287; x_wconf 80' lang='lat' dir='ltr'><strong>obedien-</strong></span> 
     </span>
     <span class='ocr_line' id='line_1_28' title="bbox 30 2304 1700 2381; baseline -0.001 -21"><span class='ocrx_word' id='word_1_214' title='bbox 30 2335 32 2338; x_wconf 50' lang='lat'><em>*</em></span> <span class='ocrx_word' id='word_1_215' title='bbox 81 2319 180 2370; x_wconf 87' lang='lat' dir='ltr'><strong>tias,</strong></span> <span class='ocrx_word' id='word_1_216' title='bbox 204 2333 320 2373; x_wconf 80' lang='lat' dir='ltr'><strong>quae</strong></span> <span class='ocrx_word' id='word_1_217' title='bbox 342 2318 691 2374; x_wconf 84' lang='lat' dir='ltr'><strong>proficiscuntur</strong></span> <span class='ocrx_word' id='word_1_218' title='bbox 714 2333 737 2360; x_wconf 90' lang='lat' dir='ltr'><strong>a</strong></span> <span class='ocrx_word' id='word_1_219' title='bbox 760 2304 959 2374; x_wconf 82' lang='lat' dir='ltr'><strong>generali</strong></span> <span class='ocrx_word' id='word_1_220' title='bbox 983 2319 1236 2381; x_wconf 71' lang='lat' dir='ltr'><strong>praeposito</strong></span> <span class='ocrx_word' id='word_1_221' title='bbox 1258 2320 1330 2363; x_wconf 79' lang='lat' dir='ltr'><strong>vel</strong></span> <span class='ocrx_word' id='word_1_222' title='bbox 1353 2335 1378 2362; x_wconf 88' lang='lat' dir='ltr'><strong>a</strong></span> <span class='ocrx_word' id='word_1_223' title='bbox 1397 2321 1700 2362; x_wconf 66' lang='lat' dir='ltr'><strong>commissario</strong></span> 
     </span>
     <span class='ocr_line' id='line_1_29' title="bbox 30 2394 1578 2450; baseline 0 -13"><span class='ocrx_word' id='word_1_224' title='bbox 30 2396 32 2398; x_wconf 69' lang='grc'>’</span> <span class='ocrx_word' id='word_1_225' title='bbox 79 2395 151 2437; x_wconf 92' lang='lat' dir='ltr'><strong>vel</strong></span> <span class='ocrx_word' id='word_1_226' title='bbox 173 2410 200 2437; x_wconf 87' lang='lat' dir='ltr'><strong>a</strong></span> <span class='ocrx_word' id='word_1_227' title='bbox 221 2394 574 2450; x_wconf 49' lang='lat' dir='ltr'><strong>prouinciali,·et</strong></span> <span class='ocrx_word' id='word_1_228' title='bbox 598 2394 772 2436; x_wconf 89' lang='lat' dir='ltr'><strong>illarum</strong></span> <span class='ocrx_word' id='word_1_229' title='bbox 797 2394 1007 2449; x_wconf 84' lang='lat' dir='ltr'><strong>exigatur</strong></span> <span class='ocrx_word' id='word_1_230' title='bbox 1029 2394 1141 2436; x_wconf 90' lang='lat' dir='ltr'><strong>ratio</strong></span> <span class='ocrx_word' id='word_1_231' title='bbox 1165 2397 1207 2436; x_wconf 90' lang='lat' dir='ltr'><strong>in</strong></span> <span class='ocrx_word' id='word_1_232' title='bbox 1232 2395 1578 2438; x_wconf 84' lang='lat' dir='ltr'><strong>visitationibus.</strong></span> 
     </span>
     <span class='ocr_line' id='line_1_30' title="bbox 167 2470 1699 2525; baseline 0.001 -12"><span class='ocrx_word' id='word_1_233' title='bbox 167 2473 380 2514; x_wconf 86' lang='lat' dir='ltr'><strong>Referent</strong></span> <span class='ocrx_word' id='word_1_234' title='bbox 403 2471 508 2513; x_wconf 90' lang='lat' dir='ltr'><strong>item</strong></span> <span class='ocrx_word' id='word_1_235' title='bbox 532 2485 637 2514; x_wconf 87' lang='lat' dir='ltr'><strong>suas</strong></span> <span class='ocrx_word' id='word_1_236' title='bbox 659 2470 705 2512; x_wconf 91' lang='lat' dir='ltr'><strong>in</strong></span> <span class='ocrx_word' id='word_1_237' title='bbox 734 2485 865 2512; x_wconf 90' lang='lat' dir='ltr'><strong>suum</strong></span> <span class='ocrx_word' id='word_1_238' title='bbox 898 2470 1061 2512; x_wconf 88' lang='lat' dir='ltr'><strong>librum</strong></span> <span class='ocrx_word' id='word_1_239' title='bbox 1091 2471 1388 2525; x_wconf 85' lang='lat' dir='ltr'><strong>prouinciales</strong></span> <span class='ocrx_word' id='word_1_240' title='bbox 1416 2480 1460 2513; x_wconf 88' lang='lat' dir='ltr'><strong>et</strong></span> <span class='ocrx_word' id='word_1_241' title='bbox 1493 2473 1699 2514; x_wconf 85' lang='lat' dir='ltr'><strong>commis-</strong></span> 
     </span>
     <span class='ocr_line' id='line_1_31' title="bbox 27 2541 1699 2603; baseline -0.001 -13"><span class='ocrx_word' id='word_1_242' title='bbox 27 2541 31 2543; x_wconf 26' lang='lat'><em>*</em></span> <span class='ocrx_word' id='word_1_243' title='bbox 80 2547 199 2600; x_wconf 87' lang='lat' dir='ltr'><strong>sarii;</strong></span> <span class='ocrx_word' id='word_1_244' title='bbox 225 2563 328 2590; x_wconf 88' lang='lat' dir='ltr'><strong>nam</strong></span> <span class='ocrx_word' id='word_1_245' title='bbox 358 2555 402 2591; x_wconf 86' lang='lat' dir='ltr'><strong>et</strong></span> <span class='ocrx_word' id='word_1_246' title='bbox 429 2547 475 2589; x_wconf 91' lang='lat' dir='ltr'><strong>hi</strong></span> <span class='ocrx_word' id='word_1_247' title='bbox 505 2546 722 2590; x_wconf 89' lang='lat' dir='ltr'><strong>reddituri</strong></span> <span class='ocrx_word' id='word_1_248' title='bbox 745 2553 851 2588; x_wconf 87' lang='lat' dir='ltr'><strong>sunt</strong></span> <span class='ocrx_word' id='word_1_249' title='bbox 874 2546 1091 2590; x_wconf 90' lang='lat' dir='ltr'><strong>rationem</strong></span> <span class='ocrx_word' id='word_1_250' title='bbox 1116 2548 1188 2588; x_wconf 89' lang='lat' dir='ltr'><strong>vel</strong></span> <span class='ocrx_word' id='word_1_251' title='bbox 1217 2548 1416 2602; x_wconf 85' lang='lat' dir='ltr'><strong>generali</strong></span> <span class='ocrx_word' id='word_1_252' title='bbox 1447 2548 1699 2603; x_wconf 86' lang='lat' dir='ltr'><strong>praeposito</strong></span> 
     </span>
     <span class='ocr_line' id='line_1_32' title="bbox 82 2623 494 2668; baseline 0.005 -4"><span class='ocrx_word' id='word_1_253' title='bbox 82 2624 151 2668; x_wconf 82' lang='lat' dir='ltr'><strong>vel</strong></span> <span class='ocrx_word' id='word_1_254' title='bbox 174 2623 494 2666; x_wconf 88' lang='lat' dir='ltr'><strong>commissario.</strong></span> 
     </span>
    </p>

    <p class='ocr_par' dir='ltr' id='par_1_8' title="bbox 28 2699 1702 2985">
     <span class='ocr_line' id='line_1_33' title="bbox 168 2699 1698 2755; baseline -0.002 -12"><span class='ocrx_word' id='word_1_255' title='bbox 168 2699 256 2743; x_wconf 86' lang='lat' dir='ltr'><strong>Vbi</strong></span> <span class='ocrx_word' id='word_1_256' title='bbox 278 2699 379 2754; x_wconf 83' lang='lat' dir='ltr'><strong>quis</strong></span> <span class='ocrx_word' id='word_1_257' title='bbox 402 2701 458 2743; x_wconf 92' lang='lat' dir='ltr'><strong>ad</strong></span> <span class='ocrx_word' id='word_1_258' title='bbox 480 2699 733 2755; x_wconf 88' lang='lat' dir='ltr'><strong>superiores</strong></span> <span class='ocrx_word' id='word_1_259' title='bbox 755 2699 1071 2742; x_wconf 90' lang='lat' dir='ltr'><strong>subordinatos</strong></span> <span class='ocrx_word' id='word_1_260' title='bbox 1094 2699 1267 2742; x_wconf 89' lang='lat' dir='ltr'><strong>accedit</strong></span> <span class='ocrx_word' id='word_1_261' title='bbox 1291 2700 1439 2753; x_wconf 84' lang='lat' dir='ltr'><strong>aliqua</strong></span> <span class='ocrx_word' id='word_1_262' title='bbox 1459 2701 1514 2742; x_wconf 90' lang='lat' dir='ltr'><strong>de</strong></span> <span class='ocrx_word' id='word_1_263' title='bbox 1539 2715 1599 2750; x_wconf 89' lang='lat' dir='ltr'><strong>re,</strong></span> <span class='ocrx_word' id='word_1_264' title='bbox 1633 2700 1698 2741; x_wconf 90' lang='lat' dir='ltr'><strong>in-</strong></span> 
     </span>
     <span class='ocr_line' id='line_1_34' title="bbox 41 2775 1694 2832; baseline -0.001 -12"><span class='ocrx_word' id='word_1_265' title='bbox 41 2818 43 2820; x_wconf 77' lang='lat'>.</span> <span class='ocrx_word' id='word_1_266' title='bbox 81 2783 335 2832; x_wconf 88' lang='lat' dir='ltr'><strong>terrogetur</strong></span> <span class='ocrx_word' id='word_1_267' title='bbox 372 2776 461 2820; x_wconf 82' lang='lat'><strong>486</strong></span> <span class='ocrx_word' id='word_1_268' title='bbox 500 2791 558 2818; x_wconf 87' lang='lat' dir='ltr'><strong>an</strong></span> <span class='ocrx_word' id='word_1_269' title='bbox 596 2775 719 2831; x_wconf 90' lang='lat' dir='ltr'><strong>prius</strong></span> <span class='ocrx_word' id='word_1_270' title='bbox 756 2776 813 2818; x_wconf 91' lang='lat' dir='ltr'><strong>ad</strong></span> <span class='ocrx_word' id='word_1_271' title='bbox 850 2776 1039 2818; x_wconf 90' lang='lat' dir='ltr'><strong>alterum</strong></span> <span class='ocrx_word' id='word_1_272' title='bbox 1077 2775 1316 2818; x_wconf 87' lang='lat' dir='ltr'><strong>accesserit</strong></span> <span class='ocrx_word' id='word_1_273' title='bbox 1348 2777 1502 2818; x_wconf 87' lang='lat' dir='ltr'><strong>eadem</strong></span> <span class='ocrx_word' id='word_1_274' title='bbox 1540 2776 1596 2817; x_wconf 90' lang='lat' dir='ltr'><strong>de</strong></span> <span class='ocrx_word' id='word_1_275' title='bbox 1629 2791 1694 2827; x_wconf 87' lang='lat' dir='ltr'><strong>re,</strong></span> 
     </span>
     <span class='ocr_line' id='line_1_35' title="bbox 28 2851 1702 2908; baseline -0.001 -14"><span class='ocrx_word' id='word_1_276' title='bbox 28 2897 35 2904; x_wconf 62' lang='grc'><strong><em>,</em></strong></span> <span class='ocrx_word' id='word_1_277' title='bbox 81 2851 254 2895; x_wconf 87' lang='lat' dir='ltr'><strong>etiamsi</strong></span> <span class='ocrx_word' id='word_1_278' title='bbox 271 2854 327 2895; x_wconf 91' lang='lat' dir='ltr'><strong>ad</strong></span> <span class='ocrx_word' id='word_1_279' title='bbox 344 2866 602 2908; x_wconf 87' lang='lat' dir='ltr'><strong>supremum</strong></span> <span class='ocrx_word' id='word_1_280' title='bbox 625 2852 826 2903; x_wconf 88' lang='lat' dir='ltr'><strong>accedat,</strong></span> <span class='ocrx_word' id='word_1_281' title='bbox 847 2858 892 2895; x_wconf 91' lang='lat' dir='ltr'><strong>et</strong></span> <span class='ocrx_word' id='word_1_282' title='bbox 913 2851 1025 2893; x_wconf 87' lang='lat' dir='ltr'><strong>sciat</strong></span> <span class='ocrx_word' id='word_1_283' title='bbox 1047 2851 1154 2905; x_wconf 85' lang='lat' dir='ltr'><strong>quid</strong></span> <span class='ocrx_word' id='word_1_284' title='bbox 1176 2851 1238 2892; x_wconf 90' lang='lat' dir='ltr'><strong>illi</strong></span> <span class='ocrx_word' id='word_1_285' title='bbox 1262 2866 1523 2906; x_wconf 88' lang='lat' dir='ltr'><strong>responsum</strong></span> <span class='ocrx_word' id='word_1_286' title='bbox 1546 2852 1617 2893; x_wconf 87' lang='lat' dir='ltr'><strong>sit:</strong></span> <span class='ocrx_word' id='word_1_287' title='bbox 1639 2851 1702 2893; x_wconf 85' lang='lat' dir='ltr'><strong>ita</strong></span> 
     </span>
     <span class='ocr_line' id='line_1_36' title="bbox 32 2926 1698 2985; baseline -0.001 -16"><span class='ocrx_word' id='word_1_288' title='bbox 32 2929 51 2985; x_wconf 21' lang='grc' dir='ltr'><strong>’ν</strong></span> <span class='ocrx_word' id='word_1_289' title='bbox 81 2928 158 2972; x_wconf 88' lang='lat' dir='ltr'><strong>fiet</strong></span> <span class='ocrx_word' id='word_1_290' title='bbox 189 2935 237 2970; x_wconf 91' lang='lat' dir='ltr'><strong>vt</strong></span> <span class='ocrx_word' id='word_1_291' title='bbox 269 2928 428 2971; x_wconf 90' lang='lat' dir='ltr'><strong>melius</strong></span> <span class='ocrx_word' id='word_1_292' title='bbox 462 2929 596 2972; x_wconf 85' lang='lat' dir='ltr'><strong>rebus</strong></span> <span class='ocrx_word' id='word_1_293' title='bbox 629 2927 818 2983; x_wconf 86' lang='lat' dir='ltr'><strong>agendis</strong></span> <span class='ocrx_word' id='word_1_294' title='bbox 845 2928 1105 2969; x_wconf 86' lang='lat' dir='ltr'><strong>consulatur</strong></span> <span class='ocrx_word' id='word_1_295' title='bbox 1138 2935 1180 2969; x_wconf 86' lang='lat' dir='ltr'><strong>et</strong></span> <span class='ocrx_word' id='word_1_296' title='bbox 1215 2926 1505 2981; x_wconf 89' lang='lat' dir='ltr'><strong>collegiorum</strong></span> <span class='ocrx_word' id='word_1_297' title='bbox 1529 2928 1698 2982; x_wconf 86' lang='lat' dir='ltr'><strong>guber—</strong></span> 
     </span>
    </p>
   </div>
   <div class='ocr_carea' id='block_1_6' title="bbox 81 3003 1524 3114">
    <p class='ocr_par' dir='ltr' id='par_1_9' title="bbox 81 3003 1524 3114">
     <span class='ocr_line' id='line_1_37' title="bbox 81 3003 267 3050; baseline 0.011 -5"><span class='ocrx_word' id='word_1_298' title='bbox 81 3003 267 3050; x_wconf 82' lang='lat' dir='ltr'><strong>nationi.</strong></span> 
     </span>
     <span class='ocr_line' id='line_1_38' title="bbox 208 3078 1524 3114; baseline -0.004 -5"><span class='ocrx_word' id='word_1_299' title='bbox 208 3100 212 3102; x_wconf 31' lang='lat' dir='ltr'>v</span> <span class='ocrx_word' id='word_1_300' title='bbox 255 3080 369 3108; x_wconf 71' lang='lat' dir='ltr'><strong>Epist.</strong></span> <span class='ocrx_word' id='word_1_301' title='bbox 393 3080 432 3108; x_wconf 87' lang='lat' dir='ltr'><strong>P.</strong></span> <span class='ocrx_word' id='word_1_302' title='bbox 455 3080 590 3114; x_wconf 72' lang='grc' dir='ltr'>ΝΑυΑι,</span> <span class='ocrx_word' id='word_1_303' title='bbox 611 3086 686 3107; x_wconf 72' lang='lat' dir='ltr'><strong>rom.</strong></span> <span class='ocrx_word' id='word_1_304' title='bbox 707 3078 768 3106; x_wconf 89' lang='lat' dir='ltr'><strong>IV.</strong></span> <span class='ocrx_word' id='word_1_305' title='bbox 1489 3078 1524 3105; x_wconf 82' lang='lat'><strong>36</strong></span> 
     </span>
    </p>
   </div>
  </div>
 </body>
</html>
