2028 3426
385 226 455 261 450
860 217 1016 251 PA‘rms
1043 215 1288 251 Hmnolwm
1314 214 1464 251 NADAL

427 317 552 360 Nihil
570 332 677 361 vero
699 318 878 373 legatur
899 330 1074 368 eorum,
1095 330 1212 371 quae
1230 315 1481 359 vocationis
1498 316 1778 373 propositum
1797 324 1974 362 tentare

338 409 419 440 seu
442 395 671 438 infirmare
694 409 825 450 posse
854 393 1095 437 videantur
1116 401 1149 445 ³,
1175 400 1223 435 vt
1246 400 1354 436 sunt
1375 392 1566 436 aliarum
1600 393 1872 451 religionum
1902 394 1974 438 in—

338 472 514 514 stituta.

426 550 473 591 In
496 549 697 592 secunda
722 562 873 590 mensa
899 548 1083 603 legatur
1106 547 1151 590 id
1174 547 1336 604 ipsum,
1363 549 1484 603 quod
1507 549 1677 593 lectum
1700 548 1786 592 fuit
1808 548 1856 592 in
1877 549 1971 606 pri-

335 641 424 678 ma,
450 627 634 681 dempto
658 625 857 680 capitulo
880 624 988 667 noui
1012 624 1288 676 testamenti,
1314 639 1395 681 pro
1418 639 1508 680 quo
1529 625 1712 682 legatur
1729 632 1866 682 caput
1888 627 1970 670 ali—

334 704 455 758 quod
479 719 532 747 ex
559 705 681 745 Ioan.
708 700 947 759 Ger[sone]
973 701 1169 759 vulgari,
1195 703 1267 746 vel
1285 715 1342 744 ex
1359 701 1446 745 alio
1467 702 1599 754 libro,
1625 709 1713 759 etc.
1735 717 1815 759 pro
1838 705 1971 746 coad-

333 781 572 832 iutoribus,
595 779 688 835 qui,
710 787 929 834 quantum
948 779 1045 824 fieri
1063 779 1244 835 poterit,
1259 779 1389 822 ibunt
1407 780 1464 822 ad
1482 780 1730 823 secundam
1747 795 1968 826 mensam.

334 860 434 900 Hoc
456 857 628 900 scilicet
651 857 745 908 fiat,
772 856 809 899 si
841 858 1078 899 commode
1106 856 1318 900 vniuersa
1355 858 1585 900 secundae
1618 871 1802 902 mensae
1833 858 1970 902 lectio

333 934 509 989 uulgari
532 948 741 977 sermone
764 947 864 977 esse
888 948 979 976 non
997 933 1176 989 poterit.

419 1013 545 1054 Haec
570 1026 649 1066 pro
673 1010 879 1067 collegiis
902 1013 1124 1053 hactenus
1146 1010 1267 1053 dicta
1289 1018 1411 1053 sunt.
1439 1009 1535 1052 Erit
1558 1018 1709 1054 autem
1734 1011 1821 1055 alia
1853 1011 1967 1055 ratio

330 1088 535 1131 lectionis
557 1089 613 1131 ad
637 1103 838 1131 mensam
863 1088 1156 1141 nouitiorum3
1182 1087 1257 1130 vbi
1281 1087 1382 1130 libri
1404 1088 1460 1133 2ss
1484 1089 1541 1132 de
1563 1089 1698 1131 rebus
1720 1088 1966 1144 spirituali-

329 1167 412 1208 bus
434 1173 640 1221 agenteS,
667 1166 723 1208 de
751 1166 1010 1217 deuotione,
1042 1166 1098 1207 de
1121 1164 1339 1216 oratione,
1370 1165 1426 1208 de
1451 1179 1626 1208 morum
1649 1172 1695 1208 et
1717 1165 1965 1221 perfectio-

328 1243 397 1285 nis
421 1242 659 1297 religiosae
681 1242 933 1298 disciplina,
959 1242 1141 1298 legendi
1164 1241 1316 1298 potius
1338 1241 1550 1285 videntur
1573 1256 1707 1297 quam
1730 1241 1960 1286 historiae.

326 1320 375 1361 In
398 1320 608 1362 domibus
630 1319 845 1375 professis
874 1333 1202 1373 nonnunquam
1233 1318 1465 1372 historiae,
1499 1333 1828 1374 nonnunquam
1861 1319 1963 1362 libri

325 1397 580 1452 spirituales
613 1397 845 1452 leguntur,
877 1410 1223 1451 nonnunquam,
1260 1395 1336 1450 qui
1367 1396 1424 1440 de
1457 1395 1630 1439 ratione
1661 1395 1963 1439 concionandi

326 1482 470 1530 agunt
493 1488 545 1516 ac
569 1473 667 1516 aliis
690 1473 967 1525 ministeriis,
994 1473 1160 1528 quibus
1183 1473 1331 1516 iuuari
1354 1473 1585 1529 proximus
1607 1473 1767 1529 possit.

672 1600 719 1628 IN
754 1599 1046 1636 COLLOQUHS
1081 1599 1307 1628 FRATRUM
1342 1598 1574 1628 AGENDUM
1609 1587 1617 1606 ¹

414 1705 482 1747 De
507 1705 598 1747 vita
622 1693 810 1747 christi.

414 1785 482 1826 De
506 1789 766 1824 Sanctorum
791 1781 898 1825 vita.

413 1861 483 1903 De
507 1859 707 1901 historiis
725 1858 1059 1903 ecclesiasticis.

412 1938 481 1980 De
506 1935 705 1978 historiis
727 1935 970 1979 Societatis
995 1942 1089 1977 tum
1113 1949 1280 1987 rerum,
1308 1941 1403 1977 tum
1427 1949 1739 1990 personarum.

412 2015 480 2056 De
507 2013 636 2056 bonis
660 2012 895 2055 desideriis
917 2013 1202 2068 singulorum
1234 2013 1290 2055 ad
1321 2012 1647 2068 proficiendum
1677 2012 1723 2054 in
1752 2012 1824 2055 via
1853 2027 1957 2068 per-

326 2090 550 2135 fectionis.

414 2167 487 2211 212
519 2168 588 2209 De
604 2166 742 2208 ‘bonis
765 2165 999 2210 desideriis
1022 2173 1070 2208 vt
1093 2165 1308 2209 iuuentur
1331 2165 1521 2221 proximi
1544 2180 1718 2219 omnes,
1751 2181 1956 2223 praeser-

327 2244 405 2286 tim
428 2243 641 2286 haeretici
663 2257 820 2285 omnes
843 2250 888 2285 et
911 2243 1129 2286 infideles.

413 2323 482 2365 De
506 2322 559 2363 iis
584 2322 736 2372 rebus,
763 2335 875 2375 quas
898 2321 1140 2364 audierunt
1163 2320 1208 2363 in
1231 2320 1502 2363 lectionibus
1524 2321 1679 2374 sacris,
1706 2322 1752 2364 in
1780 2322 1958 2366 concio-

326 2398 476 2450 nibus,
503 2406 547 2440 et
570 2397 689 2441 inter
712 2397 1024 2452 prandendum
1047 2404 1091 2440 et
1114 2397 1414 2441 caenandum.
1884 2399 1887 2401 ’

396 2582 412 2598 a
463 2571 653 2605 videatur
673 2580 743 2603 ms.

394 2735 402 2754 ¹
457 2735 515 2768 De
542 2734 612 2768 hoc
638 2733 815 2777 catalogo
841 2732 936 2766 haec
968 2731 1159 2765 habentur
1186 2731 1225 2765 in
1255 2732 1524 2768 Instructione
1553 2733 1670 2775 XIII,
1704 2734 1764 2769 De
1786 2735 1955 2781 spiritus

321 2793 578 2828 ¹renovatione
593 2791 869 2839 procuranda,
887 2801 972 2836 cap.
994 2790 1058 2835 IX,
1082 2789 1104 2834 ξ
1122 2799 1157 2834 4;
1179 2790 1368 2825 «Proinde
1383 2791 1648 2837 suppeditabit
1662 2792 1816 2828 abunde
1835 2798 1953 2829 mate-

322 2852 414 2887 riam
444 2851 675 2887 recreationi
702 2856 857 2885 nostrae
882 2850 1083 2894 catalogus
1108 2860 1129 2883 a
1156 2849 1197 2882 P.
1226 2849 1351 2884 Natali
1378 2849 1464 2896 piae
1496 2862 1611 2886 mem.
1638 2851 1855 2898 confectus,
1885 2853 1951 2900 qui

322 2913 458 2946 saltem
484 2909 691 2957 quotannis
715 2909 763 2944 ad
786 2907 1011 2943 memoriam
1037 2907 1281 2942 excitandam
1306 2909 1427 2944 semel
1451 2914 1568 2956 atque
1593 2909 1732 2945 iterum
1761 2912 1952 2957 legendus

321 2971 394 3005 erit
412 2970 459 3005 ad
479 2980 690 3006 mensam.»
709 2968 842 3004 Instit.
863 2967 948 3003 Soc.
961 2966 1058 3014 Jesu
1077 2966 1188 3009 (edit.
1208 2967 1306 3012 cit.),
1324 2967 1388 3012 111,
1407 2967 1490 3012 372.
1511 2969 1560 3003 Et
1577 2968 1617 3004 in
1636 2981 1723 3016 pag.
1744 2969 1826 3017 373,
1847 2971 1951 3007 idem

324 3030 539 3074 catalogus,
559 3028 690 3074 paucis
709 3025 938 3072 emendatis,
962 3024 1168 3072 profertur.
