2028 3426
666 241 1097 281 INSTRUCTIONES-61
1580 246 1649 284 415

49 349 180 393 'tium
202 349 250 391 in
271 347 572 401 xenodochio;
599 362 713 403 quae
731 347 768 390 si
787 347 926 390 nollet
948 344 1090 398 obire,
1110 343 1339 400 agendum
1357 355 1460 384 cum
1478 340 1554 382 illo
1577 347 1696 383 esset

63 432 114 470 vt
139 440 244 469 cum
273 425 475 482 grauiter
505 431 693 467 tentato.
726 422 774 467 Si
798 438 889 466 non
918 428 1010 466 tam
1035 421 1106 465 122
1135 421 1270 476 culpa
1298 432 1530 474 praesens,
1561 431 1696 473 quam

67 501 266 546 taedium
295 509 340 544 et
371 501 602 544 fastidium
634 515 690 543 ex
712 499 927 542 diuturna
960 496 1259 554 occupatione
1286 496 1360 538 vel
1381 493 1534 547 nimia,
1560 507 1697 536 causa

62 587 186 623 esset
208 579 305 623 eius
327 578 605 622 difficultatis
627 586 660 630 ³,
687 591 792 620 cum
815 591 868 620 eo
885 575 1031 620 lenius
1054 581 1173 619 esset
1194 572 1440 629 agendum,
1463 570 1614 613 ocium
1633 569 1697 612 illi

61 656 284 708 dandum,
325 654 716 698 intermittendum
755 652 974 706 officium,
1007 649 1225 696 recreatio
1268 648 1584 699 concedenda,
1626 647 1697 690 vel

64 732 254 775 omnino
292 733 560 775 mutandum
598 730 814 783 officium3
855 728 1030 772 etiarnsi
1068 727 1139 770 his
1172 740 1351 782 quoque
1387 724 1484 767 dari
1521 723 1697 780 possint

66 808 371 864 probationes,
397 809 477 851 sed
498 821 738 852 necessum
762 821 853 849 non
876 812 944 850 est
967 803 1343 860 quemadmodum
1367 800 1479 844 aliis.

157 886 299 929 Curet
321 892 486 937 rector,
512 899 570 926 ne
592 883 753 939 aliquis
775 883 902 925 locus
925 882 982 924 sit
1005 880 1142 932 domi,
1162 880 1282 923 vnde
1304 878 1563 921 clanculum
1586 890 1696 932 pos—

62 961 125 1004 sit
153 961 314 1017 aliquis
343 960 482 1014 abire,
509 975 567 1003 ne
595 961 674 1003 fiat
704 966 753 1002 vt
786 958 965 1013 aliquis,
991 957 1121 1013 graui
1156 955 1402 999 tentatione
1432 967 1693 1010 oppressus,

65 1037 292 1094 aufugiat:
318 1045 364 1080 et
386 1037 431 1079 id
454 1037 634 1093 quidem
658 1036 754 1079 aliis
784 1035 919 1079 etiam
952 1033 1183 1076 industriis
1216 1040 1284 1076 est
1316 1030 1693 1087 praecauendum.

156 1116 217 1158 Vt
233 1114 508 1170 peculiarem
524 1128 678 1157 curam
694 1127 853 1169 gerere
867 1112 1002 1156 debet
1021 1117 1167 1154 rector
1181 1107 1385 1165 magistri
1402 1107 1694 1159 nouitiorum,

63 1191 132 1234 ita
157 1192 213 1234 ab
235 1191 310 1234 illo
332 1190 479 1234 iuuari
501 1191 636 1234 debet
657 1189 704 1232 in
725 1189 800 1232 illa
821 1187 1168 1245 gubernatione,
1194 1201 1251 1229 ne
1280 1193 1430 1228 tamen
1458 1184 1516 1227 sit
1544 1183 1697 1226 curio-

64 1267 159 1311 sior
181 1268 226 1310 in
250 1268 571 1324 interrogando
592 1266 779 1309 nimium
798 1265 1064 1322 magistrum
1083 1263 1375 1306 nouitiorum.
1401 1262 1517 1304 Nam
1536 1261 1697 1304 fortas·

64 1343 130 1387 sis
154 1344 303 1399 aliqua
324 1344 370 1386 in
393 1344 676 1387 confessione
698 1341 892 1386 nouerit:
919 1340 1069 1397 potius
1098 1340 1160 1382 illi
1190 1339 1359 1391 credat,
1391 1345 1437 1382 et
1464 1337 1527 1380 illi
1556 1337 1697 1379 multa

61 1420 334 1474 committat,
361 1428 408 1462 vt
431 1420 506 1475 qui
529 1421 695 1464 habeat
717 1419 816 1461 illos
837 1417 984 1474 magis
1006 1417 1260 1473 exploratos
1282 1423 1327 1460 et
1350 1414 1576 1471 cognitos.

156 1496 227 1541 123
260 1496 398 1540 Omni
429 1495 578 1539 studio
610 1503 655 1540 et
692 1482 926 1550 diligentia
959 1499 1120 1537 curent
1158 1491 1434 1548 superiores,
1469 1497 1518 1532 vt
1556 1488 1699 1531 nostri

63 1588 224 1617 omnes
252 1573 298 1616 in
320 1573 524 1617 oratione
551 1580 598 1615 et
625 1573 760 1616 rebus
788 1570 1096 1627 spiritualibus
1123 1575 1361 1613 versentur
1389 1582 1494 1611 curn
1524 1568 1693 1618 fructu,

65 1651 189 1707 quod
217 1657 262 1694 et
289 1665 368 1706 per
397 1665 446 1694 se
474 1651 715 1701 curabunt,
757 1655 802 1693 et
838 1663 918 1704 per
955 1645 1271 1698 confessarios,
1313 1645 1390 1701 qui
1423 1658 1522 1688 esse
1554 1644 1700 1687 solent

67 1727 285 1783 praefecti
306 1741 456 1769 rerum
479 1726 796 1783 spiritualium,
821 1724 896 1766 vbi
920 1723 1034 1767 alius
1062 1721 1288 1778 designari
1320 1736 1410 1764 non
1433 1719 1590 1777 possit,
1624 1719 1700 1775 qui

65 1803 131 1846 illi
155 1804 305 1847 officio
327 1803 629 1860 praeficiatur.

157 1881 227 1924 Ne
250 1880 340 1923 sint
363 1880 517 1923 faciles
546 1879 801 1936 superiores
823 1878 868 1921 in
890 1876 1226 1934 dispensatione
1247 1874 1519 1918 ieiuniorum
1549 1881 1593 1918 et
1623 1874 1700 1916 de-

67 1959 213 2001 lectus
250 1958 470 2011 ciborum,
504 1971 588 2000 nec
617 1955 862 2012 patiantur,
893 1961 942 1997 vt
979 1953 1140 1997 medici
1168 1967 1221 1995 ea
1250 1951 1295 1994 in
1325 1967 1373 1996 re
1402 1950 1492 1994 sint
1520 1950 1624 1993 laxi.
1652 1951 1700 1992 In

70 2036 207 2079 rebus
228 2049 337 2077 vero
360 2033 569 2077 omnibus
601 2034 657 2076 ad
687 2031 1011 2089 perfectionem
1035 2030 1247 2081 nitamur,
1273 2036 1318 2073 et
1340 2028 1387 2070 in
1408 2027 1479 2070 his
1497 2041 1703 2083 praeser-

68 2111 170 2164 tim,
195 2110 360 2167 quibus
383 2112 471 2153 hoc
489 2118 691 2166 tempore
712 2108 927 2153 haeretici
949 2106 1284 2151 contradicunt.

159 2188 323 2231 Nullus
362 2187 567 2243 superior
606 2185 798 2241 accipiat
835 2185 882 2227 in
919 2182 1176 2240 depositum
1219 2181 1436 2238 pecunias
1473 2181 1545 2225 vel
1582 2179 1703 2223 aliud

71 2264 301 2320 quippiam
325 2264 381 2306 ab
404 2262 618 2314 externis,
643 2261 729 2304 nisi
753 2260 1002 2305 necessitas
1023 2260 1079 2303 ad
1102 2259 1147 2301 id
1169 2264 1372 2314 cogeret,
1398 2258 1469 2301 vel
1498 2257 1703 2313 singula-

70 2341 134 2383 ris
156 2340 307 2396 aliqua
331 2347 597 2396 sequeretur
619 2338 872 2382 aedificatio
894 2338 951 2380 ad
973 2336 1116 2379 maius
1137 2335 1223 2378 Dei
1241 2334 1494 2387 seruitium;
1516 2333 1579 2376 ibi
1595 2347 1703 2377 vero

74 2417 402 2461 districtissime
425 2417 622 2469 iubetur,
647 2430 704 2459 ne
726 2415 981 2471 depositum
1004 2414 1051 2456 in
1072 2427 1203 2455 vsum
1227 2411 1420 2467 aliquem
1444 2411 1515 2454 vel
1544 2425 1705 2454 neces-

73 2495 252 2538 sitatem
275 2494 555 2550 expendatur
579 2493 677 2550 (nisi
701 2492 777 2537 124
798 2493 914 2534 forte
942 2505 998 2534 ex
1028 2488 1297 2545 depositoris
1323 2488 1588 2542 voluntate),
1624 2487 1703 2529 sed

73 2571 343 2614 inuiolatum
366 2577 678 2614 conseruetur.
704 2570 808 2612 Hoc
829 2569 885 2612 de
907 2566 1216 2624 superioribus
1239 2565 1418 2608 dicitur.
1449 2566 1565 2607 Nam
1594 2563 1704 2606 alios

75 2648 224 2690 nullos
240 2647 286 2690 id
308 2662 438 2703 posse
460 2647 750 2703 perspicuum
772 2652 854 2688 est.

165 2723 492 2775 Poenitentiae,
525 2737 640 2778 quae
677 2721 765 2765 dici
802 2722 947 2764 solent
979 2721 1036 2764 de
1072 2719 1196 2775 puris
1230 2717 1528 2768 naturalibus,
1566 2715 1702 2758 indici

77 2807 306 2856 poterunt,
330 2801 387 2842 ob
410 2814 502 2842 rem
527 2799 739 2854 aliquam,
766 2798 812 2840 in
835 2812 922 2852 qua
945 2795 1198 2839 ordinariae
1215 2809 1306 2838 non
1325 2793 1573 2836 sufficiunt.
1602 2793 1702 2835 Hae

75 2876 185 2920 Vero
207 2875 512 2932 poenitentiae
543 2875 608 2918 sic
635 2876 819 2918 habent:
851 2881 901 2916 vt
928 2872 1074 2929 primo
1105 2871 1289 2915 defectu
1323 2870 1554 2913 auferatur
1587 2866 1704 2910 anti-

148 3053 166 3069 a
214 3041 450 3089 dificultatis
470 3053 542 3077 ms.
561 3041 624 3076 hic
642 3047 681 3076 et
699 3040 807 3076 alias.
