2028 3426
648 266 651 267 ⁷
701 268 1128 304 INSTRUCTIONEs-61
1430 287 1437 295 ›
1616 270 1683 315 375

100 369 323 420 sitatione,
348 375 526 424 praeter
547 382 662 421 earn,
696 384 829 424 quam
859 384 914 412 ex
942 369 1083 412 literis
1115 370 1278 412 absens
1307 369 1512 424 accipere
1542 371 1724 426 poterit.

46 463 53 467 ·
99 444 288 489 Curabit
309 445 416 488 item
439 452 487 487 vt
509 459 562 487 ea
583 453 794 501 agantur,
820 460 935 500 quae
957 444 1244 501 praescripsit
1272 446 1450 501 agenda
1480 448 1725 502 generalis,

47 518 53 521 ⁴
97 521 261 577 quibus
283 522 339 564 de
361 522 497 564 rebus
514 536 617 564 eum
641 522 823 565 docebit
846 523 964 565 idem
988 522 1230 578 generalis.

185 583 280 640 Erit
303 597 597 640 commissarii
619 598 664 640 in
687 599 781 640 suis
804 598 1048 654 prouinciis
1070 599 1324 651 instituere,
1350 600 1422 642 vel
1452 606 1630 643 mutare
1652 614 1724 642 re—

40 660 50 689 Α·
96 682 243 718 ctores
265 682 309 717 et
332 673 678 729 prouincialium
702 676 1001 725 consultores,
1026 675 1214 729 eiusque
1236 675 1300 717 rei
1332 674 1548 717 rationem
1579 675 1724 730 expli-

46 760 50 762 “
97 750 217 793 cabit
238 750 492 806 praeposito
522 750 740 806 generali.
776 752 913 806 Quod
936 766 1042 795 vero
1073 752 1129 794 ad
1157 758 1356 793 rectores
1393 758 1437 795 et
1469 753 1726 806 praefectos

95 826 411 882 probationum
442 827 616 879 attinet,
648 827 758 870 illud
796 829 1024 880 obseruet,
1057 834 1120 879 vt,
1152 827 1188 870 si
1227 829 1463 871 commode
1492 830 1724 883 expectari

34 943 36 948 .
94 903 235 959 possit
251 903 476 959 generalis
497 903 738 959 praepositi
760 904 999 956 sententia,
1026 919 1120 947 non
1143 911 1276 948 antea
1293 904 1348 948 26
1370 904 1469 947 illos
1492 903 1718 957 instituat,

26 991 32 1003 ¹
92 993 226 1034 quam
248 979 438 1035 accipiat
459 980 699 1036 praepositi
722 981 947 1036 generalis
969 980 1185 1023 iudicium
1207 989 1252 1024 et
1274 981 1623 1037 praescriptum.

178 1056 456 1100 Mutationes
480 1059 667 1099 fratrum
685 1058 741 1099 ab
760 1072 847 1100 vna
864 1057 1096 1112 prouincia
1113 1057 1157 1099 in
1176 1057 1324 1111 aliam,
1345 1057 1381 1099 si
1398 1057 1516 1100 inter
1534 1072 1581 1100 se
1598 1060 1717 1100 bene

90 1132 442 1188 prouincialibus
459 1133 748 1186 conuenient,
768 1140 981 1189 poterunt
1000 1133 1147 1176 facere
1165 1133 1481 1188 prouinciales,
1496 1148 1587 1176 non
1605 1148 1718 1176 con—

91 1209 340 1252 tradicente
376 1209 700 1261 commissario,
741 1210 807 1252 sin
833 1210 919 1252 illis
941 1210 1057 1254 inter
1090 1225 1139 1254 se
1161 1225 1250 1252 non
1281 1211 1562 1261 conueniret,
1589 1224 1717 1252 com-

87 1285 277 1328 missarii
298 1285 382 1329 erit
401 1294 574 1328 mutare
597 1294 774 1328 nostros
797 1287 853 1329 ab
875 1301 963 1329 vna
986 1286 1218 1342 prouincia
1235 1286 1280 1329 in
1299 1287 1430 1329 aliam
1448 1295 1494 1329 et
1511 1287 1715 1329 necessi—

89 1361 256 1404 tatibus
278 1362 571 1418 collegiorum
595 1362 727 1406 etiam
746 1377 802 1405 ex
824 1362 920 1405 aliis
940 1363 1186 1418 prouinciis
1209 1362 1463 1418 prouidere3
1501 1365 1580 1407 sed
1609 1363 1708 1406 eius

87 1438 171 1482 erit
193 1438 569 1492 animaduertere,
610 1454 667 1481 ne
689 1454 792 1482 cum
829 1439 1002 1482 iactura
1030 1439 1074 1481 id
1103 1440 1180 1482 fiat
1211 1454 1365 1483 eorum
1389 1440 1701 1495 collegiorum,
1734 1440 1738 1444 ”

87 1515 205 1558 vnde
229 1522 360 1559 erunt
383 1515 603 1559 mutandi.

173 1591 387 1636 Eiusdem
409 1592 544 1635 etiam
568 1593 653 1636 erit
671 1607 829 1636 curare
850 1608 924 1646 ne,
949 1601 1133 1648 propter
1150 1593 1446 1649 collegiorum
1463 1594 1536 1637 vel
1553 1594 1711 1635 domo·
1729 1599 1733 1602 ’

83 1682 181 1710 rum
205 1667 518 1725 indigentiam,
554 1670 627 1712 vel
649 1684 944 1725 personarum
975 1670 1315 1722 abundantiam,
1347 1670 1580 1713 omittatur
1608 1669 1711 1712 dili-

81 1758 195 1799 gens
217 1760 326 1788 cura
343 1753 388 1790 et
405 1747 586 1790 feruens
603 1746 804 1789 studium
822 1746 1119 1802 promouendi
1137 1746 1323 1790 idoneos
1341 1747 1398 1789 ad
1417 1746 1710 1798 Societatem,

81 1821 152 1863 vel
174 1822 371 1878 receptio
394 1837 786 1878 quorumcunque,
812 1823 889 1878 qui
913 1824 1005 1879 apti
1033 1823 1310 1865 videbuntur
1333 1824 1389 1865 ad
1413 1823 1705 1867 Societatem.
1766 1825 1771 1828 '

80 1899 182 1941 Hoc
206 1899 356 1951 faciet,
382 1899 418 1942 si
441 1899 679 1955 prouideat
707 1907 756 1942 vt
779 1901 834 1943 ab
857 1915 946 1943 vna
973 1900 1212 1956 prouincia
1242 1900 1288 1941 in
1317 1899 1449 1942 aliam
1477 1899 1547 1942 sui
1571 1898 1710 1942 officii

80 1975 314 2018 mittantur
337 1976 522 2032 recepti,
548 1978 621 2020 vel
659 1977 843 2020 omnino
881 1977 925 2020 in
960 1977 1069 2020 alias
1102 1976 1377 2033 prouincias,
1417 1977 1489 2020 vel
1519 1978 1707 2019 Romam

82 2052 239 2095 selecti
259 2054 332 2096 vel
353 2053 392 2095 si
413 2054 488 2096 det
520 2068 718 2109 operam,
743 2060 792 2096 vt
820 2054 1085 2118 diligentius
1108 2054 1407 2109 exquirantur
1429 2053 1487 2096 27
1511 2054 1705 2095 eleemo—

77 2142 232 2185 synae,
258 2129 393 2173 etiarn
415 2137 541 2172 extra
564 2130 782 2183 ordinem,
803 2132 860 2174 ad
882 2145 1027 2173 nouos
1049 2131 1246 2174 nouitios
1269 2131 1608 2174 sustentandos.

172 2207 330 2250 Bullae
352 2206 623 2262 apostolicae
651 2209 724 2250 vel
761 2207 931 2263 breuia,
965 2208 1000 2250 si
1029 2222 1118 2263 qua
1146 2208 1381 2250 mittantur
1411 2222 1466 2249 ex
1495 2208 1634 2258 Vrbe,
1660 2214 1711 2248 vt

79 2283 226 2326 solent
247 2283 489 2337 aliquando
511 2297 592 2339 pro
622 2284 788 2327 nostris
817 2284 1036 2340 neg-ociis,
1065 2299 1155 2327 non
1184 2284 1612 2340 praesentabuntur,
1638 2284 1709 2325 vel

79 2359 256 2402 illorum
278 2375 385 2403 vsus
408 2375 499 2403 non
522 2360 605 2403 erit
628 2360 674 2402 in
695 2360 958 2416 prouinciis,
984 2361 1081 2404 sine
1103 2360 1398 2403 commissarii
1421 2359 1711 2416 approbatio-

78 2450 150 2488 ne;
177 2438 298 2492 quod
319 2436 356 2479 si
378 2437 628 2492 periculum
651 2445 771 2481 esset
792 2437 837 2479 in
861 2436 1002 2489 mora]
1029 2451 1111 2479 nec
1130 2445 1285 2492 posset
1303 2451 1404 2480 esse
1422 2451 1634 2480 recursus
1653 2437 1708 2477 ad

77 2512 435 2555 commissarium
460 2514 710 2566 commode,
736 2513 957 2556 consultis
980 2513 1151 2568 peritis,
1177 2513 1286 2556 satis
1310 2512 1395 2557 erit
1418 2512 1709 2568 prouincialis

77 2602 343 2632 consensus.

165 2666 300 2708 Nulla
328 2665 382 2708 lis
411 2666 601 2709 forensis
630 2666 883 2719 inchoetur,
918 2666 991 2708 vel
1020 2665 1328 2717 continuetur,
1365 2665 1461 2708 sine
1495 2664 1592 2707 eius
1624 2669 1715 2718 ap—'

75 2742 356 2797 probatione.
396 2742 725 2786 Auctoritatem
763 2742 949 2786 ineundi
987 2749 1247 2785 contractus
1284 2741 1469 2784 habebit
1503 2756 1528 2782 a
1564 2754 1707 2795 gene-

76 2817 156 2860 rali
193 2818 542 2871 commissarius,
583 2819 709 2862 iuxta
746 2819 963 2861 rationem
996 2818 1164 2861 decreti
1204 2815 1575 2873 congregationis
1613 2830 1695 2870 ge-

76 2894 254 2937 neralis.

156 2971 287 3027 'Aget
309 2971 404 3027 ipse
426 2972 481 3015 de
503 2972 770 3016 fundatione
793 2971 1106 3027 collegiorum,
1134 2985 1245 3024 quas
1280 2977 1427 3012 tamen
1460 2981 1549 3009 non
1588 2981 1699 3009 con-

74 3047 317 3106 summabit
345 3049 514 3104 absque
537 3062 760 3092 consensu
790 3061 1001 3104 expresso
1030 3045 1253 3102 generalis
1276 3043 1532 3100 praepositi.
1560 3044 1701 3098 Quod
