2028 3426
374 274 446 319 358
849 272 1002 306 PATms
1031 270 1272 304 Huzaomnm
1299 267 1334 302 N
1338 276 1450 303 ΑΒΜ,

422 376 668 421 Reficiatur
691 374 807 418 calix
830 372 1060 427 antiquus,
1086 377 1131 413 et
1155 370 1232 412 fiat
1255 383 1404 412 nouus
1426 383 1482 412 ex
1505 375 1711 425 argento,
1737 369 1860 424 quod
1880 370 1972 412 ha—

334 456 443 500 bent
462 461 684 510 paratum.

421 532 647 582 Pulsetur,
674 543 761 584 qua
784 530 893 569 hora
916 525 972 568 sit
996 524 1294 581 surgendum,
1320 523 1702 578 quemadmodum
1726 522 1776 565 fit
1798 522 1844 565 in
1862 521 1973 566 aliis.

328 607 549 664 collegiis:
576 606 738 649 deinde
763 613 828 647 ter
852 604 1072 659 pulsetur,
1098 615 1245 652 mane,
1271 599 1457 643 meridie
1485 607 1531 642 et
1555 597 1747 656 vesperi,
1774 600 1831 642 ad
1853 614 1958 643 ora—

331 685 516 729 tionem.

420 761 645 817 Linguam
677 758 885 815 gallicam
916 763 1172 807 exerceant,
1205 754 1242 798 si
1273 754 1368 799 fieri
1396 761 1562 810 potest,
1588 753 1749 798 diebus
1771 753 1960 797 domini-

329 839 394 882 cis
416 847 460 881 et
487 837 675 882 festiuis.

419 917 704 959 Obseruetur
729 915 840 955 hora
863 911 1156 954 recreationis
1179 925 1204 953 a
1227 910 1416 966 prandio
1439 916 1483 954 et
1507 925 1532 952 a
1555 923 1712 961 coena,
1736 915 1781 952 et
1803 908 1847 950 in
1877 922 1961 951 no-

326 993 431 1035 stris
460 1001 504 1036 et
534 992 577 1033 in
609 989 1004 1040 commensalibus,
1035 995 1081 1032 et
1103 987 1284 1042 quidem
1314 1001 1394 1043 per
1423 986 1708 1042 horologium
1733 985 1968 1037 manuale„

326 1069 457 1111 cuius
479 1083 588 1111 cuia
606 1069 737 1110 detur
758 1066 954 1110 discreto
977 1064 1131 1111 alicui.

416 1144 651 1201 Religiosi,
679 1143 754 1199 qui
778 1157 869 1185 non
893 1144 1045 1186 ferunt
1075 1141 1299 1193 habiturn,
1325 1155 1382 1184 ne
1404 1140 1700 1183 absoluantur
1728 1154 1752 1181 a
1776 1138 1968 1190 nostris,

329 1222 414 1265 nisi
441 1223 683 1265 ostendant
705 1218 1090 1276 dispensationem
1114 1233 1140 1261 a
1167 1232 1251 1261 suo
1279 1217 1526 1274 superiore,
1552 1231 1700 1271 neque
1727 1215 1862 1259 etiam
1885 1214 1961 1270 qui

327 1307 436 1341 sunt
464 1299 508 1340 in
538 1298 788 1349 ordinibus,
822 1296 908 1339 nisi
945 1297 1134 1338 honeste
1162 1302 1207 1338 et
1235 1296 1450 1339 decenter
1477 1293 1730 1336 vestiantur
1751 1293 1808 1335 de
1836 1307 1961 1336 more

324 1376 493 1431 patriae
517 1384 560 1420 et
584 1374 831 1419 sacerdotis
854 1388 956 1417 cum
982 1373 1111 1415 talari
1133 1380 1275 1417 veste.

408 1454 550 1496 Curet
567 1460 734 1504 rector,
756 1452 904 1507 quoad
921 1450 1077 1507 possit,
1092 1457 1140 1492 vt
1160 1450 1334 1492 fructus
1352 1448 1596 1504 spiritualis
1615 1449 1832 1490 afferatur
1850 1460 1955 1511 pro-

322 1530 440 1572 ximo
471 1546 549 1586 per
578 1544 656 1574 eos
683 1544 707 1572 e
738 1528 921 1581 nostris,
948 1527 1024 1583 qui
1053 1528 1110 1570 ad
1139 1527 1183 1569 id
1213 1526 1487 1569 videbuntur
1515 1524 1600 1581 ipsi
1628 1523 1794 1576 idonei,
1826 1531 1871 1567 et
1899 1524 1956 1566 ad

321 1609 409 1649 hoc
433 1615 561 1651 curet
583 1606 682 1649 illos
704 1606 860 1649 iuuare
883 1604 1081 1648 consiliis
1103 1604 1211 1648 suis.

412 1685 588 1727 Puncta
611 1682 901 1727 recreationis
929 1685 935 1703 ¹
962 1683 1206 1738 affigantur
1228 1680 1272 1723 in
1297 1679 1554 1733 refectorio,
1575 1687 1620 1723 et
1642 1679 1864 1722 habeatur
1885 1677 1962 1720 di*

321 1761 468 1817 ligens
490 1760 748 1804 obseruatio
771 1775 828 1804 ne
850 1759 939 1802 sint
962 1758 1264 1803 recreationes
1281 1757 1512 1801 liberiores
1529 1770 1662 1812 quam
1685 1756 1893 1799 deceant.

1099 1883 1176 1925 59

765 1975 814 2016 P.
849 1972 1201 2015 HIERONYMI
1233 1969 1504 2014 NATALIS

607 2087 901 2118 INSTRUCTIO
936 2087 982 2116 P.
1019 2085 1197 2116 DIDACO
1232 2085 1294 2115 DE
1324 2084 1510 2114 ACOSTA
1542 2084 1667 2114 DATA

710 2182 993 2219 ANTUERPJAE,
1015 2180 1155 2208 MENSE
1173 2179 1279 2214 MAJO
1298 2179 1399 2206 ANNJ
1421 2170 1511 2216 1568
1528 2173 1556 2206 Ξ.

965 2283 1027 2313 DE
1067 2281 1312 2312 ORATIONE

412 2378 672 2420 Obseruent
697 2376 830 2421 etiam
855 2377 1130 2427 sacerdoteS,
1152 2374 1286 2419 etiam
1306 2381 1485 2430 praeter
1501 2372 1698 2416 officium
1717 2374 1928 2416 horarum
1938 2406 1955 2424 ,.
1994 2387 1996 2390 ’

321 2461 497 2509 tempus
520 2453 753 2504 orationis,
780 2455 858 2497 secl
883 2455 1038 2495 horam
1067 2467 1170 2495 cum
1197 2450 1398 2503 dimidio,
1429 2453 1547 2494 sicut
1580 2450 1623 2492 in
1655 2450 1796 2492 ltalia:
1829 2450 1955 2505 quod

388 2606 396 2626 ¹
450 2606 491 2641 Id
511 2612 585 2649 est,
599 2612 740 2653 puncta
760 2618 779 2640 a
796 2606 923 2641 Natali
941 2606 1138 2652 assignata
1157 2617 1225 2652 pro
1243 2604 1605 2640 conversationibus
1623 2603 1815 2639 sociorum
1834 2604 1873 2639 in
1891 2615 1952 2639 re-

314 2666 524 2710 creatione,
545 2677 643 2712 quae
661 2665 816 2712 quidem
835 2667 1026 2700 habentur
1050 2665 1087 2700 in
1107 2665 1294 2700 Instituto
1315 2665 1401 2700 Soc.
1425 2665 1526 2710 Jesu
1548 2662 1806 2709 (Florentiae,
1828 2662 1950 2709 1893),

315 2724 386 2769 111,
401 2723 483 2768 373.
500 2725 584 2759 Hoc
599 2730 728 2759 autem
744 2725 964 2769 exemplum
980 2735 1054 2759 non
1070 2724 1226 2759 omnino
1241 2735 1328 2758 curn
1345 2722 1494 2758 Natalis
1509 2723 1722 2769 archetypo
1739 2722 1949 2758 concordat
1996 2744 1998 2746 v

315 2789 356 2817 ut
377 2783 508 2818 videre
527 2789 587 2818 est
606 2784 644 2818 in
667 2783 760 2818 cod.
793 2784 912 2818 Vatic.
935 2792 970 2827 7,
992 2794 1105 2829 pagg.
1129 2791 1297 2827 211-215.

385 2846 398 2863 ·-’
450 2843 506 2877 Ex
533 2843 754 2888 apographo
777 2852 939 2887 coaev0,
966 2842 1002 2876 in
1027 2842 1162 2877 codice
1187 2842 1326 2876 Natal.
1350 2841 1468 2876 instr.
1493 2841 1650 2877 Germ..
1669 2841 1814 2888 duplici
1841 2841 1951 2888 folio,
1990 2852 1993 2854 ’

315 2901 508 2944 297r-298r
526 2900 725 2945 (376-377).
748 2901 789 2935 In
815 2907 950 2947 quarta
970 2902 1121 2946 pagella
1140 2902 1235 2935 haec
1259 2901 1426 2936 habetur
1450 2899 1662 2946 inscriptio,
1685 2900 1810 2935 Patris
1830 2900 1948 2945 Jime·

314 2970 385 2993 nez
405 2971 518 2994 manu
539 2967 708 2994 exarata:
731 2960 773 2993 «t
796 2961 907 3004 Quae
926 2959 1032 2994 dedit
1050 2960 1091 2993 P.
1109 2959 1260 2994 Natalis
1277 2960 1318 2994 P.
1337 2960 1507 2994 Acostae
1525 2959 1806 3005 Antuerpiae.»
1822 2959 1864 2996 Ρ.
1881 2959 1955 2994 Di·
1986 2947 1989 2950 .

312 3018 430 3053 dacus
448 3019 495 3053 de
517 3020 675 3063 Acosta,
698 3021 876 3064 Augusta
895 3018 1152 3053 Taurinorum
1174 3019 1431 3065 Antuerpiam
1452 3019 1605 3065 missus,
1628 3018 1675 3053 ad
1694 3019 1792 3054 hanc
1811 3019 1950 3054 urbem
1992 3024 1997 3038 ’-

312 3088 399 3111 cum
421 3078 464 3112 P.
493 3079 641 3123 Joanne
662 3078 794 3123 Javier
813 3083 852 3112 et
878 3078 919 3112 P.
948 3077 1186 3123 Hieronymo
1212 3078 1339 3112 Natali
1366 3077 1543 3124 pervenit
1571 3084 1657 3124 post
1681 3077 1784 3112 diem
1810 3077 1832 3111 6
1856 3077 1952 3124 Majis
