2028 3426
566 239 900 274 ANNoTATmNEs
927 240 1252 283 comminuas—64
1605 241 1666 276 631

95 339 409 395 prouinciales,
437 347 532 381 tum
555 339 690 383 etiam
729 338 1038 391 commissarii,
1071 338 1293 393 siquidem
1324 341 1608 385 continenter
1632 343 1721 385 sint

96 416 251 460 futuri.

182 493 440 537 Videndum
462 508 520 537 an
542 493 588 535 in
611 508 696 535 usu
719 492 1050 536 benedictionis
1083 507 1239 536 mense
1274 507 1460 535 romano
1486 495 1595 536 fiant
1621 511 1719 537 rnu—

93 570 286 613 tationes
308 571 559 626 generales.
584 571 797 625 Lanoyus
820 569 1133 612 introduxerat
1157 572 1348 625 Pragae.

181 646 375 690 Visitato
398 661 488 689 uno
525 647 733 703 collegio,
760 647 927 689 scribat
949 646 1025 700 qui
1055 646 1208 688 uisitat
1238 646 1535 689 substantiam
1560 647 1719 690 uisita-

92 723 226 766 tionis
248 723 305 765 ad
326 723 584 778 generalem
612 722 933 778 praepositum,
974 730 1018 766 et
1057 730 1265 778 expectet
1304 723 1402 765 eius
1426 711 1711 778 responsum,

90 814 164 852 ne,
192 799 229 842 si
253 799 361 854 quid
383 799 490 841 noui
513 799 664 851 faciat,
691 798 736 841 id
757 799 982 854 generalis
1004 799 1226 854 improbet
1244 814 1295 842 ac
1315 806 1475 843 mutet.

174 875 337 920 Statim
360 890 464 918 cum
494 875 619 918 uenit
647 876 703 918 ad
732 875 974 931 coilegium
1009 875 1233 928 uisitator,
1260 883 1388 920 curet
1412 883 1461 918 ut
1486 876 1648 921 missae
1673 886 1717 920 et

88 952 314 997 orationes
336 968 418 1008 pro
441 968 490 995 se
511 960 556 995 et
577 953 770 1009 collegio
793 960 810 978 ³
832 955 930 997 Deo
952 954 1217 996 offerantur.

179 1031 378 1073 Proueer
399 1033 425 1072 a
446 1029 719 1084 semejantes
741 1043 870 1072 casos
892 1029 948 1073 de
1128 1029 1185 1073 de
1365 1044 1392 1085 y
1415 1031 1471 1072 de
1494 1029 1511 1054 b
1689 1046 1716 1085 y

86 1106 129 1148 10
151 1120 239 1160 que
261 1106 328 1148 los
365 1105 536 1148 officios
574 1121 632 1148 no
669 1120 777 1149 sean
816 1105 914 1148 sino
935 1106 992 1148 ad
1031 1113 1225 1160 tempus,
1257 1120 1439 1161 aunque
1469 1107 1510 1150 el
1533 1113 1633 1148 otro
1659 1122 1715 1148 no

85 1183 203 1237 haya
225 1183 280 1224 de
302 1197 373 1225 ser
396 1189 472 1225 tan
509 1183 675 1234 bueno,
701 1197 729 1237 y
751 1183 792 1224 el
830 1183 979 1225 bueno
1002 1197 1078 1226 sea
1108 1197 1160 1224 su
1191 1183 1438 1235 consultor3
1471 1198 1499 1237 y
1525 1197 1605 1226 uer
1626 1197 1713 1237 que

86 1259 200 1301 mala
223 1274 280 1302 ne
303 1258 630 1310 inueterentur,
670 1258 769 1301 sino
806 1274 893 1314 que
916 1259 957 1300 al
980 1258 1200 1314 principio
1237 1273 1286 1301 se
1315 1273 1483 1314 prouea
1504 1274 1530 1314 y
1556 1273 1643 1315 que
1666 1274 1714 1303 se

85 1335 265 1388 atienda
288 1337 329 1377 al
351 1335 573 1391 gouierno
614 1335 857 1386 uniuersal,
893 1350 922 1390 y
951 1350 1038 1390 que
1076 1349 1152 1379 sea
1176 1340 1271 1378 mas
1309 1336 1364 1378 de
1387 1350 1447 1377 un
1473 1336 1713 1378 secretario

84 1413 156 1455 del
179 1413 380 1467 general,
406 1428 434 1468 y
457 1427 544 1468 que
573 1413 642 1455 los
679 1413 939 1456 assistentes
977 1412 1208 1456 attiendan
1232 1417 1257 1455 a
1286 1427 1363 1455 sus
1391 1412 1663 1468 prouinciaS,
1684 1429 1712 1468 y

85 1503 172 1544 que
189 1503 296 1531 sean
321 1502 345 1543 3
369 1488 650 1531 comissarios
669 1489 924 1541 continuos,
947 1504 1034 1531 vno
1057 1490 1113 1532 de
1132 1491 1329 1546 Espafia,
1352 1489 1477 1531 Italia
1495 1505 1522 1544 y
1542 1489 1707 1542 Sicilia,

82 1580 113 1620 y
135 1572 231 1608 otro
253 1566 326 1609 del
350 1565 674 1609 Settentrional
695 1581 724 1621 y
741 1573 838 1608 otro
861 1581 968 1621 para
991 1566 1116 1609 India
1139 1574 1170 1608 ⁰.

171 1642 260 1686 Vbi
281 1642 326 1684 in
365 1641 514 1698 aliquo
551 1642 745 1698 collegio
781 1650 920 1698 egent
941 1644 1109 1686 lectore
1134 1643 1207 1687 uel
1230 1641 1572 1694 concionatore,
1597 1650 1705 1694 etc.,

80 1726 126 1762 et
148 1726 309 1774 petunt
331 1734 356 1761 a
378 1719 578 1775 generali
602 1718 869 1771 subsidium,
897 1734 986 1762 non
1010 1721 1155 1762 solum
1179 1719 1345 1762 scribat
1369 1720 1413 1761 id
1438 1726 1602 1771 rector,
1629 1720 1707 1763 sed
1762 1751 1766 1755 .

22 1852 25 1853 ⁷
82 1795 369 1852 prouincialis
390 1794 425 1847 d,
450 1795 527 1850 qui
551 1796 670 1837 bona
693 1796 782 1839 fide
799 1795 970 1840 videbit
991 1796 1184 1852 primum
1203 1811 1260 1853 an
1277 1811 1333 1838 ex
1350 1795 1582 1852 prouincia
1602 1810 1707 1850 pos-

81 1872 139 1915 sit
160 1872 223 1915 illi
245 1872 503 1916 necessitati
541 1872 767 1928 prouideri
790 1881 821 1926 e3
863 1874 984 1928 quod
1007 1873 1043 1915 si
1073 1874 1196 1916 nulla
1227 1872 1403 1915 ratione
1426 1872 1584 1927 possit,
1612 1879 1706 1913 tum

82 1950 262 1992 tandem
283 1949 465 1992 scribat.

169 2027 244 2069 An
267 2026 491 2070 seruanda
514 2026 572 2068 sit
593 2026 637 2067 in
663 2026 907 2070 Germania
930 2028 1088 2082 regula
1112 2027 1295 2078 aeditui,
1317 2041 1434 2082 quae
1453 2025 1593 2077 iubet,
1616 2025 1705 2081 pri-

77 2102 149 2146 die
173 2117 307 2158 quam
329 2103 386 2145 sit
408 2102 586 2154 concio,
613 2102 790 2158 uesperi
813 2118 913 2146 esse
936 2104 1224 2158 pulsandum.

168 2179 215 2223 Si
239 2179 339 2234 quis
371 2187 492 2223 esset
513 2179 686 2235 impure
718 2189 905 2223 uocatus
934 2188 978 2222 et
1002 2188 1108 2222 uota
1137 2181 1330 2236 primum
1362 2181 1543 2225 fecisset
1571 2181 1704 2224 etiam

79 2270 170 2298 non
192 2255 371 2312 integro
400 2255 567 2308 animo,
608 2256 925 2311 explicandum
963 2258 1084 2312 quod
1116 2272 1196 2312 per
1235 2258 1574 2301 renouationem
1606 2258 1705 2300 illae

80 2333 300 2374 tolluntur
320 2332 623 2388 impuritates,
678 2354 682 2355 ⁷
991 2378 1002 2386 N

167 2409 259 2464 Qui
283 2404 551 2464 promittunt
573 2408 841 2451 distribuere
864 2409 981 2452 bona
1004 2418 1104 2465 post
1121 2425 1306 2462 annum,
1328 2410 1434 2465 quid
1452 2412 1508 2453 de
1531 2410 1583 2452 iis
1608 2411 1700 2461 fiet,

77 2485 153 2528 vbi
190 2485 429 2530 discedunt
467 2487 596 2528 ante?
634 2485 859 2529 Videntur
890 2486 1082 2542 amplius
1119 2502 1208 2529 non
1248 2487 1405 2530 teneri.
1448 2487 1701 2530 Dicendum

147 2692 164 2709 a
189 2683 297 2717 Haec
315 2681 392 2717 duo
410 2683 529 2717 verba
547 2694 568 2717 a
587 2683 676 2719 Nat.
698 2682 828 2717 addita
847 2688 956 2719 sunt.
1014 2685 1076 2710 -b
1096 2682 1174 2727 Sic,
1196 2683 1320 2718 tribus
1339 2683 1475 2728 spatiis
1494 2682 1624 2716 vacuis
1644 2694 1701 2716 re-

76 2742 191 2778 lictis.
241 2752 306 2769 —0
334 2742 444 2777 Prius
463 2742 516 2777 ita
535 2743 721 2789 scriptum
742 2743 880 2778 fuerat:
902 2743 1202 2785 Settentrional,
1218 2755 1243 2788 y
1263 2755 1335 2787 que
1355 2743 1469 2788 luego
1488 2754 1559 2787 qne
1574 2753 1622 2787 yo
1635 2753 1700 2776 sea

76 2813 124 2836 en
143 2802 288 2845 Roma,
301 2803 420 2848 salga
435 2805 521 2836 otro
537 2802 736 2837 uisitador
751 2803 921 2849 general
934 2806 1042 2849 para
1059 2802 1220 2848 Espafia
1237 2813 1306 2836 con
1322 2801 1483 2835 licentia
1499 2801 1562 2835 del
1580 2812 1660 2846 rey,
1675 2813 1703 2845 y

72 2863 180 2906 para
198 2861 376 2896 Francia
391 2874 414 2906 y
433 2862 494 2896 las
512 2865 622 2896 otras
636 2862 871 2908 prouincias
888 2861 1202 2898 setentrionales.
1224 2861 1380 2903 Postea,
1401 2859 1549 2893 Natalis
1571 2871 1698 2904 manu,

20 2922 23 2924 '
77 2925 119 2954 ut
137 2931 268 2966 supra.
326 2940 362 2946 —
374 2922 392 2947 d
419 2921 530 2955 Prius
549 2920 602 2956 ita
619 2922 714 2956 haee
729 2921 872 2966 scripta
890 2921 1057 2956 fuerant:
1084 2920 1152 2954 Vbi
1166 2921 1209 2954 in
1227 2919 1361 2963 aliquo
1379 2919 1545 2965 collegio
1562 2921 1617 2953 est
1637 2930 1699 2953 ne—

76 2989 174 3014 cesse
193 2981 235 3013 ut
252 2979 442 3014 mittatur
460 2981 608 3026 aliquis
622 2980 742 3016 lector
761 2980 825 3015 uel
843 2980 1112 3019 concionator,
1132 2982 1217 3019 etc„
1237 2989 1313 3012 non
1332 2977 1478 3011 scribat
1496 2978 1538 3011 id
1558 2981 1702 3021 rector,

75 3038 143 3072 sed
156 3038 440 3084 prouinciali&
461 3039 610 3075 Natalis
629 3044 671 3074 ut
690 3051 817 3086 supra.
870 3060 898 3064 —
918 3050 932 3066 e
961 3037 1216 3073 Emendaturn
1237 3048 1257 3070 a
1282 3035 1371 3072 Nat.
1392 3047 1440 3070 ex
1462 3037 1697 3082 prouidere.
