2028 3426
349 217 419 254 336
823 216 976 251 PA‘rms
1003 215 1247 250 Huznommr
1273 212 1425 248 NADAL

392 321 440 362 In
470 319 627 375 lingua
655 317 915 374 germanica
945 315 1035 359 sint
1063 313 1431 366 obseruationes,
1463 321 1508 356 et
1546 311 1746 370 [dentur]
1775 311 1939 368 poeni·-

304 396 490 448 tentiae,
518 403 566 438 ut
590 395 634 437 in
658 395 755 437 aliis
779 392 1088 448 negligentiis.

394 476 645 518 Possumus
682 472 822 515 offitia
860 479 903 514 et
933 469 1087 512 munia
1115 468 1372 513 academiae
1410 466 1632 523 accipere,
1665 467 1800 509 modo
1839 466 1941 511 sine

305 551 533 608 stipendio
556 551 648 592 fiat:
676 549 796 605 quod
820 547 855 590 si
880 562 971 590 non
1001 545 1159 598 velint,
1185 544 1312 588 aliter
1336 558 1392 587 ne
1416 543 1712 600 accipiantur:
1737 545 1937 588 decana-

308 638 382 671 tus
419 627 711 683 intelligitur,
753 626 888 668 modo
931 623 993 666 nil
1037 621 1297 666 ambitionis
1340 622 1636 678 preferamus:
1683 619 1936 663 consimilia

306 720 463 750 eorum
486 703 781 747 consimiliter
803 716 967 745 cauere
989 701 1225 743 debemus.

395 783 535 825 Rdus.
565 783 617 823 P.
644 779 818 822 Natalis
835 779 912 821 dat
935 777 1097 820 rectori
1119 779 1127 798 ¹
1149 791 1326 819 omnem
1347 783 1634 832 potestatem,
1656 789 1772 830 quae
1791 781 1946 830 potest·

307 874 407 904 esse
431 859 553 901 utilis
577 858 632 900 ad
656 857 725 900 sui
748 855 929 912 collegii
953 854 1350 911 gubernationem,
1378 861 1427 896 ut
1449 853 1710 909 dispensare
1732 851 1873 908 possit
1891 851 1936 893 in

307 937 361 979 iis
394 938 544 987 rebus,
578 936 633 977 ad
661 949 774 989 quas
802 932 1059 988 accepimus
1098 932 1360 974 facultatem
1390 946 1446 975 ex
1483 929 1628 972 literis
1661 927 1943 985 apostolicis..

310 1013 498 1064 Deinde,
526 1021 574 1054 ut
598 1012 641 1053 in
661 1008 1063 1053 constitutionibus
1086 1017 1132 1051 et
1154 1007 1324 1064 regulis
1349 1007 1491 1064 possit
1513 1006 1795 1062 dispensare,
1816 1005 1942 1049 iuxta

310 1089 674 1140 constitutiones,
700 1087 745 1129 in
770 1093 957 1142 quartae
980 1085 1121 1142 partis
1143 1084 1526 1130 declarationibus
1543 1085 1575 1125 ²:
1599 1091 1693 1126 tum
1717 1082 1872 1139 etiam,
1893 1091 1943 1124 ut

312 1167 475 1210 habeat
499 1166 759 1208 facultatem
789 1162 1056 1207 absoluendi
1078 1169 1123 1205 et
1146 1160 1440 1218 dispensandi
1471 1160 1516 1203 in
1546 1159 1882 1216 irregularitate
1904 1166 1945 1212 ³„

309 1242 615 1286 commutandi
641 1250 748 1284 uota
765 1248 810 1284 et
827 1240 1099 1292 istiusmodi,
1121 1240 1300 1295 qualem
1321 1237 1580 1294 accepimus
1597 1252 1653 1281 ex
1669 1236 1812 1281 literis
1829 1251 1937 1292 apo-

310 1320 494 1363 stolicis.
522 1319 792 1363 Sacerdotes
822 1332 948 1370 vero,
981 1323 1206 1373 quotquot
1233 1316 1279 1358 in
1309 1318 1396 1358 hoc
1433 1314 1628 1371 collegio
1657 1320 1764 1357 sunt
1792 1321 1839 1356 et
1868 1314 1941 1356 fu-

312 1398 400 1439 turi
427 1405 549 1449 sunt,
577 1395 780 1439 similiter
803 1396 977 1439 habent
1002 1395 1263 1438 facultatem
1294 1408 1409 1445 eam,
1435 1392 1568 1436 cuius
1597 1399 1705 1435 sunt
1733 1404 1947 1446 capaces,

311 1473 593 1526 absoluendi;
619 1475 705 1516 hac
729 1480 881 1515 tamen
904 1473 1023 1528 lege,
1050 1478 1100 1514 ut
1123 1478 1272 1515 rector
1296 1470 1358 1512 ita
1380 1478 1425 1513 et
1455 1469 1593 1514 ceteri
1624 1469 1858 1512 habebunt
1876 1469 1944 1510 fa-

312 1553 545 1603 cultatem,
574 1558 622 1594 ut
646 1565 756 1593 usus
780 1549 1006 1592 facultatis
1029 1548 1073 1590 in
1099 1555 1273 1592 rectore
1301 1547 1483 1602 quidem
1513 1546 1709 1602 pendeat
1746 1544 1803 1587 ab
1827 1544 1944 1587 arbi—

313 1629 399 1671 trio
426 1627 714 1683 prouincialis
741 1626 986 1683 praepositi
1009 1627 1042 1678 ³,
1079 1625 1267 1668 aliorum
1300 1624 1586 1667 sacerdotum
1616 1622 1829 1678 pendeat,
1854 1635 1948 1664 non

310 1706 455 1748 solum
480 1720 504 1747 a
528 1703 815 1761 prouinciali,
842 1704 922 1747 sed
945 1702 1080 1747 etiam
1111 1718 1136 1746 a
1163 1709 1355 1753 rectore,
1389 1700 1454 1743 sic
1484 1699 1657 1743 scilicet
1691 1705 1740 1741 ut
1769 1697 1946 1754 possint

310 1783 549 1825 facultates
571 1782 684 1826 istae
706 1783 779 1825 vel
802 1780 987 1824 omnino
1014 1778 1229 1836 abrogari
1252 1779 1326 1822 vel
1351 1776 1612 1833 temperari.

401 1861 603 1902 Possunt
626 1873 866 1902 excurrere
889 1858 946 1900 ad
969 1871 1128 1913 pagos,
1155 1855 1289 1898 modo
1315 1869 1404 1897 non
1429 1854 1487 1897 sit
1515 1853 1683 1896 nostris
1705 1853 1949 1895 molestum.

312 1936 384 1980 vel
407 1936 734 1992 periculosum.

404 2015 562 2057 Potest
585 2021 734 2057 rector
763 2011 963 2067 recipere
997 2011 1053 2053 ad
1084 2009 1378 2061 Societatem,
1407 2008 1446 2051 si
1478 2022 1568 2050 non
1596 2013 1746 2063 potest
1774 2006 1832 2048 ad
1855 2006 1945 2048 Pa-

313 2099 426 2134 trem
451 2089 778 2146 prouincialem
797 2088 920 2145 prius
943 2088 1181 2131 commode
1203 2086 1418 2139 scribere3
1445 2085 1525 2129 sed
1548 2083 1879 2127 animaduertet
1898 2090 1950 2124 ut

315 2182 485 2223 magno
509 2167 696 2210 consilio
721 2173 909 2209 utantur
926 2165 982 2208 ad
1005 2163 1306 2220 recipiendos,

405 2244 657 2299 Diligenter
680 2243 856 2287 curabit
879 2249 1042 2294 rector,
1071 2249 1167 2284 tum
1191 2255 1269 2297 per
1292 2254 1356 2292 se,
1378 2251 1473 2282 tum
1491 2253 1570 2295 per
1593 2236 1849 2280 ministrum
1872 2235 1887 2256 ⁴
1906 2242 1951 2278 et

385 2392 401 2407 a
453 2381 545 2415 Post
564 2381 634 2414 hoc
654 2380 763 2415 verb.
785 2378 953 2426 spatium
973 2389 1139 2413 vacuum
1158 2387 1227 2424 pro
1246 2387 1322 2412 uno
1341 2376 1452 2414 verb.
1474 2374 1654 2410 relictum
1674 2377 1749 2408 est.

391 2496 398 2515 ¹
451 2494 592 2527 Rector
612 2498 694 2527 erat
714 2493 755 2526 P.
777 2492 1010 2526 Lambertus
1030 2491 1184 2526 Auerus
1203 2489 1357 2535 (Auer).

386 2555 399 2574 ²
450 2551 511 2590 Cf.
535 2551 843 2586 Constitutiones
863 2551 948 2586 Soc,
969 2551 1070 2597 Jesu
1101 2550 1173 2584 lat.
1205 2551 1241 2584 et
1258 2548 1377 2595 hisp„
1409 2558 1498 2594 pag.
1522 2555 1603 2591 142,
1623 2545 1662 2580 in
1693 2544 1793 2580 decl.
1827 2545 1871 2591 B,
1904 2543 1952 2580 ad

314 2623 398 2658 cap.
422 2611 469 2653 X,
491 2616 651 2657 quartae
671 2610 805 2656 partis.

386 2672 400 2689 ³
451 2669 706 2705 Provincialis
726 2675 808 2703 erat
828 2669 870 2704 P.
893 2668 1089 2703 Antonius
1108 2666 1313 2703 Vinckius.

386 2731 399 2751 ⁴
449 2728 629 2764 Minister
655 2735 737 2763 erat
763 2728 805 2762 P.
832 2727 1041 2774 Oerschot,
1067 2727 1117 2762 de
1147 2738 1224 2774 quo
1249 2727 1346 2761 haec
1372 2726 1491 2760 habet
1521 2723 1702 2760 laudatus
1732 2722 1952 2768 catalogus:

317 2789 383 2825 «P.
401 2788 609 2824 Cornelius
629 2787 821 2825 Oerschot
841 2787 915 2823 fuit
933 2786 1091 2833 collegii
1116 2785 1342 2832 Moguntiae
1362 2784 1552 2820 minister:
1581 2782 1696 2818 modo
1723 2781 1865 2816 missus
1891 2786 1953 2816 est

314 2847 523 2892 Treustim,
545 2853 586 2882 vt
618 2847 672 2882 ibi
704 2846 929 2893 aliquandiu
947 2845 1120 2891 adiuuet,
1141 2850 1299 2892 propter
1317 2843 1582 2879 infirmitatem
1604 2842 1652 2880 D.
1676 2840 1893 2876 Hermanni
1912 2845 1952 2875 et

317 2914 478 2941 mortem
499 2906 624 2941 Patris
644 2905 824 2941 Andreae
840 2905 1234 2951 valkenburgensis.»
1250 2903 1353 2939 Huic
1367 2901 1521 2938 absenti
1536 2900 1777 2937 successisse
1797 2898 1954 2935 videtur

316 2966 381 2999 «P.
413 2965 634 3000 Ludouicus
664 2965 901 3008 Baccrelius,
927 2964 1086 3010 collegii
1119 2963 1344 3009 Moguntiae
1375 2966 1610 3009 prorector.»
1642 2961 1700 2995 Ex
1725 2958 1864 2995 eodem
1890 2969 1954 2994 ca-

318 3026 462 3070 talogo.
