2028 3426
366 190 434 233 684
842 188 996 222 Pin-ms
1023 187 1267 222 HOERONYMI
1292 187 1444 222 NADAL

321 291 457 333 simis:
484 290 690 346 singulae
728 290 911 332 arbores
951 287 1141 330 virtutes
1178 287 1382 344 singulas
1421 295 1762 344 repraesentent
1785 288 1883 331 tibi:
1909 289 1955 332 in

320 368 385 412 eis
408 367 606 410 animum
625 374 754 409 tuum
777 366 970 409 oblecta:
997 364 1102 407 inde
1125 372 1226 421 pete
1251 365 1441 416 fructus,
1460 364 1626 420 quibus
1644 364 1842 407 animum
1869 380 1954 408 nu-

321 445 428 488 trias
450 453 495 488 et
532 443 747 487 stabilias:
790 444 934 493 locus,
960 441 996 485 si
1020 442 1146 494 libet,
1171 441 1228 484 sit
1252 441 1332 484 tibi
1355 441 1590 498 paradisus
1619 442 1860 485 terrestris:
1887 442 1957 484 di-

320 521 611 565 stinctionem
636 522 866 571 arborum,
889 519 1081 562 fontium
1105 526 1150 562 et
1172 519 1409 562 fluminum
1442 518 1649 563 describe
1678 533 1734 562 ex
1758 526 1835 562 tua
1860 534 1955 563 me-

323 599 558 651 ditatione,
584 606 633 640 vt
656 597 824 641 senties
847 611 903 640 ex
925 596 1146 640 oratione.

417 675 457 720 18
491 675 736 719 Humilitas
760 680 805 717 et
826 673 1060 716 fortitudo.

408 753 612 797 Virtutes
641 765 799 795 omnes
829 765 1063 794 connexae
1091 757 1200 793 sunt
1229 751 1285 792 ad
1316 750 1485 806 praxim
1526 765 1802 806 sensumque
1825 750 1956 807 spiri-

319 832 502 881 tualem,
524 839 571 872 vt
593 844 648 872 ex
671 843 760 871 vna
783 828 972 871 aliarum
997 827 1134 871 etiam
1160 827 1354 872 videa1is
1377 827 1603 871 adiutorio
1626 828 1705 870 vti:
1733 828 1769 871 si
1793 843 1883 871 non
1901 843 1956 871 ex

323 923 387 959 se,
414 923 468 952 ex
507 906 791 950 connexione
829 913 980 949 tamen
1014 906 1071 947 ad
1108 901 1362 957 caritatem,
1395 904 1666 961 principium
1702 905 1956 949 Vniuersale

323 985 560 1037 virtutum,
585 993 672 1026 etc.

407 1061 586 1105 Veritas
608 1061 652 1103 in
679 1060 889 1103 omnibus
907 1074 1099 1115 syncere
1122 1060 1352 1103 sectanda:
1380 1059 1618 1103 curiositas
1636 1059 1835 1102 vitanda.

408 1141 455 1181 In
475 1138 596 1181 omni
620 1137 912 1181 meditatione
934 1144 980 1180 et
1002 1136 1208 1181 oratione
1231 1136 1476 1179 maximum
1505 1144 1783 1179 momentum
1807 1136 1953 1179 humi-

322 1217 424 1259 litas
448 1224 492 1259 et
517 1216 652 1258 timor
675 1214 914 1258 Domini...
1169 1267 1173 1270 ²

409 1296 576 1349 Magna
601 1292 668 1335 vis
690 1299 760 1335 est
797 1291 1120 1348 poenitentiae,
1161 1291 1423 1347 praesertim
1462 1291 1498 1334 si
1529 1291 1629 1346 quis
1658 1307 1713 1335 ex
1737 1291 1957 1348 singulari

318 1372 511 1426 quadam
534 1369 786 1426 diligentia,
814 1369 958 1425 qualis
987 1369 1033 1411 in
1063 1368 1289 1413 exercitiis
1318 1368 1561 1413 Societatis
1589 1369 1795 1421 adhiberi
1817 1370 1952 1421 solet,

320 1448 594 1504 generaliter
618 1448 905 1491 confiteatur.
948 1446 1053 1491 Scio
1092 1447 1334 1502 quendam,
1361 1446 1438 1501 qui
1462 1446 1547 1490 sibi
1570 1454 1671 1503 post
1700 1446 1955 1491 confessio-

319 1541 421 1569 nem
445 1526 704 1582 generalem
731 1523 970 1567 videbatur
992 1524 1304 1575 confirmatus,
1333 1538 1388 1566 ne
1412 1537 1600 1579 peccare
1618 1531 1769 1580 posset
1790 1531 1954 1566 morta·

316 1604 433 1655 liter3
461 1603 583 1658 quod
606 1602 909 1645 arbitrabatur
932 1602 1026 1644 fore
1050 1601 1486 1656 frequentissimum,
1514 1601 1599 1644 nisi
1623 1601 1857 1644 hominum
1882 1615 1956 1646 se—

322 1679 497 1735 gnicies
520 1686 566 1721 et
589 1678 872 1734 indispositio
909 1678 1125 1722 obstaret.
1154 1679 1256 1720 Hoc
1293 1685 1571 1722 censuerunt
1605 1678 1750 1720 sancti
1773 1679 1828 1720 de
1849 1692 1957 1721 vera

324 1756 629 1812 poenitentia,
669 1755 939 1800 definientes
977 1754 1301 1811 poenitentiam
1341 1770 1440 1798 esse
1483 1754 1723 1810 praeterita
1771 1755 1952 1807 deflere,

320 1848 402 1876 nec
443 1833 527 1875 alia
570 1840 802 1888 praeterea
841 1832 1105 1883 admittere3
1146 1839 1191 1874 et
1227 1833 1315 1874 hoc
1347 1833 1626 1889 D.Joannes
1663 1831 1775 1874 dixit
1803 1832 1860 1876 de.
1883 1846 1953 1885 eo,

324 1911 399 1965 qui
424 1926 502 1966 per
525 1909 717 1965 gratiam
748 1909 958 1965 baptismi
988 1923 1043 1952 ex
1071 1911 1170 1952 Deo
1193 1916 1328 1952 natus
1355 1916 1439 1952 est.
1468 1910 1596 1952 Haec
1626 1924 1789 1953 sensus
1827 1907 1956 1965 spiri·

327 1987 458 2030 tualis
479 1986 654 2043 gratiae
670 1994 807 2042 atque
839 1986 937 2030 eius
962 1987 1152 2030 virtutes
1185 1987 1432 2031 ostendunt
1455 1987 1511 2029 de
1540 1988 1676 2038 facto,
1713 1986 1797 2029 nisi
1827 2001 1883 2030 ex
1913 1985 1956 2030 21

327 2064 455 2107 nobis
488 2066 692 2107 defectus
715 2064 788 2118 sit3
825 2064 1024 2119 alioquin
1056 2072 1207 2108 tamen
1243 2078 1422 2120 semper
1454 2068 1523 2106 est
1547 2063 1818 2120 possibilitas
1847 2077 1954 2119 pec*

327 2141 459 2183 candi
489 2142 545 2184 de
573 2142 676 2197 lege
714 2142 959 2193 communi,
992 2149 1099 2193 etc.,
1132 2149 1179 2183 vt
1222 2148 1291 2184 est
1319 2140 1364 2183 in
1403 2141 1704 2193 Clementina,
1746 2155 1844 2197 cap.
1885 2141 1958 2183 Ad

326 2222 542 2269 nost-ram,
566 2219 621 2260 de
646 2218 901 2262 haereticis.

410 2296 474 2337 Ita
498 2294 800 2338 inueniendus
821 2303 889 2338 est
928 2297 1093 2352 Xpus.,
1120 2302 1168 2337 vt
1191 2295 1235 2337 in
1266 2310 1313 2339 re
1351 2295 1551 2350 qualibet
1574 2294 1823 2338 sentiamus
1847 2294 1956 2349 quid

323 2372 396 2414 hic
420 2371 631 2414 Christus
654 2381 809 2427 ageret
848 2374 918 2417 vel
942 2387 1155 2429 praesens
1192 2374 1464 2417 consuleret:
1491 2372 1619 2428 quasi
1650 2371 1884 2415 Christum
1910 2372 1955 2413 in

320 2448 451 2491 nobis
469 2448 749 2492 habitantem
767 2449 1055 2494 sentiremus:
1077 2459 1120 2493 et
1138 2452 1225 2493 hoc
1243 2457 1327 2494 est:
1352 2465 1461 2493 «nos
1475 2457 1626 2493 autem
1642 2464 1826 2493 sensum
1844 2449 1952 2505 Xpi.

322 2527 567 2568 habemus»
600 2528 626 2567 ¹.
658 2560 666 2567 .

408 2604 512 2646 Hoc
534 2616 637 2659 age:
665 2603 839 2646 aduoca
862 2603 906 2645 in
931 2604 1231 2659 patrocinium
1264 2613 1391 2647 tuum
1420 2603 1613 2659 aliquem
1647 2611 1873 2655 sanctum,
1901 2603 1957 2644 ad

317 2679 441 2722 illum
471 2693 659 2723 accurre
689 2680 733 2722 in
765 2680 854 2722 tuis
883 2681 1228 2724 necessitatibus
1257 2689 1302 2724 et
1331 2680 1629 2723 orationibus:
1663 2680 1735 2722 hic
1766 2679 1846 2722 tibi
1870 2679 1956 2723 erit

318 2756 554 2810 peculiaris
572 2764 749 2813 praeter
761 2756 1000 2799 continuos
1017 2759 1278 2800 aduocatos:
1297 2757 1549 2813 Virginem,
1571 2757 1806 2800 custodem
1828 2763 1956 2798 tuum

319 2841 362 2875 et
386 2833 642 2886 Societatis,
669 2835 854 2877 Petrum
878 2841 923 2875 et
949 2835 1159 2887 Paulum,
1186 2841 1231 2878 et
1254 2842 1432 2890 praeter
1453 2833 1729 2877 ordinarium
1759 2847 1815 2875 ex
1847 2847 1958 2875 con-

318 2910 561 2954 suetudine
585 2910 803 2954 ecclesiae
835 2911 1127 2954 celebratum.

394 2998 403 3017 ¹
457 2998 471 3031 I
496 2998 616 3043 COR.‚
637 2999 688 3043 ΙΙ,
719 2999 774 3033 16.
