2028 3426
43 158 45 160 ,
12 0 56 129 ζει-Ξὲξ

655 215 1080 252 INSTRucrioNEs—oi
1568 222 1636 258 525

27 307 30 312 ¹
57 317 372 363 confitentium
400 319 622 369 defectus,
647 325 696 359 vt
733 332 786 360 eo
825 317 1001 359 facilius
1037 316 1136 358 illos
1172 330 1251 371 per
1275 315 1456 370 regulas
1493 314 1685 357 interro·

59 411 168 454 gare
190 394 363 451 possint
384 401 430 436 et
457 393 630 437 iuuare.

147 472 196 517 Si
213 472 313 527 quis
335 471 380 513 in
401 469 685 513 confessione
708 469 968 525 praeteriret
995 468 1178 523 aliquid,
1204 467 1325 523 quod
1347 480 1583 510 necessum
1608 482 1677 510 es-

60 556 127 594 set
149 547 370 599 confiteri,
396 553 440 590 et
461 546 508 588 id
529 545 664 588 sciret
686 545 1004 599 confessarius,
1029 546 1164 588 debet
1186 542 1368 586 omnino
1391 543 1684 586 confitentem

62 626 321 675 admonere,
347 624 385 666 si
407 624 518 666 illud
539 630 665 666 extra
688 622 1017 666 confessionem
1041 621 1168 674 sciat3
1189 620 1226 664 si
1248 634 1356 664 vero
1373 619 1486 662 sciat
1509 618 1554 660 in
1578 633 1684 661 con-

62 702 270 753 fessione,
291 715 426 757 quam
449 714 506 744 ex
527 698 746 754 complice
768 699 887 741 illius
904 698 1111 750 audierit,
1137 704 1314 753 praeter
1335 710 1404 747 ea,
1426 709 1543 750 quae
1560 709 1686 737 com-

63 777 260 821 muniter
276 776 440 820 adduci
462 783 666 832 possunt,
692 776 819 818 saluo
842 774 1005 831 sigillo,
1032 773 1196 829 poterit
1218 773 1353 816 etiam
1371 772 1446 814 illa
1464 771 1688 814 industria

34 855 142 918 ''Vfi’
167 861 216 896 vt
238 854 419 909 quando
430 852 557 895 audit
575 851 906 895 confessionem
924 851 1170 907 complicis,
1191 849 1381 905 accipiat
1398 850 1454 892 ab
1473 863 1528 891 eo
1544 848 1687 891 licen*

65 932 187 984 tiam,
211 940 260 973 vt
281 930 356 973 illa
378 929 549 972 noticia
576 928 719 985 possit
748 929 794 970 in
817 928 1100 971 confessione
1121 932 1204 973 439
1236 926 1420 970 alterius
1442 926 1522 977 vti,
1549 925 1586 967 si
1610 939 1690 968 ne-

65 1023 192 1052 cesse
214 1008 287 1060 sit3
312 1007 465 1062 itaque
486 1006 523 1049 si
546 1012 702 1062 postea
722 1005 834 1047 illud
856 1012 1092 1061 peccatum
1117 1005 1229 1047 alius
1248 1010 1416 1046 taceret
1442 1003 1490 1045 in
1507 1002 1689 1045 confes-

66 1085 206 1136 sione,
232 1083 397 1140 poterit
418 1083 543 1125 illum
566 1083 612 1125 in
635 1083 790 1126 eadem
814 1082 1103 1125 confessione
1125 1082 1383 1132 admonere3
1410 1080 1530 1134 quod
1554 1078 1590 1120 si
1609 1091 1691 1120 no-

67 1163 129 1206 let
153 1160 365 1204 confiteri
386 1160 486 1213 rite,
511 1175 605 1203 non
628 1159 794 1215 poterit
816 1158 940 1200 illum
963 1159 1215 1201 absoluere.

155 1240 216 1282 Vt
239 1238 286 1280 in
309 1237 496 1280 aliarum
518 1236 737 1278 virtutum
759 1234 975 1278 exercitio
993 1235 1047 1276 ad
1067 1233 1389 1289 perfectionem
1409 1233 1692 1275 contenden—

68 1316 174 1357 dum
197 1313 328 1357 nobis
349 1321 419 1357 est
441 1327 545 1355 cum
570 1312 715 1368 gratia
737 1310 938 1362 Domini,
964 1310 1026 1353 ita
1048 1310 1092 1352 in
1116 1309 1266 1364 sigillo
1287 1307 1585 1352 confessionis
1608 1323 1684 1351 nc·

44 1399 47 1407 ¹
68 1406 245 1435 cessum
268 1390 314 1432 in
336 1389 492 1446 primis
514 1397 599 1442 est,
624 1396 673 1430 vt
695 1388 894 1431 nitamur
923 1389 979 1429 acl
1007 1387 1304 1429 excellentem
1334 1385 1559 1440 quandam
1593 1398 1697 1439 per-

68 1467 328 1519 fectionem,
369 1481 452 1509 nec
491 1466 801 1520 quaerendum
837 1464 970 1507 nobis
1007 1463 1053 1505 in
1090 1465 1174 1504 hac
1213 1477 1260 1505 re
1288 1462 1432 1504 solum
1463 1468 1552 1511 est,
1587 1459 1696 1514 quid

73 1546 245 1599 absque
273 1550 461 1599 peccato
489 1541 728 1598 possimus,
761 1542 841 1584 sed
862 1541 972 1582 illud
993 1539 1127 1583 etiam
1160 1538 1267 1593 quid
1291 1538 1556 1593 perfectius,
1589 1536 1696 1591 quid

43 1621 250 1673 ¹melius,
276 1620 385 1675 quid
423 1619 599 1672 Vtilius,
639 1618 747 1673 quid
783 1617 996 1661 maiorem
1037 1617 1232 1658 fructum
1264 1623 1309 1658 et
1337 1613 1695 1657 aedificationem

74 1697 223 1740 faciat.

158 1775 332 1817 Curent
355 1773 598 1828 diligenter
620 1770 897 1823 confessarii,
919 1777 967 1812 vt
989 1769 1035 1823 ii,
1056 1769 1220 1824 quibus
1242 1768 1526 1811 interdicitur
1548 1768 1692 1810 collo—

73 1851 228 1906 quium
266 1865 370 1893 cum
407 1849 632 1904 aliquibus
655 1863 734 1903 per
772 1848 1050 1898 schedulam,
1086 1860 1174 1901 qua
1202 1845 1358 1888 eorum
1383 1852 1557 1886 tantum
1581 1843 1698 1886 acci-

74 1927 198 1983 piant
221 1926 418 1978 nomina,
444 1940 547 1968 cum
572 1925 736 1979 quibus
764 1923 886 1978 loqui
911 1929 1115 1979 possunt,
1148 1922 1257 1963 illud
1284 1920 1510 1964 silentium
1543 1921 1700 1962 obser—

75 2011 199 2048 uent:
224 2018 382 2047 verum
405 2002 549 2045 sciant
572 2000 835 2045 confessarii
858 2000 943 2051 illis
966 2014 1064 2043 esse
1086 1999 1275 2042 liberum
1294 1998 1487 2052 colloqui
1510 2012 1613 2040 cum
1632 1997 1699 2039 in-

30 2135 33 2139 >
77 2080 295 2133 terdictis,
321 2080 455 2122 modo
493 2079 641 2122 adsint
663 2079 753 2119 duo
791 2076 863 2119 alii
886 2092 941 2120 ex
979 2076 1047 2128 iis,
1073 2090 1189 2130 quos
1211 2082 1401 2130 possunt
1429 2073 1612 2128 alloqui;
1638 2073 1700 2116 si—

40 2175 43 2178 ·
77 2157 167 2198 mul
191 2163 349 2199 curent
372 2163 421 2198 vt
443 2160 532 2201 440
554 2155 706 2197 nullus
729 2152 1003 2196 familiariter
1026 2159 1131 2207 agat
1155 2166 1258 2194 cum
1281 2151 1350 2202 iis,
1376 2151 1609 2205 exquibus
1628 2150 1697 2191 vi-

37 2231 48 2242 ‘'
77 2233 185 2276 dent
207 2232 331 2274 illum
355 2246 446 2274 non
468 2230 614 2273 iuuari
637 2230 681 2271 in
705 2229 881 2285 spiritu,
906 2230 985 2271 sed
1014 2227 1163 2284 potius
1185 2227 1318 2271 laedi.
1351 2228 1463 2269 Item
1493 2242 1550 2270 ne
1572 2227 1628 2269 de
1648 2225 1704 2267 iis

79 2310 212 2353 rebus
235 2307 390 2364 agant,
414 2322 530 2362 quae
552 2306 660 2362 ipsis
681 2312 888 2348 noceant,
911 2307 1027 2348 Tum
1044 2305 1081 2347 si
1103 2305 1159 2346 de
1181 2304 1331 2359 aliquo
1353 2303 1601 2347 domestico
1624 2303 1701 2344 ali-

78 2400 211 2440 quem
234 2386 462 2429 defectum
485 2384 645 2434 sciant,
672 2396 804 2437 quem
836 2381 948 2423 tanti
985 2373 1199 2424 momenti
1228 2395 1327 2424 esse
1355 2387 1569 2422 censeant
1593 2393 1701 2420 con-

81 2461 251 2505 fessarii
270 2496 280 2515 ,
319 2468 368 2502 vt
396 2460 595 2503 iudicent
623 2459 748 2500 illum
776 2471 875 2501 esse
903 2458 1132 2500 defectum
1160 2457 1453 2500 deferendum
1484 2456 1540 2497 ad
1568 2469 1703 2510 supe-

81 2537 257 2590 riorem,
278 2537 465 2580 iubeant
481 2535 660 2579 deferri.
684 2537 772 2577 Pro
790 2536 948 2576 harum
967 2548 1116 2577 rerum
1142 2532 1502 2588 transgressione
1519 2545 1703 2573 seueras

42 2632 44 2638 ’
81 2614 377 2669 poenitentias
413 2613 644 2668 imponent
686 2610 968 2662 confessarii,
1009 2617 1058 2652 vt
1099 2609 1446 2665 flagellationes,
1489 2607 1701 2658 cilicium,

82 2689 263 2742 ieiunia,
288 2689 482 2745 prolixas
504 2688 744 2740 orationes,
773 2689 843 2731 vel
864 2687 1023 2731 saltem
1041 2687 1203 2730 breues
1221 2687 1359 2740 longo
1386 2693 1601 2738 tempore,
1627 2683 1703 2724 vbi

84 2766 342 2822 praesertim
380 2765 629 2822 periculum
652 2780 708 2808 ex
739 2764 825 2806 illis
847 2765 982 2807 rebus
1011 2763 1258 2813 timeretur3
1286 2762 1373 2812 vel,
1400 2760 1436 2802 si
1468 2759 1705 2814 aliquoties

84 2843 299 2886 admoniti
337 2850 381 2886 et
418 2841 603 2897 polliciti
640 2855 688 2883 se
726 2841 939 2891 facturos,
980 2854 1072 2882 non
1111 2838 1280 2881 faciunt
1310 2845 1474 2880 tamen.
1509 2837 1645 2890 Quod
1667 2835 1704 2878 si

32 2959 35 2962 Α
84 2919 252 2962 nollent
290 2934 342 2962 ea
378 2920 542 2971 facere,
583 2932 698 2972 quae
736 2916 1118 2972 praescribuntur,
1158 2915 1229 2956 vel
1266 2913 1303 2956 si
1340 2913 1509 2954 nollent
1547 2911 1704 2966 poeni-

87 2995 271 3037 tentiam
313 2994 538 3050 accipere,
579 3007 635 3035 ne
678 2992 917 3035 audiantur
959 3006 1115 3034 eorum
1159 2988 1487 3041 confessiones,
1528 2989 1607 3031 sed
1650 2988 1706 3029 ad
