2028 3426
708 197 1136 233 INSTRUCTioNEs—ol
1617 206 1685 243 549

34 299 43 312 ’“
107 308 216 351 tem,
244 299 375 342 faciat
403 307 451 341 vt
480 300 664 341 modum
693 299 914 341 excedant
943 298 1098 349 nostri,
1127 298 1214 341 493
1245 312 1375 352 quem
1401 312 1458 340 ne
1488 299 1725 349 excedant,

106 376 511 419 animaduertenda
533 383 638 417 sunt
659 384 704 417 et
728 375 942 425 curanda,
970 388 1085 428 quae
1108 381 1377 428 sequuntur.

198 452 417 503 Tertium,
444 466 499 493 ne
529 465 684 495 omnes
706 450 1014 493 indifferenter
1036 450 1142 492 huic
1174 450 1366 505 negocio
1396 451 1504 491 dent
1532 465 1729 505 operam.

110 531 223 572 Nam
248 528 469 583 intelliget
492 527 695 583 superior
717 527 892 581 aliquos
914 541 1013 569 esse
1036 527 1242 578 fortasse,
1267 525 1432 580 quibus
1450 541 1538 567 non
1563 541 1730 569 conue-

109 605 174 646 nit
204 605 248 647 id
276 618 428 660 agere.
455 604 558 659 quia
580 611 597 628 ²¹
619 618 671 646 ea
693 604 909 645 facultate
938 616 1029 645 non
1057 603 1223 645 valent.
1251 603 1406 657 Itaque
1429 602 1597 656 deliget
1621 617 1731 657 quos

110 682 287 725 nouerit
309 682 365 723 ad
388 683 475 722 hoc
502 689 590 722 tam
615 679 794 735 insigne
818 678 1131 729 ministerium,
1152 686 1197 720 et
1220 686 1310 721 tam
1333 678 1458 730 vtile,
1478 693 1577 721 esse
1599 694 1733 733 quam

109 758 377 814 aptissimos.

196 837 438 890 Quartum.
503 834 564 876 Hi
588 840 738 876 autem
762 847 852 874 non
876 833 1021 875 solum
1046 831 1129 887 ipsi
1153 832 1363 882 orabunt,
1390 838 1437 872 vt
1466 831 1580 873 haec
1608 845 1734 872 sacra

109 911 296 968 piscatio
324 911 431 967 ipsis
456 910 673 954 foeliciter
695 911 841 960 cedat,
868 910 946 951 sed
969 909 1281 964 procurabunt
1303 908 1468 949 multas
1497 913 1541 949 et
1577 907 1734 949 missas

110 989 300 1031 aliorum
325 997 368 1032 et
391 987 617 1030 orationes
640 987 695 1028 ad
716 989 801 1028 hoc
825 1001 938 1041 opus
961 985 1170 1028 conferri.

198 1065 441 1120 Quintum.
513 1063 766 1119 Diligenter
795 1071 839 1105 et
868 1070 1042 1105 mature
1075 1062 1384 1104 obseruabunt
1412 1061 1666 1103 auditorum
1690 1067 1735 1104 et

112 1142 316 1192 aliorum,
342 1141 612 1195 quibuscum
635 1139 1009 1182 consuetudinem
1032 1139 1200 1181 habere
1218 1144 1446 1193 poterunt,
1467 1137 1666 1192 ingenia,
1689 1144 1733 1178 et

114 1218 308 1273 reliquas
332 1217 467 1260 animi
490 1218 634 1268 dotes,
662 1216 922 1272 praesertim
947 1214 1276 1265 conuictorum,
1302 1215 1340 1257 si
1361 1213 1437 1268 qui
1460 1213 1566 1265 sint,
1592 1221 1637 1257 et
1655 1228 1734 1268 pro

109 1295 226 1337 virili
250 1309 330 1337 sua
353 1295 670 1349 explorabunt,
696 1307 802 1334 num
827 1292 963 1334 animi
991 1292 1120 1334 dotes
1158 1306 1234 1333 eas
1267 1292 1480 1342 habeant,
1513 1305 1628 1345 quae
1668 1291 1735 1332 fa-

107 1371 228 1414 ciant
251 1371 371 1427 ipsos
393 1371 580 1412 idoneos
609 1371 665 1412 ad
688 1368 980 1412 Societatem.

196 1448 290 1492 494
322 1448 527 1491 Sextum.
593 1447 709 1488 Cum
732 1444 852 1487 nacti
880 1444 968 1487 iam
998 1443 1190 1498 aliquem
1219 1443 1402 1495 fuerint,
1430 1443 1506 1498 qui
1530 1444 1735 1486 videatur

108 1525 313 1575 idoneus,
335 1525 391 1567 de
414 1538 467 1567 eo
489 1524 685 1567 referent
708 1523 765 1564 ad
788 1521 1064 1577 superiorem
1087 1520 1138 1577 (si
1161 1528 1418 1563 nostrorum
1444 1521 1499 1564 sit
1522 1521 1731 1575 auditor),

107 1602 184 1656 qui
207 1601 345 1657 possit
374 1600 625 1651 consulere,
651 1607 696 1642 et
726 1601 876 1642 facere
903 1598 1100 1641 animum
1132 1604 1285 1640 nostro
1322 1598 1582 1653 promotori,
1609 1606 1656 1639 vt
1678 1599 1735 1640 ad

108 1679 232 1720 illum
261 1678 511 1720 iuuandum
534 1677 783 1728 incumbat,
809 1684 854 1719 et
882 1675 1040 1718 iuuare
1069 1675 1202 1719 etiam
1241 1674 1381 1730 possit
1417 1674 1728 1718 instructione.

195 1754 462 1810 Septimum.
529 1753 618 1796 Vbi
656 1753 795 1809 igitur
831 1751 1085 1796 constiterit
1116 1752 1309 1806 aliquem
1333 1754 1433 1795 esse
1461 1751 1728 1804 iuuandum,
1782 1749 1785 1753 ’

103 1833 160 1874 ad
191 1831 313 1873 illum
344 1844 549 1886 scopum,
581 1829 751 1885 primus
779 1829 862 1873 erit
899 1829 1068 1883 gradus
1099 1835 1148 1870 vt
1184 1827 1608 1883 illipersuadeatur
1638 1828 1728 1869 fre—

104 1907 291 1969 quentia
313 1907 612 1950 confessionis
634 1913 679 1948 et
701 1905 1052 1956 communionis,
1079 1912 1124 1948 et
1146 1912 1279 1948 erunt
1315 1904 1541 1960 designati
1570 1904 1615 1945 in
1638 1905 1731 1946 col-

108 1984 226 2040 legio
250 1983 388 2038 aliqui
414 1985 586 2035 Patres,
613 1982 688 2038 qui
717 1982 982 2026 dexteritate
1010 1989 1054 2024 et
1083 1996 1165 2023 vsu
1189 1989 1233 2025 et
1261 1980 1419 2036 spiritu
1452 1982 1508 2024 ad
1544 1983 1626 2023 hos
1658 1981 1728 2022 iu-

110 2062 282 2103 uandos
320 2060 410 2103 sint
442 2066 737 2115 praestantes.
780 2058 840 2101 Hi
878 2059 1164 2101 conabuntur
1191 2057 1277 2100 illis
1304 2058 1420 2101 bene
1452 2057 1654 2099 contritis
1684 2064 1729 2099 et

70 2127 72 2129 .
106 2137 326 2181 confessis
366 2137 654 2192 persuadere,
685 2142 733 2176 vt
770 2135 1122 2178 consuetudines
1159 2133 1319 2176 noxias
1356 2133 1624 2188 relinquant,
1656 2148 1729 2175 se—

102 2221 284 2256 ctentur
307 2228 413 2256 vero
437 2227 592 2255 eorum
615 2211 633 2237 b
655 2211 1064 2262 conuersationem,
1091 2225 1116 2253 e
1139 2210 1304 2266 quibus
1337 2210 1512 2266 possint
1535 2211 1730 2252 fructum

109 2290 256 2334 facere
279 2290 572 2345 spiritualem,
598 2296 643 2332 et
665 2289 900 2331 commode
928 2294 1142 2343 poterunt
1173 2287 1402 2342 designari
1432 2301 1535 2328 cum
1563 2286 1729 2341 quibus

111 2367 287 2422 possint
324 2365 696 2409 consuetudinem
734 2366 1018 2408 contrahere?
1042 2364 1218 2408 Deinde
1240 2363 1348 2419 ipsis
1385 2363 1722 2419 persuadeatur,

106 2450 156 2484 vt
180 2449 225 2485 et
249 2442 527 2497 frequentius
550 2448 595 2483 et
616 2441 827 2483 deuotius
850 2448 996 2492 orent,
1023 2448 1066 2484 et
1089 2440 1226 2482 libros
1255 2439 1427 2494 aliquos
1458 2440 1614 2494 legant
1636 2438 1728 2493 spi-

102 2517 304 2571 rituales,
329 2517 422 2561 495
449 2532 562 2572 quos
584 2516 812 2572 oportebit
833 2516 918 2558 illis
941 2516 1261 2571 praescribere,
1288 2521 1336 2556 vt
1363 2516 1630 2566 Gersonem,
1656 2515 1726 2554 De

103 2596 352 2636 imitatione
372 2594 559 2643 Clzristi;
588 2593 869 2635 Plzaretram
898 2593 1050 2634 diuini
1082 2593 1254 2633 amoris
1283 2589 1599 2645 Landspergii3
1632 2590 1724 2630 Sti-

102 2672 276 2713 mulum
314 2671 467 2712 diuini
503 2671 676 2711 amoris
708 2685 763 2712 ex
801 2671 1142 2719 Bonauentura,
1178 2676 1223 2710 et
1259 2667 1355 2710 eius
1388 2665 1718 2709 meditationes.

102 2747 212 2791 Item
246 2755 506 2789 sanctorum
539 2746 676 2798 vitas,
713 2753 758 2789 et
790 2745 905 2787 vitas
938 2751 1140 2800 patrum,
1182 2750 1225 2787 et
1259 2743 1431 2796 aliquos
1464 2741 1636 2782 libellos
1667 2755 1722 2783 ex

104 2823 277 2866 Blossio
299 2831 344 2865 et
366 2822 547 2865 similes.
573 2826 742 2868 Verum
764 2821 809 2863 hi
831 2821 932 2863 libri
956 2835 1046 2863 non
1069 2829 1175 2862 sunt
1198 2818 1283 2860 illis
1306 2817 1545 2860 confertim
1568 2817 1721 2859 obtru-

170 2997 188 3013 a
236 2987 297 3022 vel
320 2987 414 3032 quia
434 2998 504 3024 ms.
531 2985 535 2989 ’
555 2988 621 3013 -b
648 2996 789 3020 earum
810 2996 880 3022 ms.
