2028 3426
290 234 358 280 258
762 230 916 265 PATms
943 227 1187 261 Hmnoiwm
1213 222 1364 257 NADAL

333 337 571 380 Habeatur
593 348 701 377 cura
722 331 918 387 diligens
942 336 990 370 ut
1015 325 1224 381 religiose
1246 324 1357 366 fiant
1380 321 1697 367 recreationes.

333 412 620 457 Adhibeatur
641 424 750 453 cura
773 415 817 452 et
840 403 1078 460 disciplina
1101 400 1458 457 Segismundo...

335 491 490 534 Placet
515 496 562 530 ut
586 488 647 530 ita
670 484 810 528 nostri
834 484 997 526 adeant
1019 478 1166 522 officia
1189 476 1512 528 ecclesiastica,
1539 482 1589 518 ut
1619 475 1742 518 nulla
1771 488 1878 530 pro-

246 575 401 624 pterea
425 566 633 609 uideatur
656 560 859 606 contrahi
884 556 1103 613 obligatio
1127 555 1224 599 eius
1247 553 1325 597 rei.
1353 552 1600 596 Contiones
1623 559 1775 595 tamen
1792 559 1810 576 ²

339 643 594 699 Diligenter
612 646 738 682 curet
762 644 908 681 rector
931 642 980 676 ut
1003 647 1141 676 cocus
1163 645 1254 674 non
1277 630 1334 673 sit
1356 636 1588 681 externus,
1612 629 1692 671 sed
1713 642 1769 671 ex
1786 629 1879 670 fra-

246 721 407 763 tribus.

334 799 395 840 Vt
419 795 559 839 nostri
583 796 736 836 lauent
759 790 971 834 scutellas
995 794 1078 832 25²2
1100 800 1299 830 mensae.

335 873 636 918 Coadiutores
662 869 912 912 uestiantur
935 866 1087 908 colore
1110 863 1269 906 eodem
1293 876 1398 904 cum
1422 859 1636 903 fratribus
1659 858 1757 903 aliis
1784 860 1813 901 ¹.

333 952 567 994 Habeatur
591 947 701 990 ratio
725 943 964 1011 peculiaris
987 940 1319 991 coadiutorum,
1341 937 1722 994 quemadmodum
1741 936 1876 978 docet

244 1029 464 1084 quaedam
488 1024 727 1068 instructio
749 1024 805 1064 de
829 1020 913 1063 illis
937 1021 1055 1062 facta
1078 1020 1109 1061 ².

332 1105 586 1160 Diligenter
608 1103 682 1144 det
706 1113 886 1155 operam
906 1103 1068 1147 rector,
1097 1102 1162 1146 ut,
1195 1092 1271 1149 qui
1301 1107 1391 1135 non
1421 1090 1571 1135 sciunt
1595 1088 1873 1147 germanice,

242 1183 419 1226 discant
442 1180 591 1235 quoad
615 1183 842 1234 poterunt:
883 1187 1040 1217 omnes
1062 1178 1213 1216 autem
1242 1171 1486 1225 loquantur
1508 1167 1647 1211 latine
1668 1167 1743 1210 uel
1765 1181 1872 1223 ger-

246 1259 435 1303 manice.

331 1338 529 1391 Tempus
552 1331 766 1376 orationis
789 1328 1099 1385 uespertinum
1123 1332 1426 1369 commutetur
1448 1323 1494 1366 in
1514 1337 1605 1366 uno
1623 1321 1877 1378 quadrante

247 1414 293 1455 in
318 1421 497 1468 tempus
519 1418 623 1453 ante
646 1422 890 1452 coenam...

334 1489 473 1533 Pallia
497 1489 607 1530 fiant
631 1483 989 1529 coadiutoribus.

331 1569 392 1610 Vt
416 1566 524 1610 satis
547 1565 625 1607 fiat
647 1566 710 1606 M.
738 1562 883 1606 Paulo
910 1559 1183 1603 flaindrense
1205 1556 1239 1610 1);
1266 1554 1563 1611 conqueritur
1585 1553 1706 1598 enirn
1731 1553 1788 1598 de
1811 1566 1877 1595 ra-

241 1645 441 1688 tionibus
467 1645 517 1685 P.
538 1640 729 1699 Joannis
752 1636 1052 1682 Rabenstain.

331 1720 589 1777 Diligenter
607 1724 736 1762 curet
758 1714 963 1772 superior
991 1721 1058 1765 ut,
1089 1712 1127 1755 si
1150 1726 1240 1767 qua
1263 1708 1483 1767 perfectio
1510 1708 1556 1751 in
1585 1706 1879 1753 recreationi-

242 1801 328 1841 bus
349 1796 571 1840 habendis
593 1794 892 1845 desideretur,
913 1806 966 1835 ea
989 1789 1268 1835 restituatur.
1297 1786 1435 1843 Quod
1457 1785 1494 1829 si
1514 1799 1681 1842 magna
1702 1784 1878 1827 uidetur

242 1878 337 1920 fore
360 1875 602 1917 difficultas
620 1871 758 1914 huius
775 1867 1091 1919 restitutionis,
1117 1871 1388 1909 moneantur
1409 1865 1571 1906 fratres
1589 1863 1686 1905 fore
1705 1868 1754 1904 ut
1771 1875 1879 1905 con-

241 1953 457 1995 stituatur
481 1949 683 2005 superior
707 1948 753 1990 in
777 1945 1072 1997 recreatione,
1099 1943 1172 1986 cui
1190 1943 1387 1986 debeant
1405 1939 1606 1991 obedire,
1628 1946 1678 1981 ut
1696 1936 1875 1982 rectori.

332 2027 552 2072 Melchior
576 2033 750 2081 repetat
774 2021 1115 2081 grammaticam
1139 2026 1183 2064 et
1205 2025 1464 2074 componat.

333 2104 534 2161 Insignia
557 2105 794 2146 doctorum
817 2101 929 2143 fiant
952 2099 1111 2142 saltem
1136 2097 1275 2140 tria...

335 2181 633 2224 Prouideatur
664 2195 719 2223 ne
748 2178 806 2222 sit
834 2175 1030 2221 incendii
1059 2174 1311 2231 periculum
1346 2187 1402 2217 ex
1437 2178 1563 2228 parte
1595 2168 1761 2213 camini
1793 2182 1878 2211 cu·

244 2260 379 2303 linae.

333 2338 497 2379 Petrus
521 2340 785 2389 computare
807 2338 852 2374 et
871 2330 1068 2373 scribere
1090 2328 1250 2371 discat.

329 2414 515 2455 Clauem
540 2410 657 2461 ostii,
685 2410 805 2464 quod
829 2407 1022 2464 pertinet
1045 2406 1101 2448 ad
1124 2403 1374 2448 sacristiam
1398 2416 1453 2445 ex
1477 2401 1774 2451 bibliotheca,
1796 2400 1878 2460 ha-

244 2492 346 2534 beat
370 2504 488 2531 unus
511 2504 565 2532 ex
590 2487 818 2536 fratribus,
845 2484 918 2526 cui
941 2481 1215 2527 commiserit
1238 2487 1406 2532 rector,
1431 2486 1476 2523 et
1499 2478 1557 2521 sit
1575 2477 1737 2521 ianitor
1760 2475 1879 2518 illius

241 2567 359 2618 ostii,
387 2581 476 2621 quo
497 2573 696 2619 tempore
722 2565 878 2605 Patres
902 2568 946 2604 et
970 2561 1130 2603 fratres
1154 2557 1345 2602 ueniunt
1368 2557 1425 2599 ad
1449 2555 1670 2608 officium,
1699 2551 1878 2596 contio-

243 2660 344 2687 nem
368 2650 543 2694 etc.;‘et
568 2640 793 2690 sacerdos,
820 2638 895 2693 qui
924 2636 1012 2679 illic
1037 2637 1236 2679 celebrat
1263 2633 1464 2685 missam,
1499 2638 1572 2676 eat
1595 2645 1673 2687 per
1696 2629 1877 2673 ianuam

242 2720 437 2775 collegii,
464 2728 508 2761 et
532 2718 644 2760 alius
667 2717 818 2758 nullus
841 2716 1004 2757 habeat
1027 2713 1202 2755 clauem
1232 2710 1352 2753 illius
1376 2708 1493 2753 ostii.

314 2845 329 2859 ε·
358 2832 421 2866 Sic
442 2832 478 2865 in
500 2842 568 2864 ms.
593 2840 709 2863 sensu
730 2827 978 2872 incompleto.
1032 2826 1096 2851 ——b
1116 2823 1200 2858 Sic.

317 2930 323 2947 ⁸
377 2925 476 2959 Vide
497 2924 608 2968 intra,
630 2924 729 2958 inter
749 2921 897 2956 Natalis
918 2918 1210 2963 instructiones,
1232 2917 1512 2964 paragraphum
1532 2915 1614 2950 «De
1635 2914 1817 2959 vestitu»3
1838 2918 1878 2948 et

245 2988 597 3028 BRAUNSBERGER,
622 2984 693 3016 loc.
715 2981 797 3024 cit.,
819 2980 886 3026 IV,
909 2978 1083 3023 347-349.

316 3050 327 3066 ²
381 3045 472 3078 Eam
492 3043 612 3077 habes
633 3041 746 3082 infra,
767 3040 867 3074 inter
887 3037 1036 3073 Natalis
1056 3037 1350 3072 instructiones.
