2028 3426
334 235 403 272 236
807 237 960 272 PATms
987 237 1233 271 HrERoNYMI
1263 234 1413 270 NADAL

289 339 562 395 tempestiue
591 338 756 382 ibidem
786 337 873 381 illis
902 337 1018 381 adsit
1043 339 1178 380 Pater
1200 335 1507 392 prouincialis,
1534 349 1669 392 quem
1693 336 1749 379 de
1772 337 1856 379 hac
1879 350 1927 378 re

291 416 538 460 admonere
561 415 760 458 debebit.

1066 521 1144 563 3³5

821 611 998 666 QUAE
1033 612 1084 652 P.
1122 610 1393 654 NATALlS

498 720 634 749 PATRI
663 719 899 748 DOMINICO
925 718 1131 748 RECTORI
1159 718 1490 748 MONACHIENSI
1514 718 1651 748 DIXIT
1699 739 1706 747 .

376 801 565 844 Curabit
589 810 636 842 vt
659 801 780 843 domi
804 807 1012 843 seruetur
1040 799 1285 856 singularis
1313 800 1549 852 modestia,
1576 801 1697 855 quod
1732 800 1927 844 maxime

289 879 476 933 requirit
500 879 760 934 collegium,
786 877 863 920 vbi
885 885 954 922 est
977 878 1140 921 domus
1162 877 1461 934 probationis.

378 956 642 998 Inueniatur
665 955 761 1011 ipse
779 956 962 1010 quando
987 955 1099 998 ratio
1121 954 1264 1011 exigit
1286 964 1330 998 et
1354 954 1559 1010 queritur
1580 970 1605 997 a
1628 954 1858 998 fratribus.

381 1033 448 1078 Sit
473 1033 683 1076 omnibus
708 1032 852 1075 facilis
875 1040 920 1076 et
942 1032 1188 1089 benignus.
1251 1022 1253 1025 V

376 1111 423 1155 Si
448 1110 735 1166 impacientia
759 1109 1000 1156 excitetur,
1025 1124 1124 1153 eam
1147 1109 1416 1152 dissimulet.

378 1189 666 1244 Singularem
690 1188 855 1230 habeat
878 1201 1034 1230 curam
1059 1187 1109 1228 P.
1144 1186 1327 1230 Martini
1356 1188 1390 1240 ²,
1416 1202 1551 1243 quern
1584 1186 1785 1243 benigne
1816 1200 1929 1229 con-

287 1265 507 1309 solabitur
530 1272 574 1307 et
597 1264 643 1306 in
666 1264 908 1307 vocatione
931 1256 1198 1307 adiuuabitf

379 1344 542 1386 Vtetur
572 1348 708 1397 opera
739 1343 792 1384 P.
826 1341 956 1384 Pauli
985 1342 999 1362 ⁵
1030 1341 1076 1384 in
1104 1343 1242 1385 rebus
1271 1341 1604 1397 spiritualibus,
1631 1342 1715 1386 erit
1745 1341 1926 1385 interim

288 1422 373 1463 sub
397 1418 671 1470 obedientia,
699 1433 751 1461 ac
774 1418 873 1462 eius
895 1433 1032 1474 opera
1054 1418 1100 1461 in
1124 1419 1335 1461 omnibus
1357 1427 1528 1464 vtetur.

375 1496 519 1540 Sicuti
549 1497 774 1539 hactenus
806 1495 962 1538 debuit
995 1495 1195 1540 exerceri
1230 1496 1397 1552 pietate
1429 1504 1474 1539 et
1501 1495 1705 1540 oratione
1743 1503 1788 1540 et
1827 1495 1928 1538 aliis

290 1574 425 1616 rebus
444 1572 770 1628 spiritualibus,
783 1572 846 1615 ita
864 1587 986 1615 nunc
1004 1573 1146 1615 multo
1164 1573 1309 1629 magis
1326 1573 1371 1615 in
1389 1572 1560 1617 eisdem
1578 1588 1678 1617 sese
1696 1579 1924 1625 exerceat,

288 1664 391 1693 cum
423 1650 596 1694 ratione
627 1649 765 1692 officii
796 1651 983 1694 accedat
1011 1650 1151 1693 maior
1184 1650 1355 1694 Christi
1384 1650 1553 1707 gratia,
1580 1650 1653 1693 cui
1693 1651 1929 1707 cooperari

288 1728 440 1788 debet,
467 1726 712 1783 collegium
735 1728 792 1770 ad
815 1726 1029 1770 maiorem
1053 1727 1222 1771 Christi
1245 1727 1439 1783 gratiam
1463 1728 1791 1784 promouendo.

1069 1859 1151 1901 :3ss

1053 1949 1153 2042 Jliss.

721 2079 915 2134 QUAE
958 2080 1153 2122 DIXIT
1196 2080 1501 2123 NATALIS

798 2187 1006 2217 RECTORI
1031 2187 1361 2218 MONACHIENSI
1386 2175 1417 2217 ⁴.

385 2270 526 2313 Curet
548 2267 753 2324 superior
779 2275 825 2310 ut
848 2269 1177 2324 persuadeatur
1199 2269 1452 2322 monachis,
1477 2276 1527 2312 ut
1551 2269 1683 2312 faciat
1707 2283 1825 2312 Vnus
1852 2277 1931 2312 aut

294 2347 387 2389 duo
409 2360 564 2389 eorum
589 2345 805 2389 exercitia
829 2352 983 2388 nostra
1005 2344 1269 2401 spiritualia.

363 2461 371 2479 ¹
427 2459 483 2493 Ex
502 2460 725 2504 archetypo,
748 2457 787 2492 in
805 2456 939 2492 codice
959 2457 1098 2493 Natal.
1118 2456 1243 2492 instr.
1270 2456 1424 2499 Germ„
1446 2458 1560 2493 unico
1580 2458 1725 2502 foliolo,
1746 2467 1807 2504 52,
1826 2458 1930 2506 quod

290 2516 390 2551 inter
415 2516 503 2551 folia
523 2525 563 2560 51
586 2523 625 2551 et
652 2515 696 2561 53
721 2522 897 2552 assutum
916 2521 989 2551 est.
1010 2515 1080 2551 Illa
1099 2515 1176 2551 duo
1202 2517 1322 2551 verba
1341 2516 1459 2551 tituli:
1486 2518 1634 2553 rectori
1659 2518 1931 2554 monachiensi

289 2581 378 2609 sunt
397 2575 526 2610 addita
551 2587 571 2609 a
599 2575 727 2610 Natali
748 2587 862 2611 manu
882 2575 1048 2622 propria.
1070 2574 1216 2610 Eodem
1245 2575 1327 2610 fere
1353 2581 1528 2621 tempore
1554 2588 1599 2612 ac
1617 2576 1856 2623 praecedens
1875 2576 1930 2612 in-

290 2634 454 2668 structio
469 2635 565 2669 haee
580 2646 599 2668 a
613 2634 742 2669 Natali
761 2635 851 2669 data
870 2640 945 2678 est,
961 2634 1113 2669 scilicet
1128 2645 1261 2669 mense
1274 2635 1392 2680 Junio
1407 2635 1498 2671 anni
1517 2636 1719 2680 1566,cum
1738 2635 1930 2671 Monaehii

289 2693 523 2738 inspectioni
543 2705 700 2739 operam
719 2699 894 2729 navaret.
917 2693 979 2729 Cf.
1001 2693 1130 2739 Epist.
1153 2694 1202 2729 P.
1222 2693 1372 2736 Nadal,
1394 2694 1459 2740 111,
1483 2695 1562 2740 167,
1589 2695 1666 2730 [81.

363 2753 377 2773 ²
428 2751 692 2787 Stevordiani.

362 2811 375 2830 ⁵
427 2810 595 2845 Hoffaei.

362 2873 374 2889 ·’·
426 2870 482 2903 Ex
501 2870 727 2915 archetypo,
747 2881 768 2903 a
787 2869 830 2906 P.
853 2869 983 2905 Natali
1002 2869 1224 2916 emendam,
1244 2869 1282 2905 in
1301 2869 1435 2906 codic<²
1455 2871 1593 2908 Natal.
1614 2873 1738 2907 instr.
1765 2871 1927 2914 Germ„

289 2934 454 2974 quatuor
473 2928 589 2969 foliis,
611 2926 667 2972 35,
690 2927 750 2971 36,
770 2938 814 2972 45
835 2933 874 2962 et
892 2929 937 2972 46
962 2927 1039 2974 (37,
1063 2928 1138 2973 38).
1165 2929 1272 2964 Inter
1296 2930 1392 2964 haec
1415 2940 1437 2975 4
1465 2930 1556 2966 folia
1575 2931 1648 2966 alia
1677 2936 1929 2967 monumenta

289 2993 419 3021 assuta
448 2985 604 3021 fuerunt
635 2998 656 3020 a
687 2986 775 3021 libri
805 2987 1081 3032 compositore.
1114 2987 1271 3024 Titulus
1302 2994 1363 3024 est
1395 2989 1544 3024 Natalis
1576 3001 1691 3024 manu
1727 2997 1926 3026 exaratus.

290 3046 467 3079 Alterum
488 3050 615 3080 exstat
630 3045 743 3090 hujus
764 3045 898 3091 scripti
918 3047 1196 3093 apographum,
1219 3047 1265 3082 ad
1286 3059 1457 3083 normam
1473 3048 1759 3084 correctionum
1778 3049 1928 3086 Natalis
