2028 3426
677 209 1014 244 INSTRuci-mnns
1021 229 1054 234 —
1063 208 1106 243 61
1587 217 1654 254 477

77 323 180 353 crae
210 308 525 362 eucharistiae,
552 323 608 351 an
637 309 808 364 aliquid
835 309 921 352 illis
949 308 1202 361 obuenerit,
1229 310 1349 363 quod
1378 309 1701 353 offendiculum

77 386 266 438 dederit,
288 386 359 431 vel
375 385 560 428 omnino
577 400 669 428 non
689 385 822 428 fuerit
841 402 865 430 e
882 385 1104 442 dignitate
1121 385 1393 428 sanctissimi
1412 387 1698 430 sacramenti.

76 465 420 518 Interrogentur
447 463 504 506 de
533 461 692 504 officiis
719 462 830 515 suis,
861 478 917 506 ex
946 468 1031 509 302
1063 462 1117 506 iis
1145 462 1408 518 praesertim
1443 463 1702 519 cap[itibus]

79 554 196 595 quae
216 538 493 583 videbuntur
515 546 533 564 ³
555 539 732 595 grauia.

167 618 277 658 Post
299 630 456 659 omnes
478 615 860 671 interrogationes
883 623 1044 672 agatur
1066 617 1122 660 de
1154 631 1208 660 eo
1231 616 1393 672 capite,
1421 617 1542 671 quod
1564 630 1704 671 pecu-

76 692 243 735 liariter
266 692 426 734 attinet
444 693 500 734 ad
524 691 805 748 apertionem
828 692 1149 746 conscientiae,
1175 692 1350 737 etiamsi
1375 694 1516 735 multa
1546 692 1636 735 sint
1660 692 1705 733 in

79 769 511 825 interrogationibus
534 768 843 824 superioribus
866 769 1067 813 eiusdem
1091 769 1366 826 argumenti.

169 847 512 901 Interrogentur
543 845 683 901 igitur
712 846 768 889 de
791 845 964 889 ratione
999 846 1237 898 orationis,
1264 861 1372 889 num
1405 846 1621 888 vocaliter
1652 861 1707 887 an

43 972 50 980 ,
79 921 333 966 mentaliter
354 929 499 966 orent.
525 923 710 977 Quanto
733 936 836 964 cum
862 924 1012 965 fructu
1035 929 1080 964 et
1103 922 1240 977 quali.
1269 924 1389 966 Num
1414 937 1516 965 cum
1542 936 1707 965 conso—

81 999 247 1043 latione
275 999 346 1041 vel
375 999 618 1043 deuotione
645 1007 690 1042 et
713 999 850 1054 quali.
883 1001 958 1042 An
980 1001 1235 1055 lachrymas
1265 1001 1441 1044 soleant
1471 1001 1641 1044 habere
1664 1007 1709 1042 et

83 1077 252 1131 quales.
279 1077 399 1118 Num
424 1075 560 1118 alium
590 1075 844 1131 quempiam
876 1091 1059 1118 sensum
1089 1077 1288 1119 habeant
1316 1076 1333 1101 b
1363 1076 1641 1132 spiritualem
1665 1077 1710 1118 in

82 1152 282 1195 oratione
305 1159 349 1196 et
373 1153 565 1207 qualem.
593 1153 667 1195 An
690 1151 859 1206 aliquid
881 1151 942 1193 illi
972 1153 1176 1196 euenerit
1204 1153 1250 1194 in
1279 1153 1481 1195 oratione
1504 1160 1709 1195 extraor—

85 1229 325 1272 dinarium.

176 1307 245 1348 De
264 1305 336 1348 his
355 1306 492 1349 rebus
510 1305 830 1361 interrogetur,
851 1304 895 1346 in
915 1305 1064 1357 missa,
1078 1305 1131 1347 in
1150 1306 1434 1350 confessione
1451 1313 1496 1349 et
1513 1320 1714 1348 commu-

89 1382 224 1426 nione
253 1382 361 1437 quid
389 1382 452 1424 illi
481 1381 738 1437 contigerit.
773 1383 920 1436 Quem
951 1382 1147 1424 fructum
1177 1383 1341 1425 sentiat
1378 1383 1423 1425 in
1455 1398 1539 1426 vsu
1566 1383 1710 1425 virtu-

87 1467 198 1512 tum,
234 1466 278 1502 et
314 1473 504 1513 quarum
543 1458 801 1514 praecipue.
837 1459 974 1511 Num,
1010 1467 1189 1511 contra,
1226 1460 1488 1515 frequentes
1520 1459 1715 1515 patiatur

84 1535 384 1579 desolationes
408 1537 479 1580 vel
502 1535 767 1578 afflictiones
790 1535 1028 1579 interiores
1052 1543 1096 1579 et
1117 1535 1347 1580 ariditates
1371 1536 1552 1589 mentis,
1572 1551 1714 1592 vaga-

88 1613 247 1664 tiones,
273 1612 654 1669 perturbationes,
681 1611 989 1663 difficultates,
1016 1619 1060 1655 et
1088 1614 1472 1667 quemadmodum
1502 1613 1547 1655 in
1576 1613 1645 1657 his
1669 1629 1716 1656 se

88 1697 259 1745 gerat.·
1761 1746 1766 1750 .

174 1771 256 1811 303
279 1768 328 1808 In
352 1765 615 1808 Vniuersum
651 1765 959 1821 interrogetur
996 1779 1105 1807 num
1144 1765 1357 1808 maiorem
1382 1768 1453 1809 vel
1485 1767 1716 1821 aequalem

86 1844 155 1886 vel
174 1843 392 1886 minorem
416 1849 691 1897 prouentum
715 1841 991 1897 spiritualem
1017 1841 1173 1885 fecerit
1196 1844 1297 1897 post
1316 1843 1516 1885 vltimam
1535 1844 1717 1887 confes—

89 1919 261 1962 sionem
294 1919 570 1975 generalem,
595 1919 667 1960 vel
696 1917 974 1973 apertionem
1003 1918 1307 1962 conscientiae
1337 1934 1470 1975 quam
1502 1927 1649 1973 antea,
1675 1928 1719 1963 et

89 2010 179 2051 quo
203 1996 353 2038 animo
377 1995 434 2038 sit
466 1995 522 2037 ad
550 1995 915 2039 contendendum
947 2010 1002 2038 ex
1039 1994 1219 2050 integro
1259 1996 1400 2051 (quasi
1431 1996 1541 2038 nihil
1563 1998 1717 2039 hacte-

94 2088 179 2115 nus
201 2072 384 2128 egisset)
411 2072 467 2114 ad
490 2070 704 2114 maiorem
728 2058 1051 2126 perfectionem
1074 2073 1441 2114 consectandam.
1629 2054 1635 2062 Ι

154 2205 274 2235 POST
298 2203 661 2234 CONFESSIONEM
688 2203 777 2232 PRO
808 2203 1184 2233 EXHORTATIONE
1216 2205 1274 2233 ET
1306 2205 1663 2236 INSTRUCTIONE

181 2305 250 2346 De
273 2301 497 2358 pronitate
519 2309 705 2343 naturae
727 2308 771 2343 et
793 2302 916 2343 fluxu
940 2300 983 2342 in
1004 2301 1187 2343 malum.

180 2381 250 2422 De
273 2392 426 2434 pugna
447 2392 608 2421 sensus
629 2376 675 2419 in
697 2377 920 2433 spiritum,
946 2373 1068 2421 etex
1091 2377 1159 2420 his
1177 2378 1233 2421 de
1256 2379 1508 2422 necessaria
1529 2394 1721 2423 renoua—

96 2456 216 2498 tione
239 2471 294 2499 ex
320 2455 461 2497 Paulo
484 2461 529 2497 et
550 2460 704 2496 nostro
726 2453 947 2496 instituto.

184 2534 253 2575 De
282 2531 428 2574 Patris
454 2529 615 2586 Ignatii
643 2529 860 2582 doctrina,
897 2531 1017 2584 quod
1049 2530 1294 2573 debeamus
1327 2532 1388 2573 vti
1425 2532 1633 2586 potentiis
1666 2536 1721 2575 ad

97 2607 434 2651 renouationem
458 2614 503 2649 et
526 2605 900 2657 emendationem,
926 2614 971 2648 et
998 2605 1210 2650 maiorem
1241 2608 1436 2649 fructum
1469 2608 1511 2649 in
1545 2608 1720 2663 spiritu,

97 2699 202 2727 cum
226 2683 380 2726 diuina
409 2682 571 2739 gratia,
598 2683 975 2736 quemadmodum
1000 2682 1097 2726 sine
1124 2682 1214 2734 illa,
1241 2684 1470 2726 abutendo
1494 2684 1722 2739 potentiis,

99 2768 296 2804 mentem
321 2767 518 2802 nostram
542 2758 894 2802 deformauimus
923 2761 948 2800 ¹.

171 2905 187 2922 a
237 2895 475 2929 videbantur
494 2904 564 2928 ms.
617 2894 682 2919 —b
707 2893 844 2928 habea!
861 2905 932 2927 ms.

173 3001 182 3021 ¹
235 3001 333 3036 Vide
355 3001 481 3046 Epist.
505 3001 551 3036 Ρ.
572 3000 720 3041 Ναάαῖ,
742 3001 773 3044 Ι,
798 3009 853 3045 17,
873 3011 909 3037 n.
931 3008 989 3044 45.
