2028 3426
444 267 718 302 MONUMENTA
744 271 1000 301 PROv1NC1AE
1026 259 1337 305 AUSTmAE—48
1587 260 1650 295 281

65 378 222 413 :autem
251 368 466 425 pecunias
495 368 646 424 exiget
675 368 729 412 Ρ.
760 366 976 417 Victoria,
1009 378 1164 407 earum
1194 363 1327 406 faciet
1359 361 1621 417 quitantias,
1658 370 1704 405 et

66 462 148 491 reas
171 446 295 489 dabit
317 452 475 501 postea
498 444 764 496 rectoribus,
790 444 864 487 uel
886 440 1160 498 prouintiali,
1186 439 1222 482 si
1245 439 1378 482 adsit.

31 511 34 515 .
161 523 256 566 Erit
279 521 521 565 coniuncta
543 523 656 564 haec
679 535 789 563 cura
811 534 915 563 cum
938 518 1051 570 aliis,
1077 524 1142 569 ut,
1169 516 1205 559 si
1229 516 1335 572 quid
1360 515 1500 571 possit
1523 531 1704 571 promo-

75 615 182 644 uere
204 606 468 656 prouentus,
495 598 569 641 uel
591 597 750 641 iuuare
772 610 993 652 expensas
1016 593 1311 650 collegiorum
1333 592 1604 636 eleemosina
1634 594 1704 636 uel

67 677 159 720 -alia
182 675 417 727 industria,
443 674 488 716 id
510 690 568 718 ne
590 674 781 723 omittat.

163 753 411 807 Antiquam
434 751 552 794 illam
576 765 731 793 curam
754 757 799 792 et
822 750 968 793 zelum
991 747 1178 791 iuuandi
1201 747 1443 803 collegium
1473 761 1708 789 romanum

72 845 166 873 non
188 829 380 882 omittet3
406 828 516 870 nihil
539 834 690 870 tamen
713 828 769 869 ad
791 828 878 869 hoc
900 842 956 870 ex
979 824 1183 881 collegiis
1205 824 1369 879 capiet,
1394 823 1481 865 nisi
1499 824 1710 866 consulto

75 906 290 963 generali:
315 904 478 962 poterit
501 911 650 947 tamen
672 918 726 946 ex
749 903 1066 945 distributione
1088 903 1325 952 bonorum,
1353 901 1390 943 si
1413 914 1547 955 quam
1571 900 1710 942 faciat

77 982 237 1038 aliquis
260 984 412 1034 frater,
441 981 513 1023 uel
537 980 734 1023 aliunde.

167 1059 216 1104 Si
237 1059 360 1114 quod
383 1058 468 1103 erit
491 1057 672 1101 difficile
694 1056 948 1112 negotium,
969 1056 1095 1110 siqua
1113 1055 1425 1098 controuersia
1447 1061 1605 1096 contra
1629 1068 1712 1096 nos

78 1137 352 1192 insurgeret,
391 1135 521 1189 siqua
553 1149 624 1177 res
652 1133 858 1176 dificilior
895 1140 1155 1187 Vtcumque,
1188 1131 1226 1174 si
1263 1131 1382 1173 illius
1418 1130 1633 1173 auxilium
1670 1137 1714 1173 et

74 1227 261 1269 operam
290 1212 497 1268 imploret
526 1210 809 1267 proui'ntialis
843 1210 915 1252 uel
952 1208 1087 1252 etiam
1124 1215 1339 1261 rectores,
1378 1207 1556 1249 iuuabit
1593 1208 1714 1262 quod

84 1289 263 1346 poterit.
291 1290 467 1333 Offeret
496 1287 629 1332 etiam
660 1301 787 1329 suam
810 1301 990 1342 operam
1019 1286 1273 1337 inuocatus,
1301 1284 1375 1326 vbi
1398 1283 1615 1327 iudicabit
1644 1285 1715 1326 of—

76 1367 325 1409 ferendam.
352 1367 418 1408 Ita
443 1372 591 1407 tamen
613 1364 660 1406 in
688 1366 773 1406 hac
802 1378 867 1415 re,
900 1362 1280 1417 quemadmodum
1309 1361 1355 1403 in
1384 1361 1611 1413 omnibus,
1645 1374 1717 1402 res

78 1457 236 1485 omnes
255 1449 378 1498 agat,
406 1448 455 1483 ut
473 1440 558 1484 sibi
578 1440 854 1484 uidebuntur
872 1440 1093 1495 agendae:
1115 1453 1198 1481 nec
1217 1439 1272 1480 ab
1291 1437 1481 1480 alicuius
1498 1437 1714 1492 pendebit

75 1519 238 1562 iuditio
259 1520 334 1563 uel
355 1518 628 1570 obedientia,
654 1524 968 1573 praeterquam
986 1531 1011 1558 a
1029 1515 1254 1571 generalis
1272 1514 1513 1570 praepositi
1532 1522 1576 1558 et
1595 1528 1709 1565 mea,

79 1597 229 1639 donec
252 1603 402 1639 tamen
425 1594 473 1636 in
495 1594 739 1638 Germania
764 1594 907 1637 fuero.

172 1675 356 1716 Praeter
377 1687 445 1724 ea,
473 1686 588 1726 quae
610 1670 730 1713 dicta
752 1677 874 1722 sunt,
901 1677 950 1711 ut
968 1669 1050 1712 erit
1069 1668 1352 1711 consiliarius
1369 1667 1651 1724 prouintialis
1670 1674 1715 1711 et

81 1757 326 1800 rectorum,
366 1763 443 1791 eos
480 1747 655 1791 iuuabit
688 1747 891 1798 consilio,
929 1746 1002 1789 ubi
1037 1747 1161 1788 illum
1193 1747 1448 1788 consulent:
1484 1745 1717 1788 debebunt

78 1833 233 1869 autem
255 1826 379 1868 illum
404 1826 639 1868 consulere
660 1839 716 1867 ex
738 1823 878 1866 offitio
906 1823 952 1865 in
982 1824 1133 1874 rebus,
1166 1822 1211 1864 in
1244 1821 1409 1876 quibus
1438 1812 1718 1863 uidebuntur

77 1917 219 1959 egere
240 1902 442 1954 consilio,
468 1909 513 1945 et
534 1901 796 1956 simpliciter
817 1900 864 1942 in
886 1899 955 1952 iis,
982 1914 1099 1955 quae
1122 1898 1305 1954 aliquod
1327 1898 1603 1941 videbuntur
1620 1912 1719 1940 mo-

82 1987 286 2023 mentum
308 1980 492 2032 habere3
519 1979 599 2022 sed
622 1985 787 2030 tamen,
814 1985 864 2019 ut
882 1992 972 2019 non
995 1977 1083 2029 erit
1101 1976 1146 2018 in
1164 1990 1320 2019 eorum
1340 1975 1610 2027 obedientia,
1633 1974 1718 2027 sic,

82 2057 205 2099 dicta
232 2071 314 2099 sua
342 2055 580 2107 sententia,
614 2070 669 2098 ex
698 2054 1055 2110 congregatione
1087 2053 1317 2096 discedere
1350 2052 1434 2108 ipsi
1467 2051 1643 2103 licebit,
1685 2051 1723 2094 si

90 2133 219 2178 uelit.

132 2232 157 2280 .—
177 2209 250 2252 Ad
278 2211 390 2253 haec
414 2209 544 2265 (quae
567 2207 652 2252 erit
678 2208 793 2261 inter
821 2207 1054 2264 primarias
1078 2209 1138 2265 P„
1158 2206 1387 2250 Victoriae
1411 2206 1555 2261 curas)
1580 2205 1723 2248 anim-

87 2287 299 2329 aduertet
321 2293 366 2328 et
393 2284 652 2328 obseruabit
683 2292 822 2327 totam
851 2285 1070 2328 rationem
1100 2283 1442 2340 gubernationis
1475 2281 1723 2338 prouintia—

90 2363 144 2406 lis
173 2377 225 2405 ac
253 2369 495 2413 rectorum,
527 2368 572 2404 et
599 2361 636 2404 si
664 2360 773 2416 quid
801 2360 885 2403 sibi
918 2361 1144 2404 videbitur
1171 2360 1257 2402 illis
1285 2359 1650 2415 significandum,
1688 2358 1724 2400 si

94 2439 203 2495 quid
225 2438 497 2482 admonendi
520 2446 552 2490 ²²,
573 2437 618 2480 id
638 2438 771 2480 faciat
788 2452 843 2480 ex
862 2435 1020 2489 offftio,
1041 2437 1209 2480 eisdem
1233 2437 1368 2480 etiam
1387 2437 1442 2478 de
1460 2437 1595 2478 rebus
1618 2434 1726 2478 scri-

91 2518 172 2559 bet
194 2517 250 2558 ad
270 2516 526 2572 generalem
549 2515 851 2570 praepositum
872 2521 916 2557 et
934 2515 990 2556 ad
1008 2529 1095 2566 me,
1117 2515 1264 2557 donec
1281 2528 1381 2555 sum
1398 2512 1442 2554 in
1461 2512 1722 2555 Germania.

184 2591 405 2635 Breuiter:
432 2591 515 2635 erit
537 2591 583 2633 in
605 2591 703 2634 eius
724 2591 880 2642 offitio,
906 2591 967 2633 ita
999 2589 1341 2646 gubernationis
1370 2603 1524 2631 curam
1559 2589 1727 2630 habere

91 2670 152 2712 ad
173 2669 480 2712 admonendos
502 2667 774 2723 superiores,
806 2682 858 2710 ac
887 2667 924 2710 si
952 2667 1157 2722 superior
1185 2666 1281 2721 ipse
1310 2673 1444 2715 esset7
1477 2664 1723 2713 induendo,

95 2760 187 2788 non
215 2745 361 2787 solum
391 2743 688 2800 prouintialis,
721 2745 800 2786 sed
828 2743 962 2786 etiam
992 2750 1219 2785 rectorum
1242 2756 1398 2784 omnes
1427 2754 1656 2796 personas,
1683 2747 1728 2781 et

96 2821 350 2877 reputando
367 2819 384 2845 b
404 2822 735 2876 (praeterquam
758 2821 879 2874 quod
901 2834 993 2883 non
1012 2818 1198 2862 habebit
1216 2819 1262 2860 in
1281 2817 1577 2873 gubernando
1595 2815 1704 2857 iuris

98 2897 360 2948 dictionem)
384 2904 528 2939 totum
553 2897 730 2952 pondus
753 2895 1096 2952 gubernationis
1120 2909 1252 2937 suum
1272 2908 1384 2936 esse.

170 3020 187 3036 a
237 3008 348 3044 Prius
369 3009 692 3051 ,admonendum;
713 3007 862 3042 Natalis
887 3007 1110 3042 emendavit
1135 3004 1395 3041 admonendi.
1447 3006 1512 3031 ——b
1540 3003 1652 3038 Prius
1671 3015 1732 3038 re·

101 3069 413 3114 praesentando:
433 3067 573 3102 deinde
592 3067 840 3103 emendatum
859 3072 901 3101 ut
921 3077 1049 3111 supra.
