2028 3426
445 298 719 334 MONUMENTA
746 305 999 334 pnovmczAE
1025 297 1360 340 RHENANAE—54
1588 295 1655 340 327

165 400 412 444 Coadiutor
433 399 531 442 coci
553 413 797 455 germanus
825 401 832 420 ¹
859 398 1038 441 videtur
1059 396 1194 446 etiam
1217 396 1503 451 recipiendus
1526 397 1582 439 ad
1600 412 1701 451 pro-

78 477 324 530 bationem,
348 477 482 519 modo
498 476 595 531 ipse
616 475 662 518 id
686 484 807 531 petat
825 490 879 518 6Χ
903 490 966 527 se,
994 489 1086 517 non
1110 480 1260 515 motus
1293 474 1348 515 ab
1379 472 1544 527 aliquo:
1572 480 1700 528 pote-

79 554 135 596 rit
158 561 310 596 tamen
332 554 536 597 modeste
561 552 710 608 dirigi.
1341 552 1344 556 ’

166 629 425 673 Luminaria
440 631 531 672 duo
554 636 778 684 ponantur
801 629 845 670 in
870 628 979 671 locis
1004 627 1209 684 publicis,
1237 626 1620 682 prouideaturque
1643 628 1699 670 de

77 708 211 749 modo
232 708 424 749 honesto
447 713 491 750 et
514 705 805 749 conuenienti
829 705 903 747 vbi
927 711 971 749 et
994 704 1220 759 quomodo
1237 704 1498 746 collocanda
1516 712 1637 746 sunt.

168 782 475 826 Ministrantes
497 796 681 825 mensae
703 781 957 823 ministrent
981 787 1194 836 cooperto
1216 771 1380 835 capite.

168 861 398 915 Campana
435 859 689 901 scholarum
726 858 858 900 detur
895 858 1076 913 signum
1099 856 1145 898 in
1177 871 1354 907 aurora,
1386 863 1430 898 et
1453 855 1629 911 vesperi
1654 856 1697 898 in

78 937 344 992 crepusculo
366 934 511 977 noctis
533 942 578 978 et
596 934 779 977 meridie
802 936 857 977 ad
879 934 1130 977 orationem
1154 948 1232 988 per
1249 941 1339 975 tres
1359 933 1516 988 pulsus
1534 934 1702 976 breues

79 1013 277 1069 qualibet
298 1012 397 1056 vice
419 1026 522 1055 cum
545 1012 693 1066 aliquo
715 1011 970 1055 interuallo:
998 1011 1180 1066 signum
1203 1009 1454 1052 communis
1483 1009 1699 1052 orationis

80 1089 276 1146 collegii,
303 1097 390 1132 tam
416 1085 563 1141 mane,
590 1103 724 1143 quarn
757 1087 950 1143 vesperi5
990 1087 1171 1129 dabitur
1208 1101 1290 1141 per
1328 1100 1593 1140 campanam
1617 1087 1697 1128 do-

80 1166 327 1211 mesticam.

166 1243 328 1286 Vestes
361 1243 569 1285 suffultas
607 1240 798 1297 pellibus
835 1241 986 1282 nullus
1019 1246 1186 1291 Vtatur,
1218 1254 1274 1281 ne
1297 1238 1577 1294 prouintialis
1600 1239 1699 1293 qui-

77 1321 196 1372 dem,
221 1318 307 1362 nisi
330 1319 367 1362 si
390 1318 489 1374 quis
511 1319 715 1361 infirmus
737 1317 811 1371 sit,
836 1325 880 1360 et
904 1316 965 1358 illi
988 1316 1193 1358 videatur
1216 1315 1315 1357 talis
1334 1315 1472 1358 vestis
1496 1330 1700 1358 necessa-

80 1397 160 1450 ria,
188 1411 270 1439 nec
294 1396 424 1438 aliam
447 1395 706 1438 conficiant.

167 1473 494 1516 Intermittatur
515 1471 760 1528 processio,
787 1485 901 1526 quae
924 1472 1144 1513 hactenus
1173 1470 1293 1512 facta
1320 1476 1388 1511 est
1417 1475 1575 1511 contra
1605 1476 1699 1511 tur»

80 1565 195 1603 cam,
221 1557 267 1593 et
289 1550 388 1592 loco
426 1549 560 1601 illius,
601 1556 837 1604 postquam
877 1547 1056 1589 missam
1095 1545 1284 1588 audiunt
1309 1544 1514 1597 studiosi,
1547 1546 1702 1601 legant

80 1627 291 1671 lithanias
313 1627 474 1671 diebus
497 1625 724 1670 mercurii.

165 1704 266 1747 Fiat
288 1710 538 1760 suggestus
560 1702 606 1744 in
623 1703 776 1744 schola
795 1700 1114 1744 humaniorum
1134 1701 1381 1753 literarum,
1402 1708 1446 1743 et
1464 1699 1702 1742 consilium

75 1779 384 1825 Vniuersitatis
412 1786 455 1823 et
485 1779 713 1822 facultatis
741 1778 904 1821 artium
932 1779 1155 1820 habeatur
1177 1777 1222 1819 in
1255 1779 1400 1821 classe
1430 1776 1700 1832 theologiae;
1754 1798 1758 1802 ·

75 1859 195 1913 quod
217 1857 254 1900 si
276 1857 367 1899 illic
389 1857 468 1899 fiat
489 1855 732 1912 pulpitum,
759 1870 848 1897 non
871 1853 1129 1910 opportebit
1153 1861 1338 1900 mutare·
1352 1853 1609 1896 concilium.

164 1935 238 1977 Ad
260 1933 537 1977 ientaculum
565 1931 750 1976 veniant
788 1933 949 1973 fratres
978 1931 1126 1983 simul;
1163 1931 1284 1985 quod
1306 1930 1342 1973 si
1377 1929 1538 1984 aliquis
1569 1929 1704 1971 fuerit

77 2010 331 2055 necessario
354 2009 597 2065 impeditus
618 2023 672 2052 eo
701 2016 919 2064 tempore,
945 2007 1007 2049 illi
1030 2014 1179 2062 potest
1209 2006 1397 2050 concedi
1427 2006 1702 2049 ientaculum

75 2089 148 2132 vel
170 2087 252 2130 soli
275 2088 346 2130 vel
369 2101 473 2129 cum
503 2085 659 2141 paucis
688 2084 890 2127 similiter
919 2083 1160 2140 impeditis3
1192 2084 1461 2143 detur-vero
1492 2097 1601 2124 cura
1624 2082 1700 2123 vni

77 2179 251 2216 eorum,
278 2163 354 2219 qui
377 2162 569 2206 audiunt
586 2176 763 2205 sacrum
788 2161 1113 2212 studiosorum,
1139 2167 1204 2212 vt,
1230 2160 1305 2202 vbi
1336 2159 1551 2203 redierint
1574 2173 1629 2200 ex
1650 2172 1705 2200 eo

77 2255 222 2293 sacro,
248 2240 398 2284 statim
421 2241 535 2282 duos
557 2239 713 2294 pulsus
735 2239 812 2282 det
834 2252 1067 2293 campana,
1094 2237 1259 2292 quibus
1286 2236 1570 2293 significetur
1593 2249 1703 2278 euo-

78 2318 169 2360 cari
191 2318 246 2360 ad
269 2317 544 2360 ientaculum
563 2330 656 2368 eos,
682 2315 758 2370 qui
782 2315 926 2357 solent
949 2329 1002 2358 eo
1024 2313 1105 2356 vti.

166 2394 331 2438 Missae
359 2393 517 2435 nullibi
544 2393 830 2435 celebrentur
868 2390 1051 2434 forisiad
1089 2390 1363 2446 supplendas
1399 2388 1703 2445 obligationes

78 2486 249 2522 eorum,
275 2470 352 2525 qui
371 2477 583 2514 tenentur
604 2483 680 2512 eas
697 2469 940 2519 celebrare3
961 2474 1175 2522 poterunt
1199 2474 1348 2509 tamen
1367 2466 1609 2521 aliquando
1628 2479 1704 2508 ce·-

78 2546 240 2589 lebrari
263 2561 345 2602 pro
366 2545 635 2588 monialibus
664 2545 708 2586 in
746 2544 844 2586 istis
882 2543 1024 2586 tribus
1062 2542 1348 2586 monasteriis
1386 2542 1531 2584 sancti
1560 2543 1701 2583 Fran—

79 2623 204 2676 cisci,
230 2624 433 2665 albarum
455 2630 500 2665 et
523 2629 704 2665 sanctae
723 2620 916 2677 Agnetis
939 2628 983 2664 et
1001 2620 1113 2672 aliis,
1135 2620 1396 2675 praesertim
1416 2618 1490 2660 vbi
1509 2617 1702 2659 domini—

79 2700 143 2742 cis
165 2707 243 2742 aut
281 2699 406 2743 festis
444 2700 604 2742 diebus
626 2699 843 2742 deberent
882 2711 1034 2740 carere
1055 2710 1199 2749 sacro,
1225 2703 1270 2738 et
1301 2696 1377 2737 vbi
1400 2694 1594 2736 sciamus
1623 2707 1699 2734 eas

79 2777 202 2819 nulla
225 2775 398 2820 ratione
420 2790 553 2831 posse
576 2775 743 2818 habere
766 2773 842 2828 qui
866 2774 1078 2825 celebret3
1099 2780 1144 2815 et
1164 2779 1313 2814 tamen
1332 2772 1455 2813 nullo
1473 2776 1604 2825 pacto
1623 2769 1701 2810 fiat

78 2852 317 2906 ordinarie,
341 2867 398 2895 ne
420 2851 673 2907 frequentia
696 2858 774 2893 aut
797 2850 1080 2893 consuetudo
1098 2848 1239 2904 pariat
1257 2846 1594 2902 obligationem,
1617 2857 1701 2886 nec

79 2929 212 2972 simul
234 2929 278 2971 in
302 2929 454 2971 multis
475 2928 604 2973 locis.

149 3037 160 3057 ¹
211 3034 338 3071 Cocus
352 3034 508 3080 collegii
527 3039 609 3070 erat
627 3035 796 3079 Joannes
816 3034 955 3068 Faber.
971 3032 1032 3068 Cf.
1053 3032 1272 3076 catalogum
1294 3028 1383 3064 anni
1406 3029 1495 3073 1567
1521 3039 1634 3074 supra
1649 3028 1702 3062 al-

78 3094 267 3139 legatum.
