2028 3426
1679 276 1695 287 4

718 280 1147 316 INSTRUC'HONEs—ol
1185 304 1187 307 .
1629 276 1697 321 37³

207 380 345 424 Dabit
367 395 565 437 operam,
599 388 646 422 vt
675 380 720 422 in
750 381 942 437 singulis
987 380 1190 436 collegiis
1218 380 1472 422 habeantur
1501 378 1745 433 diplomata

113 457 372 509 Societatis,
398 457 761 508 constitutiones,
788 458 989 513 regulae,
1015 457 1195 500 decreta
1212 454 1582 511 congregationis
1600 469 1743 509 gene-

117 534 235 586 ralis,
261 533 580 576 instructiones
606 533 753 576 Patris
776 534 1000 589 generalis
1024 541 1068 578 et
1096 531 1390 575 commissarii
1420 538 1464 574 et
1487 530 1742 586 prouincia-

118 610 187 662 lis,
213 609 387 654 etiamsi
410 611 466 651 de
488 611 650 652 horum
673 611 865 653 duorum
883 610 1022 666 ipsius
1045 610 1129 654 erit
1151 608 1385 660 iudicium,
1407 621 1628 662 quaenam
1654 606 1744 649 sint

110 687 445 729 obseruandae.

202 762 366 806 Videat
389 762 435 804 in
459 764 594 805 rebus
618 762 845 816 omnibus,
878 779 935 807 ne
963 763 1071 818 quid
1094 763 1155 805 ita
1179 762 1316 814 dicat,
1351 761 1423 803 vel
1447 759 1738 816 praescribat,

108 840 241 895 quasi
264 839 374 881 illud
396 854 422 881 a
443 854 491 882 se
513 840 708 895 pendeat
731 840 1005 891 immediate,
1032 847 1077 882 et
1100 855 1193 882 non
1223 838 1541 892 exequendum
1566 844 1611 880 et
1633 836 1741 878 diri-

114 917 314 972 gendum
333 916 389 958 sit
406 931 485 971 per
503 915 752 958 ordinarios
769 916 1038 971 superiores,
1060 931 1114 959 ex
1131 915 1295 970 quibus
1310 913 1568 957 immediate
1585 928 1742 956 omnes

106 994 368 1049 dependere
384 993 566 1044 debent,
593 993 672 1035 sed
700 993 757 1036 de
778 992 847 1035 his
875 992 1051 1036 dicetur
1073 992 1119 1034 in
1141 991 1456 1047 sequentibus,
1496 990 1611 1032 lllud
1635 1003 1741 1032 vero

113 1084 169 1112 ne
198 1069 390 1120 omittat,
423 1078 471 1111 vt
501 1069 717 1125 quicquid
745 1069 1083 1125 praescripserit
1111 1068 1157 1111 in
1185 1067 1407 1124 collegiis,
1447 1068 1519 1110 vel
1557 1066 1736 1117 dixerit,

108 1146 231 1201 >quod
255 1146 311 1188 ad
333 1145 536 1187 ordinem
559 1145 753 1200 aliquem
776 1146 974 1187 dandum
998 1145 1201 1198 attineat,
1235 1144 1333 1188 eius
1356 1151 1400 1187 et
1423 1143 1520 1199 ipse
1550 1142 1740 1198 accipiat

105 1222 380 1277 exemplum,
406 1228 452 1264 et
489 1221 635 1264 mittat
658 1222 714 1264 ad
745 1222 1002 1277 generalem
1026 1221 1346 1277 praepositum,
1381 1235 1472 1262 non
1495 1220 1640 1262 solum
1665 1235 1739 1263 re-

111 1299 287 1353 linquat
312 1299 477 1342 rectori
500 1306 545 1342 et
567 1298 850 1354 prouinciali.

197 1376 323 1418 Haec
346 1376 440 1418 fere
461 1382 567 1417 sunt
604 1375 849 1431 generalia.
892 1376 969 1417 Illa
1007 1382 1156 1418 autem
1195 1373 1484 1430 particularia
1507 1373 1554 1414 in
1577 1372 1736 1415 visita—

111 1452 247 1503 tione,
268 1459 312 1494 et
334 1451 620 1507 peculiariter
643 1452 858 1504 curanda,
879 1452 1089 1507 primum,
1115 1459 1163 1492 vt
1185 1452 1240 1494 ab
1263 1451 1474 1493 omnibus
1504 1450 1559 1493 22
1590 1456 1738 1491 recto-

110 1527 234 1570 ribus
252 1527 407 1584 exigat
425 1528 756 1570 commissarius
775 1528 991 1572 rationem
1004 1527 1272 1571 visitationis
1286 1525 1599 1583 praecedentis
1614 1540 1735 1568 com—

111 1604 316 1656 missarii,
338 1612 383 1649 et
400 1620 572 1657 eorum,
595 1620 710 1660 quae
728 1605 920 1662 singulis
937 1605 1104 1661 scripta
1121 1604 1317 1660 reliquit,
1338 1605 1411 1648 vel
1429 1602 1736 1659 praescripse-

110 1681 182 1734 rit3
209 1681 245 1724 si
268 1689 418 1725 autem
442 1697 532 1724 non
555 1690 688 1725 erunt
717 1682 970 1725 executioni
1002 1683 1229 1734 mandata,
1263 1688 1391 1725 curet
1420 1679 1640 1731 mandari,
1665 1679 1737 1722 vel

105 1759 276 1800 ‚scribat
305 1759 361 1801 ad
393 1759 674 1814 generalem,
707 1774 845 1814 quare
872 1759 1126 1803 intermissa
1164 1759 1220 1801 sit
1254 1757 1480 1802 executio.
1519 1755 1734 1800 Similiter

109 1834 242 1878 faciet
279 1836 333 1878 de
377 1834 708 1878 visitationibus
746 1835 1051 1891 prouincialis.
1083 1836 1362 1887 Secundum,
1397 1841 1467 1887 vt,
1508 1848 1620 1888 quas
1664 1846 1736 1875 res
1768 1820 1772 1824 ’

102 1912 279 1967 accepit
307 1912 353 1954 in
381 1912 679 1955 instructione
708 1913 856 1955 Patris
884 1913 1109 1969 generalis
1137 1912 1355 1968 agendas,
1390 1925 1466 1954 eas
1495 1917 1601 1966 agat
1631 1908 1730 1951 dili—

102 1996 284 2042 genter.

197 2068 328 2121 Quae
357 2068 577 2111 hactenus
606 2067 727 2109 dicta
764 2074 886 2119 sunt,
912 2082 964 2110 ea
986 2067 1178 2111 attinent
1215 2067 1272 2109 ad
1310 2065 1630 2116 visitationem,
1662 2079 1734 2108 se—

100 2146 305 2189 cundum
328 2143 523 2186 instituti
560 2144 800 2188 Societatis
823 2144 1061 2196 rationem,
1102 2143 1266 2198 quibus
1287 2150 1439 2186 vtetur
1471 2141 1731 2184 commissa-

104 2223 214 2274 rius,
240 2221 278 2264 si
300 2220 414 2263 nihil
437 2221 558 2262 aliud
581 2235 716 2275 quam
740 2220 892 2263 visitat
920 2220 1194 2276 prouincias3
1221 2227 1266 2262 et
1297 2228 1464 2270 tamen,
1496 2218 1644 2273 quoad
1668 2225 1738 2261 est

100 2299 150 2341 in
173 2313 225 2342 ea
248 2297 496 2354 prouincia,
516 2298 588 2340 vel
609 2298 656 2338 in
675 2297 920 2353 prouinciis
937 2297 1139 2340 eiusdem
1157 2295 1369 2348 nationis,
1391 2293 1662 2351 gubernatio
1683 2294 1738 2335 ab

103 2376 265 2420 eodem
284 2374 466 2417 debebit
488 2375 700 2429 pendere,
726 2373 763 2417 si
786 2374 986 2430 generali
1016 2373 1257 2416 videbitur:
1292 2380 1339 2414 vt
1372 2380 1469 2416 erat
1490 2386 1600 2414 Vsus
1623 2377 1736 2412 tem—

106 2466 217 2507 pore
241 2453 295 2495 Ρ.
320 2450 502 2506 Ignatii,
530 2452 580 2494 P.
623 2450 806 2506 Laynis,
832 2457 876 2493 et
899 2452 952 2493 P.
984 2439 1229 2503 Francisci,
1271 2448 1571 2505 generalium.
1605 2448 1735 2490 Sem-

107 2542 187 2583 per
209 2534 377 2579 autem,
404 2526 501 2570 siue
523 2527 630 2569 dum
660 2526 812 2569 visitat
843 2526 1194 2578 commissarius,
1228 2526 1325 2568 siue
1354 2526 1461 2567 dum
1484 2524 1635 2566 adhuc
1658 2538 1734 2564 na-

102 2603 244 2647 tionis
266 2604 400 2646 Vnius
428 2603 687 2659 prouincias
725 2605 970 2660 gubernat,
1003 2603 1152 2646 omnia
1185 2602 1450 2659 pendebunt
1489 2616 1513 2642 a
1536 2599 1736 2656 generali

102 2681 378 2736 praeposito,
405 2681 463 2722 ad
486 2695 620 2735 quem
657 2695 814 2725 omnes
843 2671 1160 2736 prouinciales',
1201 2687 1416 2729 rectores,
1453 2676 1735 2719 consultores

99 2756 306 2799 similiter
327 2757 541 2809 scribent,
568 2764 704 2812 atque
726 2765 859 2801 antea
881 2758 1103 2808 solebant,
1131 2755 1411 2811 frequentius
1435 2754 1490 2797 23
1514 2753 1665 2803 etiam,
1696 2750 1733 2793 si

100 2833 274 2886 volent,
299 2833 397 2877 siue
418 2834 505 2876 iarn
529 2834 736 2877 absoluta
758 2834 1030 2886 visitatione,
1064 2833 1161 2877 siue
1190 2831 1356 2886 alioqui
1378 2838 1504 2874 extra
1527 2828 1731 2870 ordinem

104 2909 286 2952 missus:
313 2911 432 2965 quod
458 2910 550 2953 fieri
573 2911 708 2954 etiam
730 2911 893 2966 poterit
916 2918 1018 2966 post
1045 2911 1277 2954 decretum
1303 2916 1385 2951 πθ
1414 2904 1729 2961 congregatio-

102 2986 189 3037 nis,
216 2993 264 3028 vt
285 2994 354 3029 est
375 2987 588 3042 superius
610 2995 895 3030 annotatum.

180 3063 388 3117 Quando
410 3078 517 3106 vero
533 3063 746 3108 residebit
769 3063 814 3106 in
837 3063 1083 3120 prouinciis
1106 3060 1453 3111 commissarius,
1481 3073 1595 3113 quae
1617 3057 1729 3100 sub·
