2028 3426
647 250 984 285 INSTRUCTmNEs
994 268 1025 274 -—
1034 248 1076 283 61
1564 249 1633 294 609

49 361 108 397 ne
131 353 189 396 sit
209 353 409 396 tenacior
431 366 542 408 erga
563 364 800 407 pauperes:
827 350 1062 404 indulgeat
1080 349 1231 404 potius
1254 356 1301 391 vt
1320 350 1569 393 maiuscula
1589 353 1679 393 fru-

51 431 170 473 stula
192 429 320 486 panis
342 436 387 472 et
409 428 612 471 carnium
637 427 709 468 vel
732 426 938 482 pisCium‚
966 426 1157 467 frustula
1181 425 1315 468 etiam
1338 426 1457 468 casei
1479 434 1523 468 et
1546 428 1678 482 pauci

51 509 226 550 fructus
249 505 416 549 residui
445 511 710 561 separentur
744 518 823 559 pro
861 502 1152 558 pauperibus,
1185 511 1312 546 curet
1343 502 1475 546 etiam
1505 510 1553 544 vt
1586 519 1675 545 non

52 585 197 626 solum
216 584 351 636 offae,
367 582 487 638 quod
506 580 721 624 fratribus
739 588 756 605 ³
773 579 1039 630 remanebit,
1053 578 1328 634 pauperibus
1347 580 1494 632 detur,
1510 581 1588 622 sed
1606 595 1677 621 or—

51 661 177 704 dinet
200 667 249 702 vt
266 661 367 715 plus
390 660 510 702 offae
532 664 714 714 paretur
736 672 871 712 quarn
894 671 975 712 pro
999 655 1232 708 fratribus,
1258 664 1302 699 et
1325 656 1474 698 onmia
1496 656 1677 711 dispen-

52 743 210 781 sentur
231 732 524 793 pauperibus,
550 735 666 779 inter
696 749 811 789 quos
840 733 1035 789 eligatur
1063 747 1240 788 semper
1270 732 1431 787 aliquis
1462 746 1678 775 verecun-

51 814 154 866 dus,
182 812 259 869 qui
282 827 370 855 non
397 818 604 855 teneatur
626 810 781 855 venire
805 811 861 854 ad
883 810 1080 853 ianuam.

757 945 820 974 DE
843 943 984 973 VOTIS

142 1046 190 1087 In
217 1044 512 1088 renouatione
549 1050 758 1086 votorum
792 1042 1005 1085 videntur
1034 1055 1133 1084 esse
1165 1040 1463 1083 describenda
1496 1048 1599 1083 vota
1627 1043 1682 1083 ab

54 1136 329 1177 vnoquoque
357 1129 402 1163 et
430 1120 759 1163 subscribenda
789 1118 972 1162 nomina
1000 1126 1136 1174 atque
1174 1118 1448 1174 cognomina
1486 1118 1679 1173 propria,

54 1199 229 1243 adiecto
250 1199 367 1251 loco,
393 1197 466 1241 die
489 1205 534 1240 et
557 1211 675 1240 anno
698 1195 1071 1239 confirmationis,
1100 1197 1343 1238 Praeterea
1365 1194 1422 1237 sit
1445 1194 1559 1238 liber
1582 1195 1682 1249 qui-

54 1277 173 1328 dam,
195 1275 323 1330 quasi
346 1281 552 1317 votorum
572 1275 846 1329 archetypus
863 1271 897 1324 b,
923 1271 996 1314 vbi
1015 1271 1291 1327 descriptum
1311 1271 1368 1314 sit
1387 1279 1558 1323 votum,
1579 1286 1682 1314 cum

54 1352 248 1408 primum
267 1351 437 1395 editum
457 1367 482 1393 a
498 1350 661 1405 quouis
679 1349 830 1402 fuerit,
853 1364 989 1392 manu
1007 1349 1187 1404 propria
1205 1348 1339 1392 etiam
1358 1348 1681 1403 subscriptum,

56 1428 129 1471 cui
152 1432 236 1474 646
258 1435 365 1470 voto
388 1427 676 1470 subscribent
698 1426 945 1470 identidem
968 1440 1050 1468 sua
1073 1425 1257 1468 nomina
1280 1433 1325 1468 et
1343 1424 1615 1481 cognomina
1640 1424 1683 1466 in

56 1505 354 1549 renouatione
377 1518 480 1547 cum
505 1503 577 1547 die
600 1510 645 1546 et
667 1518 803 1554 anno,
830 1510 875 1547 et
899 1503 1192 1547 testabuntur
1215 1517 1262 1545 se
1291 1509 1399 1545 vota
1423 1516 1682 1553 renouasse,

56 1582 312 1625 subscribet
339 1581 447 1625 item
477 1595 611 1623 suum
643 1595 822 1633 nomen,
853 1579 930 1634 qui
958 1579 1117 1623 fecerit
1146 1593 1349 1631 sacrum,
1384 1579 1428 1620 in
1467 1593 1557 1633 quo
1595 1578 1685 1620 sint

55 1665 160 1702 vota
184 1659 464 1710 confirmata,
490 1665 535 1702 et
557 1659 681 1700 hunc
703 1657 868 1700 librum
891 1656 1077 1700 habebit
1101 1658 1264 1699 rector.

144 1735 473 1779 Describantur
493 1750 602 1778 vero
627 1750 652 1777 a
673 1734 868 1790 singulis
891 1741 980 1777 tam
1005 1749 1137 1789 saepe
1161 1735 1217 1776 ad
1241 1734 1454 1777 maiorem
1478 1732 1682 1775 deuotio-

4 1818 7 1821 “
60 1827 162 1855 nem
185 1820 230 1856 et
259 1812 444 1868 spiritus
473 1811 815 1862 recreationem,
847 1810 1028 1853 maioris
1056 1811 1163 1854 item
1194 1809 1525 1854 obseruationis
1554 1823 1688 1851 causa

57 1896 101 1932 et
124 1888 497 1940 confirmationis,
524 1889 665 1943 fitque
689 1888 821 1930 simul
845 1887 1117 1943 subscriptio
1148 1887 1192 1930 in
1222 1888 1353 1938 libro,
1380 1885 1592 1929 firmioris
1620 1901 1685 1928 rev

60 1965 334 2009 cordationis
357 1979 511 2020 causa,
535 1964 901 2020 quandoquidem
926 1965 1057 2008 facile
1079 1973 1270 2020 possunt
1292 1979 1458 2020 paruae
1477 1978 1527 2006 ac
1545 1963 1688 2017 disso—

59 2043 182 2085 lutae
204 2044 406 2094 chartae,
430 2042 507 2084 vbi
531 2049 683 2084 essent
705 2041 801 2097 ipsa
824 2048 945 2094 vota,
971 2040 1132 2097 perire.

147 2118 383 2162 Absolutis
401 2118 554 2174 primis
572 2119 753 2161 duobus
772 2118 919 2171 annis,
939 2132 1096 2161 omnes
1114 2119 1322 2162 emittent
1342 2126 1444 2160 vota
1463 2132 1544 2160 sua
1562 2117 1690 2160 iuxta

61 2195 425 2247 constitutiones,
452 2203 496 2239 et
519 2194 556 2238 si
586 2196 701 2238 forte
730 2195 1015 2240 dubitaretur
1043 2196 1100 2239 de
1129 2195 1319 2238 alicuius
1349 2195 1572 2250 profectu,
1599 2207 1688 2236 non

62 2271 163 2316 ideo
186 2273 320 2316 debet
349 2271 423 2314 ille
453 2277 536 2318 647
569 2271 868 2315 intermittere
906 2279 1027 2324 vota,
1054 2272 1159 2328 quia
1188 2279 1392 2315 remanet
1421 2285 1599 2326 semper
1636 2270 1689 2311 li-

63 2350 215 2392 bertas
237 2348 360 2391 illum
385 2348 639 2391 dimittendi
663 2355 708 2391 et
731 2363 756 2390 a
779 2348 897 2391 votis
927 2349 1212 2402 absoluendi,
1238 2348 1274 2390 si
1306 2362 1396 2390 non
1427 2346 1692 2389 satisfecerit

65 2425 292 2468 vocationi
315 2438 440 2468 suae.

155 2501 264 2556 Qui,
301 2501 513 2545 astrictus
542 2509 664 2553 voto,
697 2502 912 2558 recipitur
940 2502 984 2544 in
1013 2502 1306 2553 Societatem,
1343 2501 1378 2543 si
1414 2507 1565 2542 votum
1606 2513 1692 2540 non

69 2577 126 2621 sit
150 2577 382 2634 religionis
410 2579 751 2630 determinatae,
778 2578 890 2621 dixit
919 2579 1218 2635 congregatio
1247 2576 1472 2633 generalis
1505 2578 1511 2596 ¹
1552 2576 1592 2617 ei
1622 2590 1695 2617 su-

28 2646 31 2649 ’
71 2668 233 2710 spensa
255 2669 355 2699 esse
383 2662 507 2709 vota,
534 2656 680 2698 donec
701 2655 758 2698 sit
782 2655 825 2697 in
845 2655 1089 2707 Societate,
1114 2653 1290 2698 etiamsi
1321 2668 1409 2695 non
1436 2652 1570 2694 faciat
1592 2666 1692 2707 pro-

9 2721 35 2726 ”
72 2730 331 2774 sessionem.
358 2731 492 2774 Ratio
516 2747 623 2776 vero
645 2739 729 2775 est:
756 2747 859 2775 nam
884 2734 1064 2787 quando
1093 2740 1161 2776 est
1191 2733 1389 2776 nouitius
1414 2732 1583 2784 absque
1616 2743 1673 2769 vo

70 2806 145 2860 tis,
186 2807 478 2862 suspenditur
515 2807 694 2851 illorum
734 2816 942 2851 votorum
983 2809 1207 2859 executio,
1241 2795 1285 2852 et
1322 2813 1625 2849 commutatur
1654 2805 1697 2846 in

140 2952 158 2969 a
199 2942 386 2989 fratibus
401 2954 472 2980 ms.
493 2943 555 2978 hic
574 2949 614 2978 et
633 2943 745 2979 infra.
797 2964 828 2969 —
846 2946 864 2971 b
891 2944 1119 2989 arclzitypns
1138 2955 1208 2978 mS.

141 3048 148 3067 ⁸
202 3046 466 3093 Congregatio
484 3048 620 3095 prima,
640 3049 743 3086 decr.
772 3049 847 3084 132.
869 3049 930 3085 Cf.
949 3051 1079 3084 Instit.
1099 3049 1284 3095 SocJesu
1300 3048 1408 3092 (edit.
1431 3048 1527 3094 cit.)‚
1548 3049 1593 3095 ΙΙ,
1616 3049 1685 3092 185.

245 3111 358 3139 Emsr.
384 3113 423 3140 Ρ.
448 3113 582 3148 ΝΑοΑι,
603 3120 683 3141 ῐοΜ.
706 3113 771 3141 IV.
1482 3113 1517 3141 40
