2028 3426
328 241 398 277 630
801 239 954 273 PATms
981 238 1224 272 Hrssaom‘ffl
1252 236 1402 271 NADAL

374 344 441 387 De
464 341 714 385 canonibus
737 339 1034 383 obedientiae.

372 421 442 462 De
462 418 581 462 uotis
603 416 883 473 simplicibus
906 423 950 460 et
968 429 1125 460 eorum
1150 414 1375 471 apologia.

372 498 442 541 De
465 497 597 539 modo
620 493 890 551 procedendi
909 492 1167 537 Societatis.

374 573 586 617 Studiose
609 585 756 628 agere,
784 578 831 613 ut
855 569 995 612 simus
1017 569 1187 612 deuoti.

376 652 600 694 Exercere
625 647 910 705 operationes
933 647 1083 690 cordis
1106 646 1150 689 in
1174 647 1341 696 Deum,
1368 652 1454 687 etc.

376 728 540 770 Nullus
567 725 805 769 dimittitur
842 740 866 768 a
904 723 1132 769 Societate
1169 724 1340 778 absque
1378 736 1530 773 causa,
1561 721 1735 766 etiamsi
1765 720 1914 776 possit

287 805 459 859 absque
478 804 624 859 culpa.

377 881 619 936 Quomodo
642 880 697 921 ab
722 878 875 921 ultima
899 877 1188 920 confessione
1210 884 1279 921 est
1296 877 1623 919 confitendum.

379 957 622 1013 Quomodo
644 956 699 998 ab
723 955 880 998 ultima
903 954 1016 997 ratio
1033 963 1100 998 est
1124 954 1353 998 reddenda
1377 951 1698 996 conscientiae.

379 1034 774 1089 Quemadmodum
813 1047 861 1076 se
899 1046 1058 1089 gerere
1089 1032 1251 1075 debeat
1287 1045 1391 1074 cum
1425 1029 1689 1073 doctoribus
1728 1028 1916 1085 prouin—

289 1111 430 1155 cialis.

381 1190 630 1232 Tentamus
666 1189 831 1241 Deum,
855 1186 892 1229 si
915 1201 1005 1230 non
1038 1186 1313 1231 attendimus
1341 1185 1584 1242 diligenter
1607 1184 1663 1227 ad
1686 1183 1918 1240 guberna-

293 1265 476 1308 tionem:
499 1272 542 1308 et
566 1266 653 1307 hoc
677 1271 745 1308 est
768 1271 979 1308 accurate
1001 1262 1379 1320 amplificandum.

380 1343 482 1385 Non
508 1341 685 1384 uidetur
707 1342 1040 1385 obseruandum
1066 1348 1114 1384 ut
1137 1355 1225 1383 non
1250 1340 1540 1396 recipiantur,
1572 1339 1728 1382 inuitis
1755 1325 1917 1395 paren-

294 1418 432 1471 tibus,
459 1418 665 1471 iuuenes,
691 1417 767 1474 qui
791 1433 882 1461 non
909 1426 1016 1461 sunt
1047 1417 1255 1474 discipuli
1278 1417 1321 1459 in
1351 1416 1613 1470 Germania3
1646 1418 1768 1472 quod
1794 1424 1840 1460 ut
1863 1416 1922 1459 sit

291 1495 482 1548 facilius,
502 1496 753 1538 curandum
779 1503 842 1548 ut,
868 1495 905 1538 si
927 1496 983 1538 de
1013 1495 1163 1551 aliquo
1193 1495 1250 1538 sit
1278 1494 1521 1547 dificultas,
1555 1494 1612 1536 de
1635 1508 1688 1538 eo
1713 1495 1769 1537 ad
1792 1493 1918 1550 prin-

292 1572 435 1628 cipem
459 1573 681 1617 referatur
703 1587 857 1626 causa,
882 1580 927 1616 et
949 1572 1068 1615 illius
1099 1573 1253 1616 fauore
1283 1572 1349 1614 uti
1371 1571 1596 1628 possimus
1624 1578 1669 1615 et
1692 1571 1920 1614 molestias
1985 1562 1993 1567 λ

294 1663 521 1706 superare.

383 1729 460 1770 Est
487 1727 746 1770 uehementi
771 1741 880 1770 cura
902 1727 1353 1772 animaduertendum
1377 1735 1422 1770 et
1445 1727 1700 1771 cauendum
1725 1739 1781 1769 ne
1805 1726 1920 1768 inter

294 1811 492 1848 rectores
514 1812 559 1848 et
597 1803 902 1860 prouinciales
938 1804 1239 1847 inueterascat
1272 1804 1513 1857 discordia,
1556 1804 1628 1846 uel
1652 1803 1768 1847 inter
1791 1802 1924 1844 mini-

295 1889 436 1923 strum
460 1889 503 1925 et
528 1889 749 1926 rectorem
771 1889 804 1923 ³.

386 1958 739 2001 Obseruandum
777 1966 844 2000 est
868 1965 916 2000 vt
948 1956 965 1982 ¹>
987 1971 1069 2013 pro
1106 1957 1233 2000 nullo
1270 1956 1473 2000 dicamus
1511 1955 1686 2008 missas,
1713 1970 1825 2011 quas
1848 1957 1927 1998 ha-

297 2035 432 2078 beant
457 2048 539 2089 pro
578 2034 871 2090 obligatione,
913 2049 969 2078 ne
992 2035 1066 2079 uel
1078 2024 1337 2090 'pauperum
1375 2034 1661 2076 sacerdotum
1686 2032 1926 2076 imminua-

297 2125 397 2152 mus
419 2120 690 2166 prouentum
710 2126 764 2154 ex
783 2111 854 2154 his
872 2110 1036 2164 missis,
1057 2112 1130 2156 uel
1154 2126 1211 2155 ne
1228 2110 1413 2154 omnino
1437 2111 1493 2153 ad
1516 2109 1821 2165 impuritatem
1840 2111 1925 2151 hoc

296 2188 585 2243 interpretari
608 2188 749 2243 possit
772 2187 1065 2244 paupertatis.

390 2264 633 2320 Accipiant
672 2272 870 2309 rectores
891 2266 947 2308 ad
981 2272 1159 2309 noctem
1183 2266 1239 2308 ab
1277 2265 1469 2308 aedituis
1507 2265 1660 2308 claues
1691 2263 1926 2316 ecclesiae,

299 2342 677 2396 quemadmodum
702 2342 850 2386 solent
873 2343 1034 2385 domus
1057 2341 1278 2398 accipere.

392 2418 684 2475 Interrogent
722 2419 986 2461 confessarii
1025 2420 1080 2463 de
1118 2420 1377 2475 regularum
1416 2418 1755 2462 inobseruantia
1778 2418 1823 2461 in
1847 2433 1930 2475 ge-
1987 2447 1989 2449 ·

300 2509 424 2547 nere,
451 2494 717 2538 nominatim
740 2496 796 2539 de
833 2495 1193 2551 praecipuarum,
1219 2503 1263 2540 et
1297 2510 1411 2551 quos
1447 2495 1689 2538 coniicient
1719 2495 1816 2538 illas
1840 2509 1929 2538 non

302 2573 446 2616 solere
479 2572 721 2615 admodum
743 2585 921 2615 curare,

393 2650 440 2691 In
466 2648 723 2691 uisitatione
754 2649 972 2691 habeatur
1007 2649 1119 2692 ratio
1150 2649 1334 2693 ultimae
1363 2648 1651 2701 uisitationis,
1677 2656 1722 2693 et
1741 2648 1931 2691 interro-

304 2733 470 2782 gentur
493 2726 595 2777 alia,
620 2726 677 2769 de
700 2724 865 2780 quibus
886 2739 939 2768 eo
958 2733 1158 2781 tempore
1181 2740 1270 2768 non
1295 2726 1536 2777 constabit;
1564 2740 1653 2768 non
1682 2740 1733 2768 ea
1757 2726 1812 2768 de
1836 2723 1930 2780 qui-

305 2804 390 2845 bus
412 2818 466 2847 ex
490 2801 797 2858 superioribus
814 2801 1098 2845 examinibus
1121 2802 1363 2845 constabit.

394 2880 657 2922 Curandum
689 2878 809 2921 omni
848 2878 997 2921 studio
1038 2889 1084 2921 ut
1110 2878 1350 2922 triennium
1390 2886 1564 2922 tantum
1604 2879 1692 2922 sint
1716 2879 1761 2922 in
1783 2879 1930 2922 officio

375 2995 391 3011 a
420 2984 530 3019 Prius
563 2985 695 3020 addita
720 2986 816 3020 haec
844 2984 1022 3030 fuerant3
1055 2985 1157 3030 quod
1184 2996 1253 3020 nos
1283 2985 1420 3020 docent
1451 2986 1649 3031 exempla;
1678 2997 1778 3032 quae
1802 2985 1930 3021 deleta

306 3049 406 3078 sunt.
461 3045 526 3071 -b
555 3044 810 3080 Emendatum
829 3055 850 3078 a
870 3044 958 3080 Nat.
980 3055 1028 3078 ex
1051 3044 1159 3079 Esset
1178 3044 1401 3079 consultum
1423 3045 1458 3079 si
1477 3056 1568 3080 non.
