2028 3426
345 243 409 289 178
811 247 965 284 PATRJS
991 248 1234 284 Hmuomrm
1260 249 1295 284 N
1298 258 1411 286 ΑΒΜ,

294 352 394 390 tuto
412 346 571 390 nouitii
594 348 796 391 moribus
819 349 1057 406 religiosis,
1084 358 1129 394 et
1152 351 1209 393 ad
1232 350 1499 408 religionem
1522 361 1721 398 nostram
1746 356 1925 413 proprie

290 424 639 468 accommodatis
676 425 992 479 instituuntur3
1033 435 1304 471 exercentur
1340 429 1475 472 simul
1507 445 1675 488 magna
1702 424 1945 478 obserua?

292 500 414 544 tione
437 501 646 545 omnibus
669 501 929 545 ministeriis
951 503 1194 547 Societatis
1223 505 1279 547 ad
1307 505 1532 551 iuuandas
1559 508 1749 562 animas,
1784 509 1822 553 si
1845 511 1924 566 qui

289 577 407 621 illam
428 579 690 623 facultatem
712 580 923 623 habeant.
959 580 1047 622 Hic
1085 580 1221 624 etiam
1261 590 1363 638 post
1400 584 1566 637 studia,
1598 585 1758 629 saltem
1780 601 1922 631 vnum

288 669 456 697 annum
480 663 764 708 exercentur,
792 656 867 712 qui
886 656 1048 699 studiis
1066 665 1173 700 sunt
1190 659 1431 714 perfuncti.
1455 662 1746 705 Reuocantur
1763 663 1819 707 ad
1837 678 1914 706 no-

289 731 494 774 uitiatum
518 732 668 784 etiam,
694 732 731 775 si
755 732 830 788 qui
860 733 1025 776 auxilio
1063 734 1284 790 spirituali
1321 745 1504 793 egeant,
1538 739 1610 783 uel
1637 739 1826 796 spiritus
1849 755 1918 784 re-

287 809 546 853 nouafione.
1962 875 1965 877 ι

372 886 576 942 Collegia
599 886 802 930 bifariam
826 895 948 930 sunt:
975 888 1076 940 alia,
1103 890 1224 934 unde
1245 891 1387 934 nostri
1417 893 1473 934 ad
1502 893 1707 949 publicas
1735 895 1917 940 scholas
1964 955 1965 958 Ἴ

283 963 469 1016 adeunt,
495 963 699 1019 publicos
724 965 1001 1020 professores
1018 966 1226 1021 audiunt,
1253 967 1336 1023 ipsi
1360 969 1587 1013 neminem
1609 971 1791 1026 docent3
1810 972 1914 1027 alia,

282 1045 327 1081 et
349 1038 532 1093 quidem
556 1039 710 1082 maiori
729 1054 918 1084 numero
937 1042 1023 1084 hoc
1043 1049 1244 1100 tempore
1261 1051 1383 1096 sunt,
1406 1044 1483 1086 ubi
1501 1046 1719 1090 docemus
1736 1047 1917 1103 publice
1946 1067 1956 1097 γ

282 1116 354 1158 uel
378 1117 569 1170 quadam
594 1116 905 1161 mediocritate
934 1119 1118 1183 latinam
1146 1119 1368 1176 linguam,
1398 1122 1468 1166 uel
1494 1123 1672 1179 plenius
1701 1118 1915 1180 graecam

281 1191 415 1234 etiam
440 1200 484 1235 et
502 1193 852 1249 philosophiam;
876 1196 950 1239 uel
967 1196 1151 1240 omnino
1169 1197 1319 1241 omnia
1335 1199 1503 1251 studia,
1524 1214 1640 1255 quae
1659 1200 1916 1247 desiderare

278 1278 428 1324 potest
452 1271 710 1326 theologus3
736 1280 780 1314 et
803 1272 1061 1316 huiusmodi
1086 1274 1292 1331 collegiis
1320 1275 1466 1331 plenis
1494 1277 1692 1321 solemus
1721 1278 1914 1322 coniun—
1958 1268 1969 1281 ⁶

280 1360 390 1402 gere
413 1346 720 1391 Vniuersitatis
743 1349 996 1406 priuilegia.
1032 1351 1088 1393 Et
1116 1352 1337 1395 habemus
1365 1352 1452 1396 iam
1482 1353 1656 1409 aliquas
1687 1355 1911 1400 vniuersi-

279 1431 409 1466 tates.
436 1425 485 1466 In
508 1425 717 1468 omnibus
742 1441 850 1470 uero
881 1428 975 1470 fere
1003 1428 1209 1485 collegiis
1241 1443 1374 1474 casus
1403 1431 1708 1475 conscientiae
1737 1433 1914 1488 praele-
1966 1471 1970 1474 ⁴
2009 1458 2010 1461 =

275 1499 442 1556 gimus.
467 1501 643 1544 Viuunt
666 1514 817 1546 autem
841 1504 1034 1561 collegia
1055 1521 1111 1549 ex
1129 1506 1397 1560 redditibus,
1423 1507 1460 1550 si
1478 1522 1556 1551 eos
1574 1509 1792 1565 consequi
1813 1524 1914 1566 pos·
1949 1547 1952 1552 .

277 1585 398 1629 sunt,
424 1585 469 1620 et
491 1578 626 1622 certis
650 1580 1011 1634 fundationibus,
1039 1591 1089 1625 ut
1111 1583 1261 1627 studia
1280 1584 1394 1627 tueri
1417 1584 1658 1640 possimus.
1681 1587 1749 1629 Ex
1771 1587 1913 1632 colle-

1987 1636 2011 1651 2.-

275 1654 361 1710 giis
383 1669 647 1699 exercemus
670 1656 919 1702 ministeria
947 1659 1189 1704 Societatis
1217 1661 1468 1717 spiritualia
1496 1663 1542 1705 in
1572 1663 1803 1709 auditores
1828 1679 1911 1708 no-
1956 1658 1961 1665 ’
1984 1659 2011 1693 '5‘

275 1739 392 1775 stros
415 1734 688 1788 necessari03
714 1734 760 1778 in
789 1735 916 1789 alios,
942 1737 979 1779 si
1006 1748 1248 1793 possumus
1278 1740 1514 1783 commode
1543 1742 1715 1796 absque
1737 1741 1910 1791 studio-

278 1823 375 1850 rum
400 1809 687 1856 detrimento.
713 1813 1053 1869 Nonnunquam
1077 1814 1212 1858 etiam
1242 1815 1289 1858 in
1318 1816 1522 1873 collegiis
1551 1817 1712 1861 alimus
1741 1818 1912 1874 aliquot
1946 1813 1973 1869 's
1992 1811 2001 1855 ι’

274 1885 494 1939 nouicios,
519 1888 762 1943 separatim
785 1903 841 1932 ex
865 1890 1048 1947 collegii
1071 1891 1338 1936 redditibus.

359 1952 535 2006 Domus
564 1979 699 2020 porro
728 1967 960 2022 professae
989 1976 1200 2012 constant
1229 1983 1285 2012 ex
1308 1971 1537 2026 professis,
1569 1971 1910 2017 coadiutoribus

271 2038 593 2093 spiritualibus,
608 2042 684 2096 qui
702 2042 746 2085 in
765 2044 1075 2099 spiritualibus
1093 2046 1321 2102 professos
1339 2054 1384 2091 et
1395 2047 1673 2092 Societatem
1686 2049 1907 2108 ⁴8(lss5)v
1956 2040 2010 2103 ,ᾔῨ

270 2115 504 2169 adiuuent;
541 2126 585 2161 et
620 2120 959 2175 temporalibus,
994 2122 1070 2178 qui
1104 2122 1149 2165 in
1183 2119 1506 2180 temporalibus
1543 2125 1907 2172 subministrent.

271 2192 371 2235 Hae
389 2194 549 2237 domus
571 2195 733 2239 viuunt
755 2212 810 2240 ex
834 2199 1059 2254 praesenti
1081 2201 1385 2256 eleemosyna3
1408 2201 1517 2244 nihil
1536 2203 1812 2256 reddituum,
1833 2203 1904 2246 ni-
1929 2197 1933 2202 ’
1960 2199 1961 2202 “

271 2268 348 2320 hil,
365 2273 484 2325 quod
503 2271 588 2313 illis
606 2273 906 2328 aequiualeat,
921 2276 1152 2331 possidere
1164 2286 1370 2333 possunt.
1387 2279 1438 2322 In
1450 2279 1520 2322 his
1537 2279 1687 2323 omnia
1702 2280 1907 2326 ministe-
1962 2305 1966 2314 .

272 2345 335 2388 ria
352 2347 486 2401 plene
506 2356 774 2403 tractantur,
801 2366 917 2406 quae
940 2353 1134 2398 conferri
1156 2363 1346 2410 possunt
1364 2370 1420 2399 ex
1437 2355 1645 2400 instituto
1668 2358 1725 2399 ad
1742 2357 1908 2401 iuuan-

271 2424 351 2465 das
373 2431 390 2457 ἱ*
412 2424 600 2467 animas.
628 2428 684 2468 Et
710 2419 930 2472 tamenin
960 2429 1030 2473 his
1058 2431 1279 2475 lectiones
1308 2433 1605 2476 scholasticae
1629 2433 1784 2477 haberi
1813 2449 1906 2478 non
1948 2431 1959 2450 ³

270 2509 474 2554 possunt,
502 2502 574 2543 uel
599 2505 780 2548 scholae
804 2505 1029 2550 literariae
1051 2508 1229 2563 aperiri,
1255 2510 1374 2563 quod
1404 2518 1474 2552 est
1502 2511 1738 2554 dumtaxat
1767 2511 1906 2556 colle·
1954 2551 1958 2554 ,

268 2575 462 2631 giorum.
504 2577 801 2623 Admittimus
839 2583 895 2625 ad
924 2584 1007 2625 has
1039 2585 1198 2627 domos
1236 2585 1529 2638 nouitiorum,
1567 2586 1674 2631 item
1709 2587 1904 2643 aliquem
1945 2588 1961 2638 j
1992 2579 1998 2601 ³

270 2667 507 2697 numerum
532 2656 791 2711 separatim,
818 2673 933 2713 quos
962 2675 1016 2704 ex
1045 2661 1346 2718 eleemosynis
1377 2663 1542 2706 domus
1574 2671 1900 2707 sustentamus.
1940 2683 1944 2686 >

358 2731 555 2775 Vltimus
577 2733 720 2787 locus,
747 2735 822 2777 ubi
854 2738 994 2779 nostri
1026 2746 1282 2791 uersantur,
1308 2747 1353 2784 et
1376 2739 1557 2795 quidem
1583 2740 1902 2797 amplissimus,
1938 2770 1944 2774 -
1992 2769 2000 2798 3

268 2815 374 2849 sunt
397 2808 649 2863 missiones3
676 2826 764 2853 non
789 2813 907 2854 enirn
932 2815 1299 2860 continebuntur·
1317 2817 1460 2860 nostri
1489 2817 1533 2860 in
1563 2817 1772 2861 domibus
1801 2830 1904 2874 pro·
1944 2842 1946 2845 ·
1992 2807 2003 2858 ἶ

270 2883 398 2926 fessis
428 2887 632 2940 tandem,
664 2889 743 2930 sed
772 2902 926 2931 eorum
957 2906 1123 2947 magna
1150 2907 1254 2948 pars
1292 2894 1592 2950 occupabitur
1629 2894 1675 2937 in
1713 2894 1905 2939 diuersis
1951 2903 1957 2917 ·’
2006 2899 2007 2903 ’

340 3049 355 3065 ³1
406 3040 606 3087 archetyp,
628 3041 932 3080 iuuandandas.
