2028 3426
638 265 912 301 MONUMENTA
939 251 1206 313 ΙΤΑιιΑέ-Ιγ
1619 282 1678 317 151

110 365 454 422 simplicitatem,
479 366 552 409 vel
573 380 653 421 per
675 366 976 422 ignorantiam
1001 367 1046 409 in
1070 368 1141 411 his
1168 369 1451 425 disciplinam
1491 372 1729 416 Societatis

108 458 197 486 non
233 441 468 493 tenuisset,
500 441 779 484 familiariter
815 443 890 485 illa
919 443 1049 486 nobis
1088 445 1292 500 proponi,
1326 460 1399 498 ne,
1431 446 1727 491 inscientibus

109 517 344 564 Societatis
367 517 652 573 praepositis,
674 518 843 573 aliquid
867 519 1112 562 admissum
1137 521 1210 573 sit,
1238 522 1359 576 quod
1384 525 1725 579 congregationi

110 596 268 639 obesse
289 601 457 650 posset.

195 671 503 727 Agnoscimus
526 672 612 714 hac
641 671 775 714 etiam
805 672 850 714 in
880 688 943 725 re,
969 673 1007 716 si
1044 689 1187 729 Vsque
1219 675 1339 731 alibi,
1366 683 1604 731 paternum
1635 679 1729 720 ani-

107 763 229 791 mum
260 747 616 790 dominationum
645 755 897 791 vestrarum
936 749 1354 804 illustrissimarum,
1380 759 1424 795 et
1452 754 1584 808 plane
1615 738 1727 798 fate-

107 839 207 867 mur
233 830 428 876 nostros,
454 839 545 866 non
573 825 720 867 solum
749 839 828 880 per
860 826 1162 882 ignorantiam
1191 835 1236 870 et
1264 828 1617 884 simplicitatem,
1649 832 1728 874 sed

106 901 214 944 alias
235 908 253 926 ³
275 900 438 955 quouis
461 900 643 944 nomine
664 901 753 943 labi
771 909 816 943 et
838 902 883 944 in
901 902 1130 958 proposita
1149 904 1296 959 capita
1313 912 1358 947 et
1375 905 1420 948 in
1438 906 1524 949 alia
1542 908 1729 962 quaeuis

109 977 212 1020 vitia
233 992 379 1033 posse3
405 992 554 1032 neque
577 977 696 1020 enim
719 978 926 1022 meliores
948 994 1106 1022 sumus
1128 995 1260 1035 quam
1285 982 1477 1025 maiores
1500 983 1658 1035 nostri,
1684 991 1729 1026 et

105 1055 236 1110 plane
257 1053 549 1110 agnoscimus
570 1069 753 1110 prorsus
776 1055 862 1097 illis
886 1070 967 1098 nos
991 1071 1090 1100 esse
1113 1057 1365 1104 inferiores.
1392 1061 1503 1102 Tres
1531 1068 1659 1103 erant
1682 1060 1726 1103 in

10 1146 13 1182 ζ
48 1148 58 1151 ⁴
108 1132 216 1174 orbe
238 1145 395 1174 recens
418 1137 570 1173 creato
593 1130 693 1183 viri,
714 1138 759 1173 et
784 1146 901 1174 unus
919 1132 1004 1175 fuit
1021 1133 1151 1187 Cain3
1174 1142 1388 1189 quattuor
1405 1136 1450 1178 in
1469 1151 1587 1187 arca,
1611 1152 1728 1180 unus

105 1209 262 1260 Cham3
293 1207 531 1250 duodecim
569 1208 776 1263 apostoli,
814 1224 929 1252 unus
960 1211 1118 1266 Judas;
1150 1218 1322 1267 septem
1352 1212 1548 1264 diaconi,
1581 1213 1625 1255 in
1660 1214 1728 1255 his

105 1284 333 1336 Nicolaus3
361 1298 480 1326 noua
501 1284 676 1340 relligio
699 1293 744 1328 et
776 1293 932 1328 sancta
955 1286 1048 1328 diui
1077 1288 1112 1329 F
1117 1288 1324 1340 rancisci,
1350 1288 1396 1332 in
1429 1290 1517 1332 hac
1552 1291 1724 1345 Helias

105 1362 263 1416 Neque
285 1375 391 1403 vero
421 1360 584 1402 mirum
615 1368 698 1414 est,
724 1362 797 1404 vel
826 1377 996 1404 nouum
1025 1363 1062 1405 si
1093 1364 1149 1405 ad
1179 1365 1558 1421 congregationes
1589 1367 1723 1422 aliqui

103 1437 300 1493 irrepant
321 1437 515 1490 subdoli3
541 1438 737 1481 euadant
759 1438 894 1482 etiam
914 1439 1051 1495 aliqui
1069 1455 1201 1483 secus
1219 1456 1353 1496 quam
1372 1458 1450 1498 pro
1468 1443 1719 1500 disciplina.

12 1533 13 1540 ¹
105 1515 229 1557 Haec
250 1528 353 1556 cum
391 1513 476 1556 sibi
513 1513 645 1557 etiam
684 1514 888 1558 accidere
915 1531 1048 1571 posse
1088 1517 1291 1561 Societas
1326 1519 1720 1581 animaduerteret,

103 1589 258 1633 nullibi
300 1590 345 1632 in
382 1591 591 1633 omnibus
634 1591 1036 1636 constitutionibus
1074 1594 1220 1637 maius
1263 1595 1469 1638 adhibuit
1506 1597 1722 1649 studium,

54 1671 58 1676 '
104 1681 235 1722 quam
259 1666 305 1709 in
329 1666 400 1711 2.ἐι
421 1674 564 1723 parte,
591 1666 635 1709 in
660 1682 747 1722 qua
770 1669 826 1712 de
854 1669 1085 1722 facultate,
1117 1671 1266 1714 causis
1295 1685 1347 1714 ac
1371 1673 1543 1715 ratione
1572 1673 1724 1715 dimit-

51 1764 53 1769 .
103 1743 223 1787 tendi
245 1758 269 1786 e
292 1743 534 1796 Societate,
566 1758 655 1786 non
686 1745 831 1787 solum
861 1746 1057 1789 nouitios
1095 1754 1139 1789 et
1170 1748 1482 1802 scholasticos,
1508 1750 1587 1793 sed
1616 1765 1721 1805 pro-

101 1820 241 1862 fessos
257 1819 391 1862 etiam
413 1819 671 1865 statuimus.
697 1821 869 1876 Itaque,
889 1836 992 1864 cum
1012 1824 1153 1866 multa
1170 1831 1276 1866 sunt
1293 1824 1338 1866 in
1361 1825 1585 1878 instituto,
1608 1842 1722 1886 quae

101 1909 223 1951 spem
245 1897 412 1938 bonam
434 1896 479 1938 in
504 1896 634 1939 nobis
655 1898 797 1949 alunt,
824 1899 909 1941 Χ.0
932 1899 1139 1955 propitio,
1166 1908 1411 1957 perpetuae
1434 1902 1718 1956 sinceritatis,

45 1976 48 1979 ’
102 1977 194 2015 tum
221 1971 228 2030 Ι
255 1973 364 2016 illud
387 1963 461 2016 est*
476 1973 593 2016 inter
609 1973 769 2028 prima,
789 1976 910 2029 quod
927 1975 1017 2018 vim
1034 1978 1199 2020 habeat
1226 1978 1444 2030 Societas,
1471 1994 1558 2034 qua
1581 1981 1723 2035 possit

101 2063 198 2093 sese
219 2064 489 2105 expurgare,
514 2057 650 2105 atque
667 2051 712 2093 in
731 2051 966 2107 disciplina
984 2053 1305 2108 perfectionem
1324 2055 1573 2100 vindicare.
1594 2058 1720 2112 Qua-

101 2132 279 2181 propter
316 2126 480 2169 obnixe
517 2128 807 2171 obsecramus
843 2128 1173 2176 dominationes
1217 2139 1390 2174 vestras
1428 2133 1593 2177 Illmas.
1634 2136 1721 2177 hoc

82 2201 212 2255 loco,
238 2203 359 2257 quod
381 2202 570 2247 inferius
593 2203 727 2247 etiam
752 2204 913 2246 facturi
935 2219 1110 2259 sumus,
1135 2213 1183 2248 vt
1207 2207 1337 2250 nobis
1360 2208 1561 2253 indicent
1584 2210 1620 2252 si
1644 2212 1719 2265 qui

101 2276 203 2330 sint,
229 2278 305 2333 qui
327 2279 372 2320 in
396 2279 469 2322 illa
492 2279 641 2335 capita
662 2279 948 2336 impegerint.
975 2283 1071 2324 Nos
1093 2282 1292 2337 quidem,
1318 2284 1492 2327 etiamsi
1521 2286 1631 2329 nihil
1660 2288 1720 2330 si-

50 2354 58 2402 J
101 2367 213 2405 mus,
233 2355 429 2397 solemus
451 2362 601 2399 tamen
623 2355 668 2397 in
686 2356 851 2399 nostris
869 2358 1167 2401 obseruandis
1184 2374 1283 2403 esse
1301 2360 1624 2416 diligentiores,
1647 2378 1720 2406 se-

39 2428 41 2430 ’
80 2442 205 2488 xxuere
227 2431 360 2475 etiam
383 2432 716 2475 vindicaremus
738 2448 819 2489 pro
843 2448 998 2477 eorum
1021 2435 1196 2487 merito,
1224 2436 1260 2479 si
1285 2437 1392 2491 quid
1409 2439 1720 2494 deprehende-

102 2520 247 2549 remus
270 2507 513 2550 admissum
542 2522 674 2552 secus
711 2523 846 2564 quam
884 2525 965 2566 pro
993 2511 1244 2567 relligione.
1279 2513 1328 2556 Si
1366 2513 1506 2570 igitur
1543 2516 1718 2558 illorum

72 2583 278 2637 gnomina
311 2584 442 2627 nobis
479 2585 751 2637 indicentur,
784 2586 1059 2630 Societatem
1099 2588 1295 2632 illaesam
1331 2592 1716 2644 conseruabimus,

94 2659 183 2701 vX.⁰
206 2661 335 2713 duce,
361 2662 433 2705 vel
455 2661 556 2704 illos
578 2663 878 2715 excludendo,
899 2664 971 2707 vel
989 2663 1166 2707 illorum
1185 2667 1304 2710 facta
1325 2682 1350 2710 a
1367 2668 1602 2710 calumniis
1621 2669 1720 2710 vin-

101 2735 304 2789 dicand03
329 2737 399 2779 sin
421 2737 683 2794 ignoremus
706 2738 782 2793 qui
807 2739 912 2792 sint,
948 2755 1030 2783 nec
1058 2741 1143 2796 ipsi
1167 2756 1349 2786 causam
1378 2744 1526 2788 dicere
1548 2745 1720 2800 possint

12 2846 15 2854 .
64 2838 77 2866 χ
101 2817 145 2853 et
165 2826 292 2856 suam
314 2813 616 2857 innocentiam
641 2815 773 2867 tueri,
799 2815 992 2871 primum
1015 2817 1197 2872 quidem
1219 2821 1405 2863 haerere
1423 2820 1586 2876 poterit
1603 2820 1620 2845 b
1638 2821 1719 2863 ali—

101 2901 187 2942 qua
218 2896 325 2932 nota
356 2889 402 2932 in
438 2890 680 2943 Societate,
714 2891 889 2935 etiamsi
926 2892 1001 2936 illa
1029 2908 1121 2936 non
1157 2910 1255 2939 esse
1288 2898 1475 2952 probata
1503 2897 1713 2950 sciamus3

168 3063 186 3081 a
232 3055 312 3090 alie
331 3066 405 3090 ms.
462 3056 527 3082 -b
549 3056 731 3101 poterint
749 3068 821 3092 ms.
