2028 3426
309 219 378 256 308
777 216 931 250 PATms
958 212 1199 247 Hienoxnfl
1225 209 1376 245 NADAL

362 335 430 380 19.
495 323 558 364 M.
602 319 772 362 Paulus
811 319 1039 359 Prutenus
1075 309 1284 355 discessit
1321 324 1346 354 e
1384 308 1612 354 Societate
1649 306 1901 364 praeterito·

268 414 402 444 anno.

359 489 430 519 20.
498 477 557 518 M.
586 472 817 528 Georgius
844 468 1092 523 Peraxijlus
1115 465 1279 508 missus
1301 471 1370 508 est
1392 463 1438 507 in
1461 462 1668 519 patriam.

361 566 432 597 21.
499 554 560 595 M.
587 549 771 593 Gabriel
795 546 1006 591 Mercado
1030 543 1194 586 missus
1216 549 1284 586 est
1308 543 1515 584 Romam.

362 643 432 674 22.
500 631 561 672 M.
589 628 806 670 Alhertus
830 620 1127 666 Theoholtius
1149 619 1314 662 missus
1340 626 1409 661 est
1437 617 1483 660 in
1515 615 1749 659 Poloniam
1779 628 1909 657 anno

275 707 518 764 superiore.

365 797 387 827 2
395 798 434 839 3.
503 786 562 826 M.
587 781 855 824 Theodorus
880 780 1102 828 Busaeus,
1127 772 1462 830 ricomagensis,
1488 769 1742 827 gelriensis,
1768 769 1905 812 Colo-

275 862 376 904 niae
404 862 637 915 ingressus
668 865 735 901 est
765 855 1038 900 Societatem
1069 866 1187 895 anno
1222 863 1236 893 Ι
1247 851 1330 905 562
1362 850 1418 892 ad
1448 850 1613 893 festum
1642 846 1788 890 sancti
1815 845 1897 889 Mi-

276 938 460 981 chaelis.
505 936 672 979 Ibidem
698 933 818 1001 *fecit
856 931 991 975 etiam
1033 937 1140 972 uota
1177 928 1221 971 in
1262 928 1377 971 festo
1416 924 1667 969 natiuitatis
1704 922 1905 967 Domini.

279 1014 491 1058 Absoluit
523 1027 705 1056 cursum
736 1007 1068 1067 philosophiae,
1100 1012 1335 1062 promotus
1357 1003 1403 1046 in
1432 1002 1701 1059 magistrum
1731 1000 1908 1056 Tijrna-

280 1093 381 1135 uiae
405 1091 516 1147 legit
539 1088 829 1132 humaniores
850 1086 1018 1129 literas.
1041 1084 1246 1128 Viennae
1268 1082 1402 1125 modo
1425 1079 1538 1137 legit
1559 1078 1906 1122 humanitatem.
1938 1084 1947 1094 ⁵

369 1182 438 1221 24.
507 1166 746 1210 Vdalricus
771 1163 1020 1218 Porthijser
1043 1177 1067 1206 e
1089 1161 1183 1203 uita
1205 1161 1291 1203 hac
1314 1158 1537 1202 discessit.

370 1257 439 1300 25.
507 1243 806 1294 Benedictus,
848 1241 1020 1297 gallus,
1062 1238 1176 1282 rexit
1219 1239 1458 1291 hucusque
1502 1234 1679 1278 tertiam
1722 1234 1919 1276 classem

283 1322 615 1380 grammatices:
642 1334 764 1363 nunc
788 1318 965 1362 auditor
987 1315 1239 1360 rhetorices
1261 1313 1361 1357 erit.

374 1401 446 1444 26.
511 1397 741 1454 Georgius
766 1398 977 1439 Besserer
998 1393 1165 1437 missus
1186 1399 1255 1436 est
1277 1391 1322 1434 in
1348 1390 1603 1434 Poloniam.

373 1490 442 1531 27.
510 1475 869 1530 Christophorus
891 1472 1074 1515 Kramel
1096 1470 1260 1513 missus
1283 1475 1351 1513 est
1376 1470 1585 1523 Pragam.

375 1556 446 1598 28.
515 1553 743 1597 Henricus
766 1551 984 1594 Rickman
1008 1548 1126 1591 diem
1150 1561 1282 1590 suum
1305 1545 1432 1589 obiit.

376 1645 444 1690 29.
506 1633 707 1689 Joannes
729 1630 1022 1672 Hermannus
1045 1625 1210 1668 missus
1232 1630 1300 1667 est
1325 1624 1541 1678 Pragam.

376 1724 445 1765 30.
511 1708 740 1763 Georgius
762 1704 1044 1749 Decimarius
1060 1701 1256 1746 absoluit
1274 1713 1457 1744 cursum
1477 1697 1807 1755 philosophiae.
1827 1698 1922 1741 Re·-

288 1796 366 1844 get
390 1795 484 1831 2.ἷιιῃ
508 1787 696 1829 classem
721 1781 1058 1840 grammatices,

378 1878 447 1920 31.
508 1866 708 1922 Joannes
732 1857 1202 1915 Paulus,.perusinus,
1228 1855 1339 1899 obiit
1363 1861 1552 1897 mortem
1576 1855 1663 1895 hoc
1685 1866 1825 1897 anno·

380 1955 452 1997 32.
517 1940 770 1996 Gregorius
794 1938 935 1982 Heldt
957 1936 1121 1979 missus
1150 1942 1218 1978 est
1242 1931 1552 1983 Olomuzium,
1577 1929 1655 1972 ubi
1677 1929 1917 1972 conciona-

293 2028 366 2062 tur
388 2027 433 2063 et
455 2018 564 2074 legit
588 2015 945 2073 grammaticam.
1828 1994 1830 1996 ’

382 2110 451 2151 33.
512 2097 711 2152 Joannes
734 2092 985 2136 Vuincerer
1008 2089 1174 2132 missus
1196 2095 1264 2132 est
1286 2087 1329 2129 in
1356 2084 1610 2129 Poloniam.

383 2187 452 2228 34.
520 2173 780 2228 Stephanus
813 2168 1030 2212 Rimelius
1060 2166 1226 2209 missus
1254 2172 1322 2209 est
1356 2161 1657 2212 Olomutium‚
1699 2159 1776 2202 ubi
1815 2173 1928 2202 con—

292 2252 515 2294 cionatur.

383 2339 453 2382 35.
522 2326 713 2369 Michael
739 2325 1004 2368 Cardaneus
1037 2320 1146 2363 nihil
1179 2318 1303 2371 noui,
1339 2324 1625 2374 preterquam
1655 2313 1776 2369 quod
1806 2313 1926 2357 solet

293 2405 398 2448 hinc
423 2404 527 2446 inde
550 2401 823 2445 concionari.

384 2483 456 2536 36.
522 2479 717 2523 Michael
743 2478 875 2521 Poldt
898 2475 1007 2519 nihil
1029 2473 1153 2518 noui.

384 2571 455 2613 37.
523 2558 756 2612 Gasparus
779 2554 997 2597 Vuincler
1020 2551 1130 2594 nihil
1153 2549 1279 2593 noui.

387 2635 456 2689 38.
524 2632 814 2676 Bernhardus
837 2630 1008 2673 Brandt
1031 2626 1184 2671 audiet
1206 2624 1456 2682 physicam.

387 2725 455 2768 30.
521 2709 736 2753 Nicolaus
764 2707 919 2750 Vrtica
948 2705 1099 2748 studet
1129 2700 1459 2759 philosophiae,
1491 2705 1561 2743 est
1588 2697 1766 2741 adiutor
1793 2710 1929 2753 prae-

299 2789 402 2833 fecti
427 2787 552 2831 chori
575 2786 621 2828 in
643 2792 796 2828 cantu.

386 2879 458 2918 40.
524 2861 810 2913 Valentinus,
836 2857 1203 2909 nouodomensis,
1230 2855 1393 2898 missus
1416 2860 1485 2898 est
1510 2855 1725 2908 Pragam.

387 2955 456 2995 41.
525 2939 821 2984 Sebastianus
843 2935 1116 2991 Schlesingk
1141 2934 1224 2976 fuit
1247 2938 1512 2989 praeceptor
1529 2928 1755 2973 secundae
1774 2940 1929 2983 gram-

299 3019 505 3070 maticae,
533 3017 619 3059 iam
644 3014 796 3058 audiet
820 3012 1105 3056 rhetoricam.
