2028 3426
460 261 734 296 MONUMENTA
760 268 1014 297 PRoerclAE
1041 261 1355 307 AnsTmAE-49
1606 264 1673 308 287

86 360 394 405 necessarium
416 376 472 404 ex
493 361 681 404 consilio
704 362 879 417 medici)
903 370 935 414 a,
961 361 991 404 ii
1015 361 1180 405 faciant
1207 377 1335 405 suam
1365 362 1590 418 integram
1621 380 1719 408 ora-

87 437 271 490 tionem3
297 445 342 480 et
363 436 399 480 si
430 438 487 480 ad
514 452 692 480 sacrum
725 453 965 482 commune
997 439 1184 482 fratrum
1209 440 1366 483 adesse
1390 455 1480 482 non
1509 451 1714 497 possunt,

83 513 275 556 audiant
297 514 419 556 aliud
443 515 695 558 commode.

173 592 244 634 De
267 592 441 646 regula,
466 605 582 646 quae
605 591 745 643 iubet,
775 599 838 643 ut,
866 592 942 647 qui
965 592 1174 636 nesciunt
1196 592 1400 649 linguam
1434 593 1532 654 eius
1561 594 1705 650 regio—

83 666 168 719 nis,
194 666 240 709 in
264 681 353 722 qua
384 675 452 710 est
475 667 735 723 collegium,
761 681 861 711 eam
891 668 1142 721 addiscant,
1167 669 1276 712 satis
1306 669 1406 722 erit,
1434 677 1499 722 ut,
1527 670 1603 725 qui
1633 687 1710 715 ne-

80 743 233 786 sciunt
255 744 534 799 germanice,
560 743 608 785 hi
631 744 895 787 annitantur
923 745 1111 797 discere,
1144 753 1188 788 et
1216 746 1462 801 loquantur
1491 754 1713 802 quantum

83 827 309 876 poterunt.
330 820 562 877 Judicabit
586 835 695 863 uero
717 821 1006 876 prouincialis
1035 837 1091 864 an
1114 823 1170 864 ad
1192 822 1452 866 discendam
1475 823 1595 866 illam
1626 824 1712 866 lin—

79 911 219 953 guam
243 898 301 940 sit
322 897 600 942 instituenda
623 897 772 953 aliqua
796 898 946 943 lectio.

170 975 565 1029 Quemadmodum
589 976 758 1017 Romae
780 982 849 1018 est
872 977 1170 1028 consuetudo,
1198 976 1490 1029 sacristanus,
1524 977 1601 1032 qui
1633 978 1709 1020 uni

78 1064 209 1093 sacro
232 1050 487 1095 inseruierit
510 1051 674 1093 summi
697 1052 854 1095 saltem
877 1052 1046 1105 altaris,
1074 1053 1226 1096 ueniat
1249 1053 1400 1095 statim
1432 1055 1487 1096 ad
1509 1069 1612 1097 eum
1636 1070 1709 1098 sa—

77 1127 329 1180 cerdotem,
356 1127 433 1183 qui
453 1135 555 1183 post
577 1143 770 1180 sacrum,
798 1130 917 1184 quod
946 1136 1014 1172 est
1042 1129 1324 1182 inchoatum,
1356 1139 1424 1174 est
1452 1131 1707 1173 celebratu-

79 1218 171 1258 rus,
196 1211 241 1248 et
263 1205 505 1248 admoneat
532 1205 674 1257 illum,
707 1206 829 1260 quod
859 1206 1089 1261 proximus
1117 1207 1274 1261 pulsus
1303 1221 1548 1263 campanae
1579 1208 1704 1250 illum

79 1281 257 1323 uocabit
279 1282 335 1324 ad
358 1296 492 1324 suum
515 1296 691 1324 sacrum
715 1281 988 1334 faciendum3
1014 1282 1074 1324 ita
1097 1284 1190 1334 fiet,
1217 1290 1283 1335 ut,
1309 1283 1346 1325 si
1378 1284 1493 1326 forte
1523 1284 1704 1327 ordina-

74 1357 166 1400 rius
204 1359 414 1401 sacerdos
451 1358 509 1401 sit
546 1367 811 1414 occupatus,
852 1358 966 1401 alius
1004 1359 1187 1415 reperiri
1220 1360 1377 1415 possit,
1413 1368 1458 1404 et
1490 1375 1539 1404 se
1573 1376 1706 1417 prae-
1749 1356 1764 1368 ‘

74 1449 251 1489 parare.

162 1512 250 1553 Per
273 1511 569 1555 architectum
597 1512 943 1568 diligentissime
972 1521 1099 1572 curet
1127 1513 1381 1569 intelligere
1409 1513 1704 1568 prouincialis

71 1595 117 1630 et
139 1598 291 1631 rector
308 1603 364 1630 an
389 1588 570 1644 aliquod
592 1589 650 1631 sit
673 1587 921 1645 periculum
944 1589 1100 1632 ruinae
1119 1605 1173 1633 ex
1197 1597 1319 1632 tectu
1336 1590 1574 1643 ecclesiae,
1595 1605 1702 1646 pro-

70 1672 169 1720 pter
192 1665 477 1720 putredinem
510 1665 719 1718 trabium,
756 1680 871 1721 quae
904 1666 950 1708 in
983 1665 1219 1710 latitudine
1251 1673 1511 1710 sustentant
1546 1667 1700 1722 templi

70 1748 258 1785 tectum.

150 1820 323 1875 Jugum
346 1818 364 1844 b
387 1833 632 1875 campanae
654 1820 835 1862 maioris
860 1820 1087 1863 reficiatur
1108 1820 1251 1875 primo
1274 1834 1454 1875 quoque
1477 1815 1713 1876 tempores

66 1894 286 1941 Videatur
308 1897 442 1940 etiam
466 1897 619 1939 tabula
643 1898 794 1940 altaris
817 1912 872 1940 an
897 1897 1100 1953 indigeat
1122 1897 1273 1952 aliquo
1297 1898 1627 1941 sustentaculo,

153 1973 336 2016 Gradus
359 1974 634 2026 reficiantur,
659 1974 825 2029 quibus
847 1974 1168 2017 conscenditur
1190 1974 1247 2016 ad
1270 1981 1559 2030 suggestum.

154 2051 235 2092 Est
256 2049 625 2107 inuestigandum
649 2066 706 2093 an
729 2050 905 2106 aliquae
934 2066 989 2094 ex
1019 2050 1163 2094 vineis
1185 2050 1351 2093 nostris
1379 2050 1470 2093 sint
1498 2051 1696 2107 applica-

67 2133 138 2168 tae
160 2127 216 2168 ad
238 2134 358 2168 sarta
381 2133 500 2169 tecta
521 2126 755 2179 ecclesiae3
782 2128 902 2182 quod
924 2126 962 2169 si
985 2126 1251 2182 reperiatur,
1277 2141 1367 2168 non
1391 2133 1459 2170 est
1482 2127 1695 2169 fraudan-

62 2202 121 2244 da
144 2203 355 2245 voluntas
378 2203 696 2258 benefactoris,
724 2211 811 2247 etc.

153 2268 361 2335 Triginta
381 2280 538 2323 floreni
560 2281 699 2337 legati
721 2280 940 2324 ecclesiae
962 2281 1095 2323 detur
1126 2294 1265 2336 opera
1299 2287 1346 2322 ut
1373 2294 1454 2336 per
1481 2280 1692 2322 commis-

61 2355 204 2399 sarios
226 2365 566 2412 recuperentur.

92 2446 102 2461 ⁰
150 2434 365 2477 Soluatur
388 2434 590 2478 debitum
615 2435 742 2476 fabro
765 2431 950 2477 ferrario
973 2435 1274 2477 cancellorum
1301 2433 1472 2489 templi.

150 2509 393 2553 Prouideat
416 2518 580 2563 rector,
608 2519 656 2553 ut
678 2510 748 2553 sui
771 2511 861 2553 sint
884 2511 1076 2554 ministri
1099 2511 1275 2553 illorum
1300 2524 1546 2560 sacrorum,
1574 2523 1689 2563 quae

59 2600 151 2628 non
172 2587 288 2628 fiunt
310 2587 354 2628 in
379 2602 554 2630 summo
577 2588 723 2639 altari,
749 2602 806 2630 ne
828 2595 1054 2643 cogantur
1075 2587 1310 2630 sacristani
1341 2601 1494 2629 curam
1525 2584 1688 2627 summi

56 2662 208 2706 altaris
230 2663 483 2718 relinquere
505 2671 550 2706 et
571 2664 817 2716 sacristiae,
843 2671 888 2706 et
911 2679 1083 2716 eorum,
1110 2663 1187 2718 qui
1212 2663 1402 2705 ueniunt
1427 2663 1483 2704 ad
1506 2661 1685 2704 confes-

59 2737 249 2792 sionem,
284 2748 328 2782 et
361 2747 540 2796 tempus
562 2742 777 2793 habeant,
813 2755 902 2795 quo
933 2740 1108 2796 possint
1140 2741 1401 2783 sacerdotes
1437 2751 1595 2781 uocare
1629 2737 1685 2778 ad

56 2829 234 2858 sacrum
259 2816 512 2860 faciendum
537 2817 582 2859 in
606 2832 783 2859 summo
804 2817 932 2860 altari
954 2818 1028 2860 uel
1051 2817 1185 2860 etiarn
1210 2816 1255 2858 in
1279 2815 1392 2858 aliis.

145 2892 230 2935 His
262 2894 414 2945 rebus,
449 2908 566 2950 quae
597 2895 761 2936 dantur
799 2909 880 2950 pro
918 2894 1092 2949 capella
1124 2893 1349 2943 italorum,
1386 2891 1509 2932 nullo
1548 2890 1684 2931 modo

56 2975 211 3010 utatur
232 2970 423 3012 ecclesia
445 2978 616 3013 nostra.

124 3073 141 3089 a
192 3063 263 3098 Ms.
283 3063 460 3099 medicis.
514 3066 578 3092 —b
605 3064 796 3110 Ms.jum.
820 3065 984 3100 obscure
1004 3069 1133 3098 tamen
1152 3066 1365 3097 exaratum.
