2028 3426
539 244 770 280 ORATJONJS
796 252 1140 280 OBSERVATIONES
1150 253 1234 288 —70
1581 254 1649 290 705

77 347 163 388 bus
199 345 409 388 omnibus
440 344 663 388 sentiebat
699 359 798 387 esse
836 345 1154 397 obediendum,
1180 353 1227 387 vt
1261 348 1397 401 Xpo.;
1432 348 1698 389 mouebatur

77 437 184 465 vero
206 423 263 465 ad
285 421 643 477 compassionem
667 421 781 472 eius,
808 423 929 476 quod
952 436 1088 477 agere
1119 421 1348 466 videretur
1372 423 1590 466 aduersus
1613 425 1696 467 So—

77 499 303 550 cietatem,
329 505 374 542 et
395 513 449 541 eo
472 497 718 553 impensius
741 498 897 541 orabat
920 513 1001 553 pro
1023 513 1076 540 eo
1101 498 1145 539 in
1174 499 1311 542 missa
1340 507 1384 542 et
1416 499 1511 541 aliis
1533 500 1699 541 oratio-

77 575 227 627 nibus,
253 582 298 618 et
322 574 584 630 praesertim
608 582 658 616 vt
679 574 905 617 Dominus
928 574 1122 617 animam
1152 574 1249 618 eius
1278 575 1545 630 susciperet,
1572 576 1698 630 quasi

77 651 231 696 breuis
253 659 372 695 esset
396 652 547 693 futura
570 651 667 694 eius
689 650 798 694 vita.
825 650 1036 692 Christus
1047 653 1181 707 Jesus
1198 651 1304 694 velit
1323 666 1401 706 per
1424 666 1549 693 suam
1569 652 1698 694 mise-

79 727 316 771 ricordiam
340 728 612 771 sententiam
633 727 683 783 (si
706 727 931 770 contraria
960 727 1042 782 est)
1073 734 1338 782 temperare,
1363 735 1408 770 et
1439 728 1547 769 faxit
1577 735 1623 769 vt
1655 728 1699 769 in

78 804 409 860 longitudinem
432 805 604 847 dierum
629 803 754 847 viuat
778 810 822 847 et
845 810 1082 845 succurrat
1110 804 1193 846 Dei
1217 805 1451 857 ecclesiae,
1477 805 1532 846 ad
1561 805 1699 846 maio-

79 896 170 925 rem
195 881 389 924 nominis
412 881 481 923 sui
503 880 868 936 superbenedicti
892 880 1101 936 gloriam.

168 958 323 1002 Tertio
345 957 418 1002 die
441 958 484 999 in
510 957 712 1000 oratione
749 957 987 1009 matutina,
1022 957 1156 1008 idem,
1183 971 1285 999 cum
1313 959 1543 1000 desolatus
1564 968 1699 1008 esset,

79 1036 212 1077 datus
235 1041 304 1077 est
325 1034 387 1076 illi
410 1034 593 1089 spiritus
615 1034 797 1089 quidam
820 1042 837 1058 a
860 1048 912 1076 ac
943 1048 1103 1077 sensus
1133 1034 1414 1086 humilitatis,
1441 1049 1542 1077 cum
1567 1034 1700 1076 vber-

80 1117 171 1154 tate
193 1111 529 1162 lachrimarum,
550 1110 613 1152 illi
636 1111 808 1162 similis,
832 1110 918 1154 2⁰9
939 1125 1072 1165 quem
1097 1110 1285 1166 accepit,
1306 1111 1382 1152 vbi
1406 1113 1539 1153 Pater
1563 1112 1700 1166 Igna-

81 1188 170 1230 tius
191 1189 372 1231 volebat
396 1195 444 1229 vt
468 1187 790 1244 professionem
814 1187 1039 1231 emitteret
1062 1201 1088 1240 4
1116 1195 1341 1240 votorum,
1367 1195 1412 1230 et
1435 1187 1528 1243 ipse
1554 1195 1701 1231 tamen

80 1264 304 1307 sentiebat
327 1279 376 1309 se
412 1264 616 1320 ineptum
655 1265 711 1307 ad
749 1264 1088 1320 professionem,
1113 1272 1158 1307 et
1195 1264 1542 1319 conquiescebat
1575 1264 1619 1306 in
1650 1280 1702 1307 eo

80 1349 237 1396 gustu,
263 1349 312 1383 vt
334 1342 469 1385 vellet
491 1341 660 1384 seruire
683 1340 897 1396 professis
913 1350 1146 1397 perpetuo,
1168 1348 1212 1383 et
1234 1356 1333 1383 esse
1356 1341 1603 1393 coadiutor;
1625 1343 1704 1383 sed

80 1418 318 1461 videbatur
341 1433 501 1461 sensus
525 1433 738 1474 praesens
763 1418 903 1461 maior
925 1426 971 1460 et
992 1419 1230 1470 efficacior,
1257 1420 1373 1461 vnde
1397 1419 1536 1460 maior
1558 1419 1634 1461 lux
1658 1425 1701 1460 et

81 1495 264 1538 libertas
293 1494 521 1538 oriebatur
554 1495 598 1537 in
636 1495 812 1538 actibus
841 1495 1121 1547 humilitatis,
1146 1503 1194 1537 vt
1217 1511 1264 1539 se
1287 1502 1465 1551 gereret
1488 1502 1698 1549 tanquam

81 1571 404 1623 coadiutorem,
431 1579 476 1614 et
499 1586 655 1614 omnes
692 1572 916 1627 professos
940 1579 1239 1623 reuereretur,
1267 1579 1474 1627 tanquam
1502 1571 1703 1627 superio-

83 1663 169 1701 res,
190 1656 235 1691 et
264 1648 373 1690 nihil
397 1656 444 1690 vt
473 1649 672 1703 aequalis
695 1664 743 1692 se
765 1648 850 1691 illis
873 1649 1115 1704 ingereret,
1142 1649 1227 1692 nisi
1250 1657 1437 1692 vocatus
1460 1663 1511 1691 ac
1535 1649 1699 1690 iussus.

82 1726 219 1768 Nulla
240 1732 415 1781 poterat
437 1725 499 1767 illi
528 1725 678 1785 subire
707 1725 922 1781 cogitatio
950 1741 1099 1770 rerum
1132 1741 1416 1782 magnarum,
1447 1727 1526 1770 sed
1553 1725 1702 1767 humi—
1764 1745 1768 1748 ·

83 1802 207 1854 lium,
235 1809 278 1846 et
300 1802 345 1844 in
369 1802 533 1857 quibus
555 1787 653 1845 aliis
682 1803 887 1853 seruiret,
913 1817 994 1858 per
1015 1818 1129 1857 quos
1152 1803 1296 1858 ipsum
1324 1804 1451 1846 Deus
1474 1804 1700 1858 guberna-

82 1886 165 1930 ret;
191 1880 307 1922 bene
329 1878 556 1922 iudicabat
582 1880 639 1923 de
668 1878 895 1931 omnibus,
920 1880 1037 1921 bona
1060 1880 1104 1922 in
1128 1880 1225 1922 aliis
1248 1879 1510 1923 aestimabat
1530 1879 1699 1934 magni,

16 1950 21 1952 ’
82 1970 133 1998 ac
156 1956 357 1998 suauiter
379 1956 784 2011 contemplabatur;
805 1956 921 1998 mala
939 1970 1028 1998 non
1048 1963 1223 2011 poterat
1246 1956 1596 2012 apprehendere;
1618 1970 1701 2010 pax

84 2032 128 2073 in
153 2031 350 2085 Christo,
375 2031 448 2074 cui
472 2033 568 2075 laus
590 2040 634 2075 et
657 2032 799 2088 gloria
817 2032 861 2074 in
885 2033 1144 2077 seculum...

172 2110 341 2164 Magna
363 2109 645 2151 confirmatio
667 2122 722 2151 ex
755 2124 891 2152 sensu
915 2109 1093 2167 interno
1113 2125 1265 2152 earum
1295 2124 1459 2161 rerum,
1486 2124 1600 2163 quae
1624 2124 1700 2150 su-

80 2185 242 2239 periori
259 2184 396 2227 biduo
414 2192 630 2228 senserat.

170 2262 340 2305 Sensus
378 2261 561 2317 spiritus
599 2276 701 2304 cum
738 2263 997 2317 lachrymis,
1030 2264 1150 2318 quod
1180 2263 1460 2306 confidenter
1487 2264 1543 2305 ad
1571 2262 1704 2304 Chri-

31 2374 39 2380 ,
81 2345 200 2380 stum
218 2339 373 2395 Jesum
398 2345 680 2393 praesentem
699 2338 743 2380 in
762 2340 1031 2390 eucharistia
1049 2347 1333 2382 sacrosancta
1357 2346 1424 2382 est
1447 2339 1701 2382 adeundum

81 2427 133 2456 ac
155 2414 511 2470 confugiendum
534 2414 578 2456 in
598 2415 759 2470 quauis
781 2416 1065 2468 necessitate,
1092 2417 1469 2470 quemadmodum
1490 2430 1702 2470 praesen-

82 2497 170 2533 tem
194 2490 376 2533 adibant
400 2490 606 2547 discipuli
628 2499 673 2534 et
701 2491 928 2536 adiremus
949 2494 1035 2535 hoc
1060 2500 1274 2547 tempore,
1300 2492 1336 2534 si
1366 2499 1549 2535 externa
1578 2507 1704 2546 prae—

82 2567 226 2611 sentia
249 2568 293 2610 in
316 2568 485 2610 mundo
503 2568 736 2611 nobiscum
762 2577 1034 2613 versaretur.

171 2645 219 2686 In
243 2651 342 2687 ‘tam‘
362 2651 519 2688 exacta
548 2644 804 2688 intellectus
833 2646 1087 2688 obedientia
1116 2661 1351 2690 necessum
1380 2652 1448 2688 est
1476 2645 1704 2686 consulto—

84 2736 154 2764 res
191 2735 243 2763 ea
272 2721 362 2762 sint
396 2721 652 2765 obedientia
690 2721 722 2773 b,
756 2730 803 2763 vt
840 2736 941 2765 cum
980 2723 1134 2774 libere,
1174 2731 1219 2765 et
1248 2722 1434 2778 possint,
1467 2728 1510 2763 et
1538 2725 1594 2764 211
1624 2722 1703 2763 de-

51 2787 53 2792 *
82 2798 235 2849 beant,
263 2798 318 2839 de
341 2797 453 2840 actis
474 2798 757 2853 superiorum
780 2800 835 2842 ad
859 2799 1115 2854 generalem
1146 2800 1329 2850 referre,
1355 2805 1531 2841 constet
1556 2804 1703 2839 tamen

83 2873 128 2914 in
152 2873 260 2928 ipsis
282 2872 566 2917 obedientiae
588 2874 825 2917 districtio.
853 2876 960 2918 Item
992 2875 1110 2929 quod
1140 2875 1196 2916 sit
1225 2873 1525 2929 perniciosum
1549 2873 1701 2916 Socie—

155 3051 171 3067 a
221 3041 381 3086 quidem
398 3052 469 3076 ms.
521 3044 587 3069 —b
614 3041 693 3081 Sic.

262 3104 374 3133 Eris-r.
394 3104 430 3133 P.
453 3105 588 3140 NADAL.
607 3113 681 3134 τοΜ.
703 3105 767 3133 IV.
1488 3104 1523 3131 ⁴¹6
