2028 3426
312 233 351 258 vi
963 223 1208 259 PRAEFAno

266 324 435 368 ralibus
458 338 638 380 operam
662 330 891 368 strenuam
916 324 961 367 in
984 331 1078 368 tota
1096 325 1236 369 ferme
1259 327 1438 381 Europa
1462 325 1661 379 navavit;
1687 332 1732 368 et
1753 327 1896 368 taten-

265 402 373 445 dum
397 415 580 457 prorsus
597 400 682 444 erit
699 400 925 445 neminem
942 417 1023 457 pro
1041 401 1263 457 dignitate
1285 401 1516 445 historiam
1540 401 1797 457 primaevae
1813 402 1895 446 So-

266 478 442 522 cietatis
471 477 668 521 scribere
706 484 784 520 aut
822 479 954 534 plene
991 478 1246 534 intelligere
1284 493 1433 534 posse,
1459 478 1497 521 si
1524 478 1700 522 Natalis
1731 478 1895 534 scripta

265 555 402 598 missa
425 554 597 598 fecerit.
1613 545 1617 549 ⁵

356 633 412 674 Et
436 646 543 674 vero
565 631 696 674 nobis
718 632 868 674 animo
890 622 1555 688 volventibusquamplurimas
1577 647 1601 675 e
1631 632 1789 688 priscis
1811 633 1895 677 So-

266 708 440 752 cietatis
472 707 807 761 traditionibus,
834 723 946 764 quas
975 724 999 751 a
1037 708 1281 762 majoribus
1310 708 1475 752 nostris
1513 709 1787 765 accepimus,
1819 723 1896 752 eas

267 786 362 829 fere
385 799 542 829 omnes
564 784 681 828 inter
702 785 877 829 Natalis
899 784 1222 828 commentaria
1245 785 1465 841 reperisse
1487 785 1795 841 gratissimum
1819 800 1894 828 ac-

266 862 391 925 cidit3
433 861 538 906 inde
575 861 694 905 enim
731 875 887 904 earum
921 861 1212 904 traditionum
1247 863 1549 905 venerandam
1587 861 1897 917 antiquitatem

266 939 558 995 agnovimus,
580 953 748 993 easque
770 953 825 982 ex
844 939 942 994 ipso
964 938 1303 981 institutionum
1327 946 1581 982 nostrarum
1603 941 1742 991 fonte,
1763 940 1897 995 Igna-

267 1016 345 1067 tio,
372 1030 449 1071 per
473 1016 679 1060 Natalem
704 1030 787 1058 nos
810 1015 1065 1071 suscepisse
1088 1015 1416 1071 perspeximus.

356 1094 412 1135 Et
435 1107 482 1135 re
505 1092 685 1148 quidem
716 1107 839 1145 vera,
866 1107 981 1147 quae
1011 1093 1066 1135 de
1096 1091 1270 1136 ratione
1308 1093 1465 1136 orandi
1493 1101 1538 1136 et
1569 1093 1812 1136 meditandi
1843 1094 1898 1136 ad

267 1184 474 1213 normam
499 1169 642 1212 nostri
666 1168 876 1221 instituti,
903 1169 958 1212 de
981 1168 1229 1212 animarum
1253 1171 1352 1212 Deo
1373 1170 1691 1213 lucrandarum
1723 1169 1897 1213 deside-

268 1248 351 1299 rio,
377 1248 434 1290 de
462 1246 623 1290 studiis
653 1246 904 1290 litterarum
943 1260 1046 1289 cum
1081 1246 1260 1289 virtutis
1288 1261 1440 1289 amore
1468 1246 1816 1303 conjungendis,
1841 1247 1898 1289 de

266 1324 443 1367 cunctis
465 1324 677 1380 operibus
701 1323 865 1366 nostris
887 1325 1068 1379 spiritu,
1087 1324 1217 1366 corde
1240 1328 1279 1366 et
1295 1325 1494 1380 practice
1517 1324 1816 1380 praestandis,
1842 1324 1898 1366 de

266 1401 506 1446 caelitibus
530 1401 659 1444 nobis
681 1401 874 1457 singulis
897 1400 1128 1444 mensibus
1158 1401 1202 1443 in
1227 1409 1439 1456 patronos
1463 1400 1725 1456 seligendis,
1751 1401 1899 1455 deque

267 1478 419 1522 multis
447 1478 559 1530 aliis,
592 1478 636 1520 in
660 1477 1184 1537 domibuslprobationis
1213 1493 1292 1533 per
1321 1478 1576 1522 universam
1608 1477 1896 1529 Societatem,

265 1557 322 1599 ad
350 1569 617 1612 germanum
647 1555 890 1600 Societatis
918 1554 1125 1611 spiritum
1155 1555 1472 1607 hauriendum,
1499 1554 1610 1597 socii
1633 1543 1896 1605 edocentur,

260 1633 353 1688 jam
377 1633 433 1676 ab
462 1632 537 1675 illo
566 1633 799 1688 praeclaro
829 1631 1068 1688 religiosae
1100 1631 1390 1687 perfectionis
1423 1631 1657 1688 magistro,
1683 1646 1763 1687 per
1785 1631 1899 1674 anti-

265 1724 379 1765 quos
407 1710 506 1752 illos
542 1712 716 1762 Patres,
742 1709 818 1765 qui
850 1708 1034 1766 spiritus
1064 1708 1282 1765 primitias
1314 1715 1358 1753 et
1386 1708 1630 1764 religiosae
1661 1707 1898 1764 perfectio-

268 1786 337 1829 nis
368 1787 678 1843 magisterium
708 1787 828 1842 apud
857 1792 1084 1829 nostrates
1114 1785 1426 1837 obtinuerunt,
1460 1786 1516 1834 ad
1546 1800 1629 1828 nos
1659 1800 1802 1841 usque
1829 1785 1893 1827 di—

266 1871 523 1908 manarunt.
546 1863 828 1906 Venerabilis
848 1865 900 1906 P.
923 1863 1158 1905 Balthasar
1177 1863 1388 1914 Alvarez,
1411 1864 1464 1906 13.
1486 1864 1650 1904 Petrus
1669 1861 1895 1912 Canisius,

267 1940 537 1983 Franciscus
578 1941 818 1992 Costerus‚
865 1939 1088 1995 Aegidius
1131 1939 1361 1983 Gonzalez
1404 1938 1570 1993 aliique
1613 1940 1729 1981 bene
1772 1939 1899 1981 multi

267 2017 387 2061 vitae
409 2017 653 2073 spiritualis
676 2018 885 2061 doctores
915 2016 1243 2071 Hieronymum
1267 2016 1474 2059 Natalem
1505 2015 1774 2071 magistrum
1799 2030 1899 2058 sor-

268 2094 337 2136 titi
360 2101 484 2147 sunt,
510 2094 644 2149 idque
668 2101 765 2136 tum
789 2108 845 2136 ex
868 2092 1051 2148 prolatis
1074 2107 1099 2134 a
1121 2092 1251 2134 nobis
1273 2091 1488 2148 epistolis,
1512 2099 1606 2134 tum
1632 2107 1687 2136 ex
1711 2091 1899 2135 caeteris

268 2171 442 2214 Natalis
463 2170 750 2214 documentis
772 2169 1009 2226 perspicue
1032 2170 1384 2214 demonstratur.

357 2247 531 2291 Natalis
554 2247 816 2299 auctoritas,
842 2261 945 2289 curn
969 2247 1024 2289 de
1047 2247 1183 2290 rebus
1205 2246 1261 2289 ad
1284 2245 1526 2290 Societatis
1550 2245 1808 2288 institutum
1833 2247 1901 2289 vel

268 2326 325 2367 ad
347 2324 672 2381 perfectionem
697 2324 743 2366 in
773 2325 929 2368 eadem
963 2323 1191 2368 Societate
1229 2323 1555 2377 assequendam
1587 2337 1735 2365 sermo
1765 2330 1850 2375 est,
1877 2338 1902 2365 a

268 2402 492 2458 primariis
530 2401 826 2458 scriptoribus
861 2408 1088 2455 tamquam
1126 2399 1395 2443 inconcussa
1428 2406 1473 2442 et
1508 2414 1794 2455 summopere
1827 2415 1900 2444 ae-

270 2479 495 2522 stimanda
518 2480 779 2533 frequenter
802 2477 1057 2530 adducitur,
1085 2483 1216 2532 prout
1239 2476 1283 2518 in
1312 2475 1525 2531 operibus
1555 2476 1781 2531 Alphonsi
1807 2477 1902 2519 Ro-

269 2555 442 2607 dericii,
469 2554 689 2598 Ludovici
714 2569 737 2597 a
763 2556 924 2606 Ponte,
958 2553 1134 2597 Nicolai
1164 2552 1378 2605 Lancicii‚
1411 2559 1518 2603 etc.,
1553 2552 1718 2608 passim
1748 2552 1901 2595 videre

269 2640 353 2676 est.
387 2634 562 2676 Omnes
592 2631 812 2686 siquidem
838 2630 899 2672 illi
928 2638 1184 2674 nostrarum
1213 2643 1361 2672 rerum
1391 2629 1633 2684 scriptores
1666 2645 1744 2685 per
1765 2630 1901 2673 Nata-

269 2709 323 2752 lis
345 2710 619 2752 documenta
641 2716 685 2752 et
709 2707 1016 2750 institutiones
1040 2714 1234 2750 mentem
1259 2705 1401 2749 sancti
1426 2706 1673 2749 conditoris
1699 2706 1900 2751 Societa-

271 2785 344 2838 tis,
370 2792 527 2841 utpote
550 2800 630 2841 per
652 2784 921 2827 fidissimum
946 2784 1249 2840 interpretem,
1275 2797 1435 2826 secure
1458 2783 1606 2824 rimari
1630 2798 1760 2838 posse
1783 2783 1899 2825 arbi-

271 2863 524 2905 trabantur.

361 2941 473 2983 Rem
496 2938 637 2995 igitur
660 2938 963 2994 gratissimam
989 2937 1228 2982 Societatis
1250 2936 1463 2979 historiae
1486 2936 1754 2988 cultoribus,
1775 2950 1900 2991 prae·

270 3017 403 3071 cipue
427 3029 534 3058 vero
556 3016 758 3071 ejusdem
789 3014 1030 3059 Societatis
1061 3013 1270 3065 alumnis,
1298 3012 1594 3069 praestituros
1631 3011 1903 3055 existimavi·
