2028 3426
594 260 866 296 MONUMENTA
894 262 1109 297 ITALIAE—
1120 270 1161 306 17
1579 273 1642 309 157

24 359 32 369 ”
67 358 271 410 nisteria,
312 359 494 403 Christo
532 362 661 404 duce.
704 364 811 405 Non
847 363 1117 418 impedimus
1151 371 1300 406 tamen
1338 365 1446 419 quin
1486 367 1540 407 ad
1580 367 1689 409 alias

70 435 278 479 ecclesias
303 435 502 489 ueniant,
528 438 605 492 qui
626 439 780 482 uelint.
806 439 934 495 Quin
952 440 1101 495 potius
1119 448 1168 482 ut
1190 455 1244 483 eo
1266 448 1370 483 eant
1396 443 1690 485 uehementer

71 511 388 564 desideramus,
416 513 492 556 ubi
514 513 575 556 ita
597 515 890 558 instituantur
912 525 956 559 et
977 516 1021 558 in
1046 517 1212 572 pietate
1235 517 1487 573 proficiant,
1515 526 1563 560 ut
1582 519 1691 560 nihil

45 580 47 582 ,
71 596 222 633 nostra
244 604 378 644 opera
401 592 474 633 uel
497 591 744 636 ministerio
767 593 824 635 sit
845 608 973 648 opus.
1001 594 1065 636 Ibi
1096 609 1203 637 uero
1237 596 1372 650 (quod
1401 610 1456 638 ex
1485 595 1691 637 instituto

27 659 46 723 ’χ
72 667 339 723 accepimus)
363 683 416 711 eo
439 683 521 711 nos
546 669 817 722 ueniremus,
847 671 921 713 ubi
944 671 1132 726 penuria
1161 678 1280 715 esset
1308 672 1613 727 operariorum
1637 674 1692 714 ad

42 732 54 773 ἕ
72 745 289 787 iuuandas
312 745 496 788 animas.
524 747 654 800 Quae
676 748 777 789 loca
800 747 969 789 utinam
994 754 1083 790 tam
1108 750 1248 791 multa
1272 748 1439 804 ubique
1472 756 1691 792 terrarum

50 836 163 865 (non
185 829 349 864 essent.
377 823 477 865 Non
502 823 657 878 igitur,
684 830 734 865 ut
755 824 954 866 delatum
978 832 1061 877 est,
1087 825 1379 880 prohibemus
1408 840 1466 868 ne
1499 826 1555 867 ad
1585 826 1694 868 alias

45 892 285 955 'Jecclesias
306 899 507 950 ueniant,
534 899 609 954 qui
640 899 768 942 nobis
792 901 1081 953 confitentur,
1107 902 1187 944 sed
1208 902 1517 945 desideramus
1539 902 1690 953 etiam,

74 982 118 1018 et
142 982 285 1018 tamen
305 990 463 1030 parum
489 976 690 1019 fortassis
712 984 780 1019 est
803 978 1040 1030 hactenus,
1067 986 1338 1034 quapropter
1360 979 1458 1021 illos
1483 994 1507 1021 a
1530 980 1694 1021 nostris

75 1052 272 1096 ecclesiis
294 1054 601 1105 amandemus3
629 1061 674 1097 et
696 1061 817 1098 certe
841 1069 897 1097 ne
924 1054 1105 1098 ueniant
1127 1055 1397 1098 interdicere
1427 1070 1509 1098 nec
1534 1070 1694 1111 possu-

72 1143 173 1171 mus
193 1144 276 1173 nec
294 1130 526 1173 debemus.

315 1263 454 1292 CIRCA
489 1263 824 1296 INDUCTIONEM
858 1264 919 1294 AD
953 1265 1117 1294 EORUM
1152 1265 1450 1294 RELIGIONEM

146 1367 389 1404 obiectio.
452 1365 521 1406 De
551 1365 682 1406 modo
716 1364 990 1407 inductionis
1027 1366 1082 1407 ad
1119 1380 1275 1408 eorum
1315 1364 1580 1420 religionem
1619 1379 1697 1419 per

78 1440 315 1483 dictamina
338 1440 521 1483 rationis
543 1441 870 1485 considerando
893 1443 1128 1485 commoda
1152 1449 1196 1484 et
1219 1442 1533 1485 incommoda.-

63 1504 68 1508 .
130 1523 454 1567 (Responsio.
517 1519 751 1561 Habemus
773 1519 972 1562 libellum
997 1520 1218 1573 quendam
1251 1518 1578 1562 Exercitiorum
1606 1517 1698 1573 spi-

10 1604 11 1609 ’
52 1618 60 1653 3
79 1594 319 1646 ritualium,
346 1610 371 1637 a
396 1598 528 1637 Patre
551 1596 728 1651 Ignatio
750 1595 979 1651 hispanice
1002 1595 1320 1651 compositum,
1347 1595 1423 1650 qui
1446 1594 1606 1650 partim
1631 1601 1700 1637 est

56 1672 335 1729 'isagogicus
363 1681 381 1697 ²²
409 1673 465 1715 ad
502 1673 836 1716 meditationem
865 1680 909 1716 et
938 1672 1203 1724 orationem,
1235 1671 1396 1728 partim
1434 1672 1698 1713 methodum

12 1736 15 1810 ἶ
63 1749 259 1806 'attingit
282 1757 403 1793 recte
425 1757 560 1806 atque
583 1750 740 1794 ordine
768 1750 1072 1794 instituendae
1100 1748 1349 1802 electionis,
1383 1763 1472 1790 non
1497 1749 1552 1790 de
1582 1747 1701 1790 uitae

81 1834 196 1870 statu
220 1835 411 1879 tantum,
436 1828 516 1871 sed
538 1827 670 1871 etiam
694 1829 750 1871 de
774 1842 820 1870 re
844 1827 1019 1882 quauis,
1046 1841 1161 1881 quae
1192 1828 1246 1869 ad
1274 1840 1425 1869 mores
1458 1825 1696 1881 pertineat.

81 1904 182 1947 Fuit
218 1904 290 1947 hic
318 1905 496 1948 libellus
524 1905 625 1947 iusu
661 1904 789 1947 Pauli
818 1905 876 1947 III
912 1904 1161 1960 pontilficis
1193 1903 1375 1946 maximi
1416 1901 1696 1945 examinatus

53 2015 65 2037 .:
82 1982 376 2025 attentissime
405 1975 460 2024 ab
490 1966 791 2024 illustrissimo
820 1981 1035 2024 cardinali
1064 1980 1298 2037 burgensi,
1329 1995 1385 2023 ex
1413 1980 1608 2034 collegio
1631 1978 1701 2019 in—

84 2054 346 2115 quisitorum
369 2060 560 2111 delecto,
586 2074 612 2101 a
635 2058 803 2101 vicario
826 2058 962 2102 Vrbis
984 2058 1207 2101 Archinto
1231 2065 1276 2101 et
1298 2072 1324 2099 a
1345 2056 1563 2112 magistro
1587 2054 1703 2097 sacri

16 2156 21 2187 ,J
70 2126 232 2192 palatii
253 2135 531 2188 FoscarariO,
557 2135 634 2190 qui
656 2143 725 2178 est
747 2150 870 2178 nunc
900 2136 1138 2192 episcopus
1167 2133 1451 2185 mutinensis3
1485 2140 1529 2175 et
1559 2147 1702 2187 quan-

17 2225 23 2279 ζ
85 2215 320 2270 doquidem
344 2215 508 2269 duplex
532 2214 786 2286 erat‘huius
809 2213 946 2257 libelli
968 2212 1105 2255 latina
1127 2211 1291 2263 versio,
1322 2210 1392 2253 bis
1421 2209 1506 2252 fuit
1535 2208 1703 2252 exami--

62 2301 67 2342 ᾖ
85 2297 230 2350 natus3
251 2291 319 2333 bis
336 2291 470 2335 etiam
489 2292 544 2333 ab
562 2291 647 2333 illis
665 2290 874 2333 omnibus
891 2291 1107 2346 probatus
1124 2297 1260 2344 atque
1278 2288 1502 2330 laudatus.
1526 2287 1702 2328 Horum

19 2389 25 2400 ·
85 2367 433 2423 subscriptiones
456 2368 562 2410 satis
584 2383 684 2412 esse
712 2367 855 2411 videri
885 2375 1093 2422 poterant
1122 2368 1179 2409 ad
1216 2365 1570 2407 confirmandam
1604 2361 1705 2404 libri

16 2435 26 2480 >:¹
87 2444 418 2496 authoritatem,
444 2453 488 2488 et
512 2452 661 2488 tamen
685 2444 829 2487 uoluit
850 2445 906 2505 ad
928 2447 1040 2486 haec
1064 2444 1235 2486 Paulus
1257 2443 1315 2484 III
1344 2441 1463 2484 sedis
1492 2439 1706 2495 apostoli*

17 2518 24 2530 '
77 2527 164 2563 'cae
190 2521 503 2564 authoritatem
535 2522 798 2577 adiungere,
819 2521 1062 2576 diplomate
1080 2520 1245 2573 aedito,
1267 2533 1356 2574 quo
1379 2515 1644 2573 approbauit
1664 2524 1707 2558 et

21 2631 24 2636 .
69 2597 357 2645 scollaudauit
377 2599 577 2642 libellum
600 2613 652 2640 ac
674 2613 756 2642 suo
778 2597 1029 2653 patrocinio
1053 2596 1366 2646 communiuit,
1398 2594 1530 2637 simul
1554 2606 1709 2634 omnes

18 2663 22 2714 ¹.
62 2673 319 2734 putriusque
341 2690 476 2718 sexus
500 2675 811 2718 christifideles
833 2677 1039 2717 hortatus
1061 2681 1130 2717 est
1152 2673 1394 2729 plurimum
1417 2671 1462 2713 in
1494 2668 1706 2718 Domino,

21 2769 31 2789 ι·
89 2758 140 2793 ut
160 2758 248 2794 tam
271 2753 354 2808 piis
376 2752 659 2796 documentis
681 2759 727 2796 et
748 2751 972 2794 exercitiis
997 2751 1062 2792 uti
1079 2756 1123 2792 et
1140 2749 1227 2792 illis
1245 2748 1405 2791 instrui
1423 2748 1588 2791 deuote
1613 2746 1706 2787 uel-

77 2826 182 2885 jlent
209 2831 234 2871 ¹.
261 2831 328 2872 Ex
350 2831 438 2872 hoc
466 2829 616 2872 libello
645 2829 831 2871 diluitur
861 2827 1085 2879 facillime,
1122 2841 1238 2881 quae
1267 2828 1353 2868 hoc
1382 2824 1526 2879 capite
1564 2822 1710 2864 notari

159 2938 176 2955 a
200 2929 417 2976 isagoslcus
437 2942 507 2965 mS.

91 3042 97 3050 ι
163 3016 169 3034 “
222 3018 285 3053 Cf
309 3019 458 3054 litteras
475 3019 708 3065 apostolicas
727 3018 837 3053 Pauli
856 3018 931 3052 ΡΡ.
952 3018 1009 3052 111
1028 3014 1257 3052 Pastoralis
1275 3014 1396 3060 officii
1421 3025 1532 3052 cura,
1554 3010 1594 3045 31
1626 3011 1707 3055 Jul

76 3074 183 3120 1548
199 3075 321 3123 datas,
341 3077 380 3112 in
397 3077 529 3113 Instit.
551 3077 636 3113 Soc.
654 3077 756 3123 jesu
773 3076 1008 3120 (Florentiae
1031 3074 1274 3121 1892‚1893),
1296 3074 1367 3117 111,
1381 3072 1463 3116 443.
