2028 3426
638 246 975 281 INSTRUCTIONES
983 263 1018 269 —
1025 242 1046 277 6
1053 250 1068 277 1
1268 242 1270 245 '
1550 236 1620 283 413

41 351 87 398 in
111 348 380 401 necessaria,
405 348 477 390 vel
500 346 556 392 117
577 345 673 389 vtili
692 344 974 389 recreatione
995 349 1164 387 vtetur.
1192 341 1286 384 Erit
1319 340 1487 395 alioqui
1505 340 1549 382 in
1568 339 1671 383 eius

0 423 7 486 J
41 425 387 486 gubernatione,
428 432 477 466 vt
513 429 725 480 procuret
756 421 994 464 vtilitatem
1022 419 1302 476 spiritualem
1340 416 1533 474 proximi
1567 431 1665 472 pro·

0 497 5 504 ¹
41 503 216 551 moueri
238 517 318 559 per
335 500 583 544 ministeria
605 498 863 543 Societatis.

126 582 207 623 Est
230 577 538 623 necessarium
562 591 643 632 pro
666 577 786 618 bona
808 573 1138 630 gubernatione
1161 573 1225 630 (vt
1247 569 1512 614 constitutio
1535 584 1666 625 prae·

57 655 207 712 ‘cribit)
231 654 472 711 preuenire'
493 651 783 703 tentationes,
804 658 848 695 et
864 650 1182 701 desolationes,
1204 654 1425 704 quantum
1449 646 1546 706 fieri
1563 653 1669 702 pot—

39 733 138 785 erit,
168 732 290 789 quod
316 732 443 773 illum
477 729 612 774 etiam
641 729 781 771 habet
817 741 1018 778 sensum,
1051 733 1099 768 vt
1131 724 1438 782 prouideatur,
1472 739 1530 767 ne
1568 723 1671 778 quis

57 816 188 853 utura
211 806 469 851 obedientia
488 812 723 862 grauetur,
745 804 825 847 sed
842 818 946 846 cum
965 802 1192 846 suauitate
1209 800 1372 853 cuiuis,
1394 801 1516 855 quod
1542 800 1674 844 obire>

37 885 193 944 possit,
219 885 502 940 iniungatur;
544 881 630 924 nisi
670 880 871 924 fortassis
909 895 964 922 ex
987 878 1209 922 industria
1236 877 1502 922 uiderentur
1531 877 1671 931 aliqui

32 960 317 1017 exercitandi
340 975 392 1004 ac
415 958 618 1003 tentandi
641 959 698 1000 ob
721 957 934 1000 maiorem
960 957 1173 999 fructum.

129 1038 394 1095 Superiores
421 1037 577 1080 lauent
605 1035 832 1086 scutellas,
862 1041 907 1076 et
934 1032 1183 1076 inseruiant
1214 1045 1397 1075 mensae
1429 1030 1524 1074 suis
1552 1037 1668 1074 temu

47 1116 249 1174 poribus,
275 1114 391 1157 sicut
414 1113 503 1167 alii,
529 1127 620 1155 non
643 1119 791 1155 tamen
817 1118 906 1153 tam
933 1111 1190 1164 frequenter
1213 1117 1245 1151 ².

130 1194 234 1236 Non
267 1192 432 1235 dentur
466 1187 750 1233 obedientiae
783 1187 1091 1243 particulares,
1122 1186 1331 1230 videlicet
1361 1192 1409 1228 vt
1431 1200 1549 1228 Vnus
1582 1185 1668 1226 fra-

46 1276 163 1315 trum
186 1269 348 1312 debeat
367 1266 552 1312 obedire
569 1265 701 1308 alicui
719 1263 957 1315 sacerdoti,
979 1261 1153 1306 etiamsi
1171 1262 1485 1305 sacerdotibus
1507 1262 1675 1306 debeat

45 1347 100 1390 ab
123 1345 335 1389 omnibus
361 1342 616 1388 reuerentia
633 1341 811 1386 deferri.

134 1422 191 1467 118
226 1423 484 1465 Aduertant
506 1418 775 1475 superiores,
808 1417 988 1472 quando
1017 1417 1073 1459 ab
1101 1416 1187 1459 illis
1218 1416 1387 1473 petitur
1415 1416 1564 1470 aliqua
1601 1416 1670 1457 fa—

46 1500 190 1546 cultas
214 1506 292 1541 aut
314 1496 591 1553 dispensatio
615 1494 805 1538 alicuius
831 1494 1016 1550 regulae
1038 1492 1308 1544 communis,
1334 1492 1467 1535 sicuti
1494 1507 1586 1535 non
1608 1492 1675 1535 ire-

44 1577 101 1622 ad
122 1575 311 1632 primam
335 1588 553 1625 mensam,
579 1587 670 1614 non
694 1571 849 1615 audire
871 1570 1053 1613 missam
1072 1571 1278 1622 fratrum,
1299 1576 1378 1612 aut
1395 1583 1465 1612 res
1484 1568 1672 1621 simileS,

37 1667 104 1697 ‘ne
132 1654 242 1696 dent
271 1651 510 1694 facultates
539 1649 834 1699 Vniuersales,
870 1661 954 1691 nec
986 1648 1042 1689 ad
1074 1647 1264 1702 longum
1299 1653 1495 1701 tempus3
1531 1660 1673 1701 quum

44 1729 165 1773 enim
188 1728 318 1772 facile
339 1727 397 1770 sit
419 1725 756 1783 particularium
779 1724 930 1768 subire
953 1723 1244 1775 obliuionem,
1272 1730 1362 1766 tam
1385 1723 1554 1766 multae
1576 1722 1673 1765 dari

48 1812 251 1863 possent,
277 1812 325 1847 vt
347 1803 703 1847 confunderetur
725 1802 834 1844 ordo
862 1801 1038 1843 domus.
1075 1801 1213 1855 Quod
1242 1799 1279 1842 si
1307 1798 1534 1843 videbitur
1561 1813 1673 1842 con-

49 1882 221 1934 uenire,
246 1888 294 1924 vt
317 1882 481 1924 dentur
504 1880 615 1923 tales
636 1877 860 1930 licentiae,
885 1884 1101 1933 poterunt
1124 1876 1305 1932 quidem
1324 1876 1420 1919 dari
1442 1891 1523 1932 per
1539 1890 1677 1936 supe--

49 1959 228 2011 riorem,
249 1959 329 2002 sed
347 1958 404 2000 ad
421 1971 614 2013 paruum
635 1963 826 2010 tempus,
839 1969 927 2010 quo
944 1954 1089 2006 finito,
1106 1960 1346 1997 teneantur
1363 1940 1518 2009 petere
1541 1952 1673 1995 aliam

49 2036 310 2079 facultatem
334 2035 390 2077 ad
412 2033 786 2084 continuandum,
812 2031 849 2073 si
870 2045 984 2087 opus
1007 2030 1106 2074 erit.

135 2113 334 2155 Vtantur
367 2125 532 2166 magna
561 2108 846 2152 solicitudine
875 2107 1148 2164 superiores,
1179 2114 1228 2150 vt
1256 2107 1557 2150 confessarios
1589 2121 1673 2149 no-

47 2195 241 2232 strorum
259 2188 485 2230 instruant
501 2188 556 2229 de
573 2193 695 2229 statu
715 2188 899 2228 Patrum
918 2192 962 2228 et
979 2186 1183 2237 fratrum,
1197 2185 1254 2227 de
1271 2184 1540 2235 defectibus,
1561 2192 1648 2226 etc.
1660 2217 1673 2235 ,

48 2272 93 2308 et
115 2271 293 2317 curent,
320 2272 368 2306 vt
391 2264 446 2306 de
468 2263 554 2305 illis
576 2262 621 2305 in
639 2260 921 2304 confessione
938 2261 1235 2317 interrogent,
1256 2268 1301 2303 et
1317 2259 1477 2303 iuuent
1496 2274 1671 2313 omnes,

49 2349 96 2384 vt
124 2340 334 2397 superius
362 2338 573 2392 diximus,
604 2338 650 2381 in
688 2352 741 2382 eo
779 2338 876 2380 foro
913 2336 1170 2393 diligenter.
1212 2337 1419 2380 Caueant
1457 2351 1579 2387 vero,
1616 2351 1679 2379 ne-

49 2424 205 2474 petant
227 2416 484 2468 consilium,
510 2415 582 2459 vel
603 2414 819 2457 iudicium
843 2413 900 2458 119
924 2414 1233 2456 confessorum
1256 2412 1301 2455 in
1326 2413 1474 2468 aliqua
1492 2427 1539 2455 re
1555 2412 1674 2455 circa

50 2509 144 2547 eos,
176 2493 252 2549 qui
280 2493 366 2536 illis
395 2493 683 2536 confitentur.
721 2490 928 2535 Sufficiet
959 2490 1020 2542 id,
1053 2491 1174 2546 quod
1206 2490 1461 2546 superiores
1498 2489 1543 2531 in
1578 2490 1679 2531 foro<

47 2569 261 2614 exteriori
284 2569 399 2613 scire
415 2575 644 2625 poterunt,
665 2568 798 2611 etiam
814 2581 895 2623 per
912 2567 1037 2620 alios3
1058 2566 1222 2623 poterit
1244 2566 1344 2609 illos
1362 2566 1496 2610 etiam
1517 2566 1675 2608 iuuare

36 2646 268 2702 cognitio,
303 2661 438 2701 quam
469 2660 523 2689 ex
552 2644 729 2687 illorum
757 2643 908 2688 verbis
936 2643 1178 2698 aliquando
1209 2651 1317 2686 sunt
1344 2642 1483 2694 nacti,
1513 2642 1586 2684 vel
1619 2656 1674 2684 ex

52 2722 269 2766 reditione
293 2721 478 2765 rationis
500 2735 608 2764 suae
637 2719 957 2772 conscientiae,
989 2726 1171 2762 seruato
1200 2726 1350 2763 tamen
1381 2718 1581 2760 districte
1613 2717 1675 2759 sia

53 2799 160 2855 gillo
193 2797 505 2852 confessionis,
539 2796 803 2853 praesertim
836 2796 870 2838 si
906 2795 952 2838 in
985 2796 1272 2839 confessione
1309 2794 1529 2838 rationem
1568 2807 1679 2836 con-

53 2874 267 2919 scientiae
288 2873 559 2930 acceperint,
581 2888 720 2928 quum
744 2887 842 2919 eam
867 2872 1159 2929 aperitionem
1179 2886 1356 2928 semper
1374 2872 1567 2914 debeant
1591 2870 1676 2911 ha-

123 3053 142 3071 a
181 3041 429 3089 frequentur
450 3052 522 3079 ms,
