2028 3426
344 242 414 289 356
819 238 973 273 PATms
999 237 1243 272 HxssRONYMI
1268 233 1421 269 NADAL

389 345 440 387 Ρ.
468 343 661 385 Ioannes
700 338 926 383 Lamberti
964 337 1048 381 erit
1085 335 1373 379 contionator
1396 333 1442 377 in
1472 333 1603 390 pagis
1627 340 1672 378 et
1699 334 1938 377 confessa-

298 422 409 473 rius;
435 422 558 476 leget
580 417 797 463 lectiones
820 429 986 466 sacras,
1019 428 1132 469 quas
1159 412 1272 470 legit
1306 413 1356 455 P.
1386 410 1656 467 Gregorius,
1689 417 1934 467 postquam

298 495 574 548 discesserit;
595 496 718 550 leget
741 506 873 535 casus
895 489 1200 535 conscientiae
1229 489 1370 534 semel
1392 495 1470 531 aut
1499 487 1569 531 bis
1593 486 1870 539 domesticis,
1897 486 1936 529 si

303 574 462 632 possit.

391 653 452 695 M.
480 652 670 692 Ioannes
695 646 915 689 Halenius
937 644 1116 688 docebit
1138 644 1184 686 in
1207 644 1349 687 classe
1366 649 1625 698 syntaxeos3
1652 652 1696 686 et
1726 640 1935 697 quando-

302 729 485 785 quidem
510 741 599 769 non
623 725 803 767 videtur
820 723 905 766 sibi
929 722 1161 765 confidere
1183 721 1305 777 quod
1327 720 1469 777 possit
1491 720 1682 763 classem
1705 718 1826 761 illam
1850 732 1938 774 gu-

303 808 511 856 bernare,
539 804 591 855 is,
618 816 751 857 quem
777 800 924 843 mittet
949 801 1084 843 Pater
1107 797 1413 855 prouincialis,
1433 796 1597 853 poterit
1625 810 1730 840 eum
1760 795 1938 848 iuuare,

305 891 350 926 et
374 883 561 932 interea,
589 879 625 922 si
643 878 699 921 sit
722 891 975 929 necessum,
1003 878 1056 921 P.
1083 877 1369 920 Lambertus.

396 962 457 1002 M.
485 959 674 1000 Ioannes
698 954 881 998 Roberti
918 953 1147 997 exercebit
1168 967 1217 996 se
1245 952 1290 995 in
1320 951 1471 995 studio
1503 950 1697 1007 priuato,
1725 958 1769 994 et
1795 949 1841 991 in
1866 963 1939 992 re-

307 1035 513 1086 fectorio,
538 1033 749 1090 legendo,
786 1038 830 1076 et
867 1030 1178 1074 concionando
1201 1029 1461 1085 aliquando,
1487 1035 1535 1070 vt
1564 1026 1705 1084 possit
1727 1025 1943 1083 expedire

312 1114 534 1169 linguam,
556 1118 600 1154 et
624 1108 763 1166 possit
780 1123 880 1152 esse
901 1107 1022 1151 Vtilis
1045 1106 1294 1151 ministerio
1311 1105 1510 1162 collegii.
1539 1104 1634 1148 Erit
1656 1103 1806 1147 socius
1823 1104 1940 1146 clas-

307 1190 402 1233 sico
430 1191 481 1231 P.
510 1186 817 1230 Bartholomei
839 1185 886 1228 in
908 1185 1065 1228 Vltima
1086 1185 1244 1227 classe.

398 1268 453 1310 P.
478 1264 827 1308 Bartholomeus
855 1268 1116 1318 perseueret
1137 1260 1184 1303 in
1213 1260 1307 1304 suis
1335 1259 1578 1312 exercitiis,
1604 1266 1648 1304 et
1679 1259 1844 1302 habeat
1869 1271 1941 1300 re-

307 1351 404 1400 ctor
433 1356 586 1385 curam
615 1340 714 1383 eius
744 1338 1014 1383 valetudinis
1042 1346 1087 1381 et
1124 1353 1216 1382 non
1249 1337 1335 1382 erit
1371 1351 1626 1388 necessum,
1658 1344 1706 1378 vt
1743 1334 1848 1378 hinc
1886 1335 1943 1378 ad

307 1421 430 1464 aliud
453 1418 695 1475 collegium
719 1416 935 1459 discedat.
961 1415 1154 1459 Curabit
1176 1431 1296 1468 eum,
1317 1431 1374 1460 ne
1397 1430 1446 1460 se
1474 1413 1724 1457 immisceat
1747 1412 1946 1469 negotiis
1981 1403 1996 1414 ⁸

310 1511 510 1541 suorum:
538 1496 573 1538 si
597 1495 705 1538 velit
727 1495 834 1536 dare
856 1493 1014 1545 sorori,
1040 1494 1198 1536 donet.

398 1576 450 1619 P.
478 1572 751 1616 Franciscus
773 1578 1033 1627 perseueret
1054 1570 1100 1613 in
1122 1570 1217 1614 suis
1238 1569 1485 1615 exercitiis·

397 1654 461 1696 M.
486 1650 721 1694 Gerardus
743 1650 969 1692 Massetus
991 1647 1300 1704 perseuerabit
1331 1647 1377 1689 in
1401 1647 1495 1690 suis
1523 1645 1766 1697 exercitiis,
1799 1658 1943 1700 vsque
1982 1655 1985 1658 '

307 1730 364 1772 ad
386 1727 744 1772 renouationem:
769 1725 815 1767 in
839 1725 1136 1768 renouatione
1156 1739 1264 1768 vero
1292 1725 1417 1768 solus
1443 1722 1719 1781 gubernabit
1749 1723 1943 1766 classem

308 1821 453 1858 suam,
479 1804 859 1860 quemadmodum
881 1801 1053 1845 dictum
1081 1809 1150 1845 est
1179 1803 1235 1846 de
1260 1801 1410 1854 scolis,
1437 1798 1490 1845 et
1512 1800 1648 1844 etiam
1679 1806 1786 1843 ante
1816 1813 1944 1843 reno·

310 1882 555 1933 nationem,
582 1881 619 1924 si
643 1879 798 1936 possit:
825 1879 862 1922 si
885 1894 976 1922 non
994 1879 1152 1935 possit,
1173 1878 1323 1935 potius
1343 1878 1606 1934 reliquenda
1626 1885 1696 1920 est
1714 1876 1792 1918 illa
1809 1876 1948 1920 lectio

308 1958 707 2015 hystoriographa.
730 1956 799 2002 Sit
821 1956 956 1999 etiam
979 1958 1238 2012 praefectus
1258 1970 1411 2000 rerum
1429 1954 1730 2011 spiritualium
1749 1960 1794 1997 et
1812 1953 1947 1996 noui-

311 2037 476 2079 tiorum
502 2037 554 2078 P.
584 2036 775 2078 loannes
798 2033 1046 2078 Lamberti.

400 2114 454 2157 P.
495 2112 728 2163 Nicolaus,
768 2118 932 2155 rector:
974 2109 1283 2163 concionator,
1316 2109 1621 2153 confessarius
1659 2115 1704 2152 et
1732 2106 1948 2150 consilia-

313 2190 405 2232 rius
427 2188 740 2245 prouincialis.

400 2267 454 2312 P.
480 2266 743 2309 Leonardus
765 2267 794 2319 ¹,
820 2265 1024 2310 minister
1045 2272 1092 2308 et
1113 2263 1419 2308 confessarius
1441 2271 1487 2308 et
1509 2261 1810 2306 consiliarius.

403 2342 657 2387 Consiliarii
681 2342 886 2386 rectoris:
917 2345 972 2387 P.
1020 2343 1300 2395 Leonardus,
1335 2343 1390 2384 P.
1423 2342 1617 2384 Ioannes
1649 2338 1881 2384 Lamberti
1904 2344 1949 2380 et

317 2423 367 2464 P.
398 2420 764 2470 Bartholomeus,
791 2426 836 2462 et
859 2419 1129 2479 admonitor,
1157 2418 1377 2463 minister.

406 2498 456 2540 P.
480 2497 670 2539 Ioannes
692 2496 917 2538 Lamberti
935 2496 1019 2539 erit
1037 2495 1218 2552 quidem
1244 2495 1500 2551 praefectus
1523 2493 1895 2538 commensalium
1913 2499 1946 2544 ³,
2003 2519 2006 2523 ›

313 2575 458 2618 donec
476 2573 685 2617 videatur
708 2573 874 2615 rectori
898 2573 1175 2616 moderatius
1198 2579 1390 2616 tractare
1413 2580 1457 2616 et
1477 2571 1634 2615 maiori
1660 2585 1765 2614 cum
1783 2569 1947 2626 gratia;

387 2722 404 2738 a
431 2710 751 2746 commessalium
772 2722 841 2748 ms,

391 2814 400 2833 ¹
453 2810 715 2846 probabiliter
745 2810 860 2856 hujus
891 2811 1016 2847 Patris
1047 2823 1264 2858 cognomen
1295 2817 1356 2847 est
1375 2811 1573 2858 Villarius,
1596 2810 1739 2857 dequo
1763 2809 1811 2844 P.
1845 2809 1951 2843 DEL-
1986 2795 2013 2846 ξ

317 2879 468 2915 PLACE,
488 2871 562 2905 loc.
582 2869 664 2916 cit.,
687 2870 782 2904 haec
809 2876 981 2905 annotat:
1004 2870 1204 2906 «Leonard
1223 2870 1410 2906 Divillers
1434 2862 1665 2915 (Villari'us)‚
1685 2871 1734 2904 ne
1764 2867 1786 2903 ἐι
1804 2867 1952 2903 Dinant

320 2940 408 2964 vers
431 2929 533 2975 1526,
555 2928 678 2964 admis
697 2928 718 2963 ὲ
743 2928 920 2981 Cologne
939 2941 987 2964 en
1010 2938 1111 2974 1555,
1135 2936 1234 2966 mort
1251 2930 1272 2965 a
1291 2929 1460 2965 Tournai
1485 2941 1535 2964 en
1559 2928 1686 2974 1585.»
1711 2927 1754 2963 In
1773 2927 1953 2972 catalogo
2001 2959 2005 2961 .

317 2989 532 3024 coloniensi
551 2988 641 3024 anni
664 2987 754 3032 1563
773 2987 875 3024 idem
894 2988 1035 3024 dicitur
1055 2990 1231 3026 minister
1250 2990 1354 3026 illius
1379 2988 1550 3035 collegii.
1573 2988 1634 3025 Cf.
1654 2988 1850 3033 HANSEN,
1876 2987 1951 3022 loc.
1991 2978 1997 2994 ²

326 3047 410 3094 cit.,
432 3059 523 3094 pag.
547 3047 632 3092 780.
