2028 3426
322 215 392 261 284
794 214 948 250 PA-rms
975 214 1219 248 HissRoNYm
1247 210 1397 247 NADAL

276 318 439 370 fectus,
465 326 515 360 ut
539 317 697 360 Patres
719 323 763 359 et
789 317 947 358 fratres
970 316 1136 357 deuote
1158 313 1267 356 dent
1288 326 1470 368 operam
1494 311 1705 364 orationi,
1731 317 1775 353 et
1804 324 1909 366 pro-

275 394 482 438 uincialis
504 394 548 437 id
571 402 698 437 curet
720 391 1065 449 diligentissime
1088 390 1133 432 in
1157 389 1366 432 omnibus
1389 388 1610 445 collegiis.

365 473 466 515 Hoc
490 486 608 514 anno
632 486 724 513 non
753 470 991 513 inchoetur
1013 481 1175 511 cursus
1197 481 1362 519 nouus,
1388 467 1468 509 sed
1490 472 1790 522 prosequatur
1812 479 1906 506 ma-

275 549 417 605 gister
439 548 728 591 Christianus
751 561 933 589 cursum
962 544 1103 588 Pauli.

365 625 413 669 Si
452 633 630 681 tempus
668 626 784 666 ferat
817 630 861 665 et
894 621 1249 677 occuppationes
1286 620 1568 665 necessariae
1600 619 1906 669 sacerdotum,

278 705 330 746 P.
360 702 463 745 Pais
492 704 499 723 ¹
532 701 695 758 poterit
723 700 792 742 bis
816 700 887 743 uel
912 699 1051 742 semel
1080 698 1125 740 in
1155 698 1443 742 hebdomada
1471 698 1641 741 habere
1668 696 1909 740 lectionem

274 794 464 822 casuum
489 777 816 821 conscienciae.

366 856 414 900 Si
445 858 530 898 hoc
563 871 651 897 non
682 854 839 910 possit,
872 854 1030 897 saltem
1060 853 1258 898 habeant
1280 852 1473 909 singulis
1494 851 1791 896 hebdomadis
1813 851 1908 894 col—

276 933 527 989 latio[ne1n]
551 933 624 974 uel
647 930 1056 988 disceptatio[nem]
1086 931 1143 974 de
1170 929 1351 973 casibus
1378 928 1707 980 conscienciae,
1740 927 1910 984 praesi-

276 1011 333 1052 de
361 1010 553 1066 ipsomet
583 1011 633 1051 P.
671 1003 789 1051 Pais.
824 1009 983 1050 Potest
1011 1006 1247 1051 intermitti
1274 1006 1408 1051 lectio
1438 1005 1785 1049 mathematices
1822 1006 1912 1048 hoc

279 1095 495 1142 tempore.

371 1163 562 1206 Videtur
586 1165 672 1205 hoc
693 1162 827 1206 etiam
851 1161 1148 1215 conueniens,
1169 1169 1219 1203 ut
1240 1175 1402 1204 cursus
1419 1159 1729 1217 philosophiae
1746 1159 1911 1203 abbre-

280 1240 477 1292 uientur,
515 1248 559 1282 et
598 1246 719 1282 totus
752 1253 914 1281 cursus
945 1239 1208 1282 absoluatur
1240 1237 1423 1281 biennio
1454 1252 1558 1281 cum
1591 1236 1792 1290 dimidi03
1827 1250 1912 1280 nec

280 1325 431 1361 tamen
456 1318 634 1373 legatur
654 1317 802 1372 logica
824 1316 897 1359 uel
921 1315 1123 1372 physica,
1149 1322 1238 1360 etc.
1264 1330 1341 1372 per
1364 1314 1646 1371 compendia.

368 1397 432 1437 Ex
458 1394 559 1446 illis,
587 1409 701 1449 quos
723 1407 812 1450 ego
834 1393 1108 1437 constituam
1133 1393 1177 1435 in
1203 1382 1632 1436 ministeridhorum
1656 1391 1789 1433 trium
1815 1391 1908 1434 col-

276 1472 517 1528 legiorum,
545 1472 696 1514 nullus
719 1471 923 1513 mittatur
945 1471 990 1513 in
1016 1471 1249 1514 Poloniam
1275 1471 1345 1514 uel
1374 1469 1419 1512 in
1449 1454 1580 1512 aliam
1610 1468 1908 1525 prouinciam,

277 1549 545 1604 praesertim
569 1549 605 1591 si
628 1548 702 1592 alii
724 1548 938 1591 substitui
961 1549 1197 1592 commode
1220 1562 1310 1590 non
1333 1554 1532 1603 possent.

367 1626 530 1669 Omnis
552 1640 662 1668 cura
684 1634 729 1669 et
751 1625 986 1682 diligentia
1015 1625 1298 1677 adhibeatur,
1326 1632 1376 1667 ut
1407 1624 1451 1667 in
1480 1623 1838 1668 recreationibus
1866 1632 1911 1666 et

277 1703 512 1757 colloquiis
534 1705 723 1745 fratrum
747 1703 959 1745 omnibus
982 1704 1250 1746 obseruetur
1273 1702 1525 1757 catalogus,
1551 1708 1596 1745 et
1618 1701 1707 1743 sint
1730 1700 1908 1753 sindici,

278 1781 334 1821 ad
358 1794 549 1835 quorum
573 1794 727 1824 ueram
751 1779 1013 1823 relationem
1037 1787 1081 1823 et
1104 1786 1377 1834 compertam
1401 1779 1565 1821 dentur
1588 1776 1908 1834 poenitentiae;

276 1864 321 1899 et
345 1859 381 1899 si
405 1857 462 1899 sit
486 1871 740 1910 necessum,
768 1872 912 1912 usque
943 1858 999 1899 ad
1021 1871 1136 1913 pura
1163 1855 1401 1908 naturalia;
1435 1856 1559 1910 quod
1582 1854 1619 1898 si
1649 1869 1740 1897 non
1768 1853 1910 1897 corri-

278 1942 512 1989 gerentur,
539 1934 806 1978 adhibeatur
823 1949 959 1990 opera
977 1933 1254 1985 confessarii,
1278 1941 1325 1975 ut
1344 1933 1473 1984 solet,
1494 1946 1610 1987 quae
1627 1932 1762 1974 etiam
1782 1930 1910 1974 adhi—

279 2010 373 2053 beri
397 2012 532 2054 debet
555 2012 611 2054 ad
633 2011 742 2054 alias
763 2010 1130 2067 imperfectiones
1152 2009 1461 2066 corrigendas

370 2088 498 2130 Vltra
534 2088 798 2130 exercitium
837 2087 1150 2143 quotidianum
1189 2094 1234 2131 et
1267 2086 1481 2130 usitatum
1515 2086 1561 2129 in
1594 2085 1839 2138 Societate,
1874 2084 1912 2128 si

281 2164 390 2220 quid
414 2173 645 2220 praeterea
667 2165 870 2209 exercitii
892 2164 1136 2221 corporalis
1152 2171 1220 2209 est
1238 2165 1436 2207 dandum
1456 2163 1686 2217 fratribus,
1706 2163 1762 2205 ad
1781 2163 1912 2206 robo-

281 2242 444 2284 randas
470 2242 604 2294 uires,
631 2243 703 2286 uel
726 2243 1073 2298 recuperandas,
1098 2241 1143 2284 id
1165 2242 1244 2284 fiat
1265 2257 1320 2285 ex
1343 2240 1530 2284 consilio
1553 2239 1730 2284 medici.

371 2320 520 2361 Locus
542 2318 616 2361 ille
645 2334 781 2374 supra
810 2320 951 2362 molas
979 2333 1003 2361 a
1033 2319 1243 2361 columna
1271 2317 1476 2370 interius,
1508 2318 1784 2360 concedatur
1815 2316 1912 2359 col-

283 2394 539 2450 legialibus.

371 2471 446 2514 Bis
471 2472 514 2514 in
539 2474 822 2516 hebdomada
845 2474 1113 2516 comedatur
1135 2472 1264 2529 panis
1287 2486 1461 2524 recens,
1488 2485 1578 2514 non
1609 2470 1910 2526 frequentius.

370 2549 659 2591 Concedatur
681 2549 749 2603 4³
773 2566 877 2606 pars
898 2549 1019 2593 horti
1042 2563 1201 2592 uersus
1222 2551 1407 2601 flumen,
1436 2550 1508 2591 uel
1530 2548 1665 2592 etiam
1692 2546 1761 2602 3.²
1789 2561 1910 2602 pars,

279 2625 592 2681 collegialibus
620 2628 814 2670 honesto
843 2627 988 2683 pretio
1013 2627 1085 2671 uel
1115 2640 1272 2678 censu,
1298 2633 1343 2668 et
1366 2640 1419 2670 eo
1442 2624 1736 2682 egrediantur
1758 2624 1816 2666 ad
1839 2638 1911 2667 re-

277 2702 569 2756 creationem,
597 2703 657 2746 ita
681 2711 829 2748 tamen
853 2713 903 2746 ut
935 2718 1168 2760 nunquam
1201 2717 1249 2746 se
1282 2703 1502 2747 misceant
1534 2700 1716 2753 nostris,
1753 2707 1905 2744 erecto

283 2779 486 2820 tabulato
509 2779 553 2820 in
578 2780 725 2822 medio
748 2781 804 2823 ab
828 2780 951 2836 ipsis.

349 2969 356 2988 ¹
411 2973 469 3003 De
489 2979 534 3003 eo
552 2969 697 3004 dictum
717 2975 777 3005 est
796 2969 835 3005 in
854 2970 983 3017 Epist.
1005 2971 1053 3009 P.
1075 2970 1227 3015 Nadal,
1247 2971 1308 3013 111,
1339 2970 1507 3018 saepius.
1534 2969 1640 3005 Illius
1665 2975 1794 3005 autem
1824 2979 1913 3004 exa·

278 3038 365 3061 men
386 3028 548 3063 habetur
569 3028 606 3062 in
627 3030 703 3063 vol.
724 3029 770 3071 ΙΙ,
793 3038 875 3073 554.
