2028 3426
366 225 516 270 DrcTA‚
546 233 599 259 Ex
626 224 878 261 SOCIETATIS
904 228 1115 265 PATfflssus
1142 232 1461 275 COLLECTA—65
1609 231 1678 276 637

185 322 301 368 26ον
324 324 580 379 Aliquando
603 340 657 368 ex
679 325 1045 382 pusillanimitate
1067 337 1111 371 et
1133 330 1362 374 debilitate
1385 332 1567 387 spiritus
1597 333 1725 377 debi-

96 398 252 442 litatur
273 414 436 456 corpus
461 408 679 455 nostrum3
705 417 730 445 e
752 411 908 446 contra
930 419 986 447 ex
1009 404 1270 448 fortitudine
1293 407 1428 449 animi
1458 409 1724 451 fortificatus

98 489 263 531 corpus
286 484 506 530 nostrum;
534 493 672 533 quare
695 479 740 521 in
762 480 993 523 laboribus
1015 482 1232 524 debemus
1254 483 1446 526 abiicere
1469 499 1647 528 omnem
1671 487 1726 527 ti-

98 567 285 605 morem,
321 550 736 609 pusillanimitatem
773 565 817 599 et
853 557 1127 611 huiusmodi3
1169 574 1272 601 nam
1310 560 1493 616 spiritus
1530 563 1727 617 portabit

102 643 264 684 corpus
289 638 510 673 nostrum.

188 706 420 749 Debemus
448 722 531 750 nos
559 709 725 753 habere
754 709 873 752 circa
900 710 1105 754 homines
1133 711 1176 753 in
1205 712 1307 754 cibo
1336 720 1380 756 et
1415 720 1522 768 potu
1556 721 1600 757 et
1634 716 1729 756 col-

100 781 278 836 loquiis,
304 798 393 825 non
418 790 645 838 tamquam
669 786 874 830 uolentes
898 793 947 828 ut
968 789 1164 842 probent
1187 803 1268 831 nos
1290 788 1462 845 lingua,
1495 790 1572 832 sed
1604 790 1730 833 aedi-

100 859 290 902 ficantes
311 860 631 904 conscientiam
655 861 847 905 illorum.
875 864 991 907 Sunt
1012 864 1131 906 enim
1156 865 1293 920 aliqui
1310 866 1600 921 respicientes
1619 881 1730 909 con-

101 934 295 979 ditiones
317 936 566 980 hominum:
597 939 742 981 solent
764 953 811 982 se
833 939 895 982 ita
917 954 1092 995 gerere,
1119 948 1174 983 utv
1190 941 1410 985 uelintab
1433 942 1530 985 aliis
1553 942 1731 999 probari

42 1046 43 1050 ,
102 1018 334 1066 tamquam
372 1013 572 1056 affabiles
605 1021 650 1058 et
686 1016 886 1069 humani;
922 1025 966 1059 et
997 1017 1256 1060 huiusmodi
1288 1034 1377 1061 non
1411 1027 1500 1061 tam
1536 1034 1584 1063 re
1617 1034 1726 1062 uera

102 1088 342 1131 aedificant
364 1090 686 1134 conscientiam
709 1091 902 1145 illorum,
928 1094 984 1136 ad
1002 1108 1136 1148 quam
1160 1095 1451 1151 respicientes
1473 1096 1545 1138 alii
1568 1096 1630 1139 ita
1649 1110 1728 1138 cu-

103 1172 203 1207 rant
225 1165 395 1218 viuere,
423 1173 472 1208 ut
494 1168 591 1211 Deo
614 1167 700 1224 ipsi
721 1176 765 1211 et
787 1168 849 1211 illi
872 1184 1046 1225 semper
1071 1172 1292 1226 placeant,
1318 1172 1393 1227 qui
1411 1173 1592 1227 quidem
1614 1188 1732 1216 sem⁴

103 1256 198 1297 per,
224 1243 345 1296 quod
368 1250 540 1285 rectum
563 1251 608 1286 et
630 1244 799 1288 bonum
821 1253 905 1298 est,
932 1261 1019 1289 non
1045 1254 1192 1303 potest
1215 1263 1304 1291 non
1329 1249 1528 1293 laudare.

193 1320 389 1373 Quando
406 1319 686 1375 ingredimur
701 1321 932 1366 ciuitatem
951 1323 1151 1378 aliquam
1164 1339 1244 1367 seu
1262 1326 1492 1380 oppidum,
1511 1327 1730 1369 debemus

102 1394 316 1439 inuocare
338 1397 540 1452 angelos,
566 1399 865 1454 archangelos
883 1407 927 1443 et
944 1408 1126 1446 sanctos
1144 1408 1188 1443 et
1206 1409 1417 1457 patronos
1435 1402 1554 1445 illius
1572 1403 1733 1445 ciuita-

105 1471 160 1513 tis
183 1486 263 1515 seu
287 1472 454 1528 oppidi,
480 1474 728 1519 salutantes
749 1475 848 1518 illos
865 1485 909 1519 et
926 1476 1190 1521 inuocantes
1207 1478 1252 1520 in
1271 1486 1474 1521 nostrum
1493 1480 1726 1532 auxilium,

104 1562 155 1591 ac
178 1548 215 1591 si
238 1548 410 1603 aliquos
434 1550 638 1593 homines
662 1551 974 1596 inuiseremus.
996 1555 1060 1597 Ita
1079 1568 1181 1596 cum
1199 1554 1263 1597 eis
1282 1555 1502 1598 debemus
1521 1556 1732 1612 colloqui,

105 1633 150 1669 et
171 1626 402 1681 deprecari
425 1626 522 1669 illos
544 1642 624 1683 pro
647 1628 829 1673 ciuitate
852 1644 930 1672 seu
954 1630 1134 1686 oppido,
1161 1633 1282 1686 quod
1304 1632 1348 1674 in
1369 1647 1523 1675 curam
1542 1634 1730 1686 habent,

107 1709 158 1744 ut
189 1702 330 1744 uelint
358 1702 467 1745 illud
496 1719 669 1758 regere,
702 1707 958 1761 gubernare
986 1714 1030 1751 et
1062 1707 1342 1753 intercedere
1374 1710 1621 1752 Dominum
1654 1724 1734 1765 pro
1764 1751 1767 1754 .

109 1778 201 1831 illo,
227 1786 278 1821 ut
298 1780 480 1823 'moueat
502 1781 637 1824 corda
659 1782 715 1823 ad
737 1782 1046 1838 penitentiam,
1071 1792 1178 1838 etC.;
1200 1800 1337 1841 agere
1359 1786 1528 1842 gratias
1552 1801 1631 1841 pro
1655 1787 1735 1830 be-

113 1855 285 1899 neficiis
308 1855 481 1899 collatis
503 1856 588 1899 illis
616 1858 834 1913 partibus,
865 1874 946 1915 pro
976 1860 1211 1915 fructibus,
1244 1850 1324 1917 pro
1352 1863 1551 1914 flumine,
1578 1870 1622 1906 et
1656 1877 1737 1918 pro

116 1931 391 1985 huiusmodi,
422 1933 751 1977 considerando
779 1950 912 1990 quam
943 1937 1071 1979 multi
1099 1937 1204 1990 sint,
1229 1938 1307 1993 qui
1329 1939 1478 1982 omnia
1501 1939 1575 1982 illa
1597 1941 1737 1983 bene-

112 2008 214 2051 ficia
236 2008 471 2068 recipiant,
497 2018 542 2052 et
565 2025 697 2065 quam
720 2012 868 2067 pauci,
895 2013 971 2068 qui
994 2013 1067 2056 illa
1096 2023 1440 2070 recognoscant,
1467 2030 1603 2071 agere
1633 2029 1735 2071 gra—

111 2084 197 2128 tias
221 2085 418 2128 Domino
441 2094 459 2111 ἃ
481 2086 663 2130 nomine
686 2088 905 2134 omnium.

202 2163 397 2217 Quando
428 2162 635 2206 uidemus
663 2164 836 2219 aliquos
864 2165 1048 2221 ignotos
1076 2166 1122 2209 in
1152 2167 1239 2220 via,
1266 2168 1439 2211 etiamsi
1471 2168 1633 2210 milites
1665 2170 1736 2211 uel

111 2238 185 2280 alii
219 2239 425 2282 homines
457 2240 561 2292 sint,
596 2255 688 2282 non
726 2242 943 2285 debemus
979 2243 1215 2287 admittere
1244 2245 1524 2299 suspiciones
1560 2245 1734 2299 aliquas

112 2322 270 2358 contra
292 2315 406 2369 illos,
427 2316 506 2359 sed
530 2316 735 2372 cogitare
758 2317 855 2360 illos
877 2319 1023 2362 bonos
1045 2333 1159 2372 esse,
1186 2328 1231 2364 et
1254 2322 1369 2364 bene
1392 2321 1626 2375 imprecari
1651 2320 1737 2362 illis

113 2391 277 2444 animo,
299 2399 344 2435 et
367 2393 698 2447 quodammodo
720 2394 835 2436 vniri
852 2409 954 2437 cum
977 2379 1063 2438 illis
1084 2396 1265 2439 vinculo
1290 2396 1519 2439 charitatis
1542 2405 1585 2440 et
1608 2411 1736 2438 amo-

113 2467 189 2521 ris,
215 2475 259 2510 et
281 2468 345 2510 sic
370 2468 597 2524 fugiemus
620 2468 637 2493 ¹³
659 2469 862 2514 timorem
886 2478 929 2514 et
948 2470 1111 2514 iudicia
1135 2472 1371 2515 temeraria
1394 2481 1437 2515 et
1461 2472 1734 2523 huiusmodi3

112 2551 158 2587 et
181 2544 218 2587 si
240 2544 348 2599 quid
370 2544 537 2587 sinistri
561 2546 822 2598 occurrerit,
848 2562 937 2589 non
960 2548 1177 2592 debemus
1200 2548 1273 2591 illa
1297 2548 1495 2603 recipere
1526 2556 1736 2602 tanquam

115 2622 172 2663 ab
194 2620 393 2673 homine,
419 2622 499 2665 sed
522 2629 735 2678 tanquam
759 2638 784 2665 a
806 2625 920 2676 Deo,
941 2623 1037 2666 sine
1061 2624 1190 2667 cuius
1208 2626 1441 2667 uoluntate
1462 2625 1571 2665 nihil
1590 2631 1739 2679 potest

115 2697 244 2740 nobis
277 2697 560 2754 contingere,
586 2706 631 2741 et
663 2699 726 2742 sic
760 2699 1038 2755 accipiendo,
1071 2708 1283 2757 tanquam
1318 2717 1342 2743 a
1370 2715 1504 2742 manu
1538 2700 1735 2751 Domini,

114 2774 334 2816 debemus
357 2774 577 2829 patienter
600 2783 643 2819 et
667 2776 990 2830 aequanimiter
1013 2777 1250 2821 sustinere.

202 2850 253 2892 In
277 2850 437 2905 triplici
460 2851 710 2895 differentia
732 2860 838 2895 sunt
862 2855 998 2895 uerba
1021 2861 1187 2896 nostra:
1210 2854 1282 2896 uel
1301 2860 1610 2907 representant
1628 2867 1739 2894 con-

188 3025 205 3042 a
254 3015 427 3051 Domine
447 3028 516 3052 ms.
571 3019 634 3043 -11
655 3017 909 3053 Emendatum
930 3030 950 3052 a
970 3019 1057 3052 Nat.
1080 3030 1125 3052 ex
1139 3018 1398 3064 fugeremus.
