2028 3426
672 225 1050 260 INSTRUCTJONES—
1059 224 1100 258 61
1584 233 1651 269 515

70 338 176 366 cum
199 325 320 366 omni
343 325 614 368 rectitudine
637 318 694 368 sit
711 325 823 368 ratio
841 324 1124 381 gubernandi
1142 325 1317 376 efficax,
1338 332 1473 379 atque
1490 325 1696 368 immobi-

74 400 127 443 lis
149 400 193 442 in
217 400 494 454 vniuemum,
518 409 564 444 et
585 415 701 456 quae
723 415 827 444 curn
851 403 940 445 fine
962 408 1220 446 constanter
1242 408 1376 456 atque
1399 401 1698 457 magnanimi-

73 483 142 520 ter
162 477 480 533 coniungatur.
508 478 644 533 Quod
667 493 773 520 vero
796 479 852 520 ad
881 478 1096 529 suauiter‚
1132 484 1180 519 vt
1208 477 1254 519 in
1282 477 1626 533 particularibus
1655 486 1700 520 et

74 568 222 597 rerum
268 568 349 596 vsu
391 553 660 596 adhibeatur
702 554 970 606 moderatio,
1017 553 1358 610 longanimitas,
1403 553 1694 605 sustinentia,

72 629 246 685 epiekia
269 644 320 672 ac
343 630 632 684 dispensatio,
663 630 788 672 iuxta
817 631 938 685 quod
965 630 1176 686 expedire
1203 629 1446 674 videbitur.
1477 631 1701 672 Nonnun-

74 721 210 761 quam
240 721 346 748 vero
373 706 655 749 dissimulare
684 707 832 761 aliqua
860 707 944 749 erit
974 707 1097 758 vtile,
1127 707 1174 749 in
1199 706 1423 761 aliquibus
1444 706 1699 761 indulgere,

74 783 119 824 in
139 782 364 837 aliquibus
381 783 761 835 condescendere,
783 790 830 824 vt
848 783 1070 826 Dominus
1087 783 1266 825 docebit
1284 782 1556 837 superiores.
1576 783 1703 824 Haec

76 873 185 901 vero
212 858 414 901 suauitas
441 858 677 914 dirigenda
706 874 882 914 semper
913 867 981 903 est
1013 860 1070 902 ad
1100 859 1220 906 illam
1253 859 1580 911 fortitudinem,
1616 873 1705 913 quo

77 935 258 978 tandem
296 942 342 977 et
378 936 537 978 melius
575 935 832 977 institutum
869 935 1106 979 Societatis
1137 937 1420 986 obseruetur,
1458 943 1504 978 et
1532 942 1706 977 certum

79 1012 215 1053 finem
247 1011 367 1054 illius
395 1025 740 1066 consequamur.
777 1011 984 1055 Emineat
1012 1026 1120 1054 vero
1148 1012 1193 1054 in
1225 1011 1346 1054 omni
1377 1011 1709 1067 gubernatione

79 1088 272 1130 formula
308 1087 621 1143 benignitatis,
661 1088 1038 1140 mansuetudinis,
1078 1087 1401 1142 charitatisque
1438 1087 1625 1141 Christi,
1667 1095 1711 1131 et

77 1165 384 1220 apostolorum
416 1163 540 1208 Petri
563 1172 607 1208 et
632 1165 778 1216 Pauli,
806 1163 970 1220 [quam]
1003 1165 1048 1207 in
1081 1165 1324 1220 diplomate
1356 1164 1711 1207 confirmationis

83 1241 359 1296 accepimus.

85 1359 165 1400 4¹8
729 1368 789 1397 DE
812 1368 1066 1397 CUBICULIS

178 1475 413 1518 Habeatur
441 1487 557 1527 aqua
585 1473 823 1515 benedicta
851 1472 895 1514 in
926 1472 1088 1527 quouis
1115 1473 1347 1524 cubiculo,
1381 1480 1424 1516 et
1455 1472 1590 1516 etiam
1614 1472 1716 1528 piae

88 1549 334 1606 imagines,
358 1550 516 1594 saltem
539 1564 642 1592 vna.

179 1626 445 1682 Superiores
466 1633 512 1673 et
533 1634 847 1682 procuratores
869 1628 997 1669 claue
1027 1633 1209 1671 teneant
1238 1641 1319 1669 sua
1348 1627 1556 1668 cubicula
1585 1628 1718 1669 obse-

89 1710 202 1751 rata:
225 1703 413 1746 ministri
433 1703 540 1748 item
559 1711 603 1747 et
621 1703 917 1746 subministri.
939 1703 1142 1746 Aliorum
1161 1704 1329 1755 nullus,
1350 1704 1421 1746 vel
1439 1703 1717 1754 cubiculum,
1765 1738 1769 1742 .

90 1781 161 1822 vel
185 1794 350 1831 arcam,
376 1781 445 1822 vel
469 1780 683 1822 scrinium
708 1780 892 1825 habebit
913 1781 1133 1831 clausum,
1160 1781 1231 1822 vel
1254 1780 1495 1835 quicquam
1519 1780 1718 1831 omnino;

90 1856 441 1911 exquisitissime
462 1864 612 1899 autem
637 1856 906 1910 inquiratur,
931 1857 968 1899 si
998 1856 1106 1911 quid
1129 1857 1318 1900 fortasse
1346 1856 1478 1908 desit,
1512 1863 1556 1899 et
1586 1870 1719 1899 seue-

94 1932 267 1976 rissime
289 1932 538 1988 castigetur
560 1941 593 1977 a.

744 2059 804 2088 DE
830 2058 1035 2089 VESTITU
1060 2045 1071 2070 ¹

185 2165 348 2206 Vestes
370 2169 628 2205 nostrorum
652 2163 927 2206 domesticae
949 2178 1004 2206 ex
1027 2163 1235 2208 crassiori
1256 2163 1406 2218 aliquo
1429 2179 1578 2220 panno
1595 2165 1721 2215 fiant,

98 2254 186 2282 non
211 2240 389 2295 quidem
413 2240 548 2295 nigri,
568 2241 648 2283 sed
674 2240 827 2282 viridis
849 2240 1082 2283 cuiusdam
1106 2240 1122 2265 ¹³
1145 2240 1322 2291 coloris,
1348 2241 1424 2295 qui
1449 2256 1544 2283 mos
1568 2241 1651 2283 fuit
1680 2241 1724 2282 in

98 2317 324 2370 Societate
347 2331 371 2358 a
398 2319 447 2359 Ρ.
481 2317 656 2372 Ignatio
686 2331 825 2370 Vsque
854 2324 884 2367 ἣ
911 2325 1004 2368 aut,
1036 2317 1070 2358 si
1102 2317 1149 2358 hi
1171 2318 1347 2360 colores
1369 2317 1501 2360 facile
1532 2317 1723 2359 inueniri

99 2400 351 2447 nequeunt,
383 2392 473 2443 sint
494 2393 688 2435 alterius
717 2393 950 2435 cuiusdam
981 2393 1180 2444 honesti,
1212 2400 1260 2434 vt
1292 2393 1579 2448 prouincialis
1617 2407 1716 2436 cen-

99 2469 275 2513 suerit.-

171 2617 187 2633 a
222 2614 264 2640 10
288 2607 357 2641 ult.
385 2607 504 2652 verba
529 2605 660 2640 addita
687 2605 894 2650 posterius.
947 2607 1012 2632 —b
1044 2605 1087 2639 111
1115 2604 1209 2640 Cod.
1241 2606 1362 2640 Vatic.
1392 2615 1410 2650 3
1435 2606 1529 2639 haec
1561 2614 1581 2638 2
1609 2605 1728 2639 verba

102 2664 326 2699 emendavit
356 2665 454 2699 Nat.¹
480 2665 528 2698 ex
556 2664 725 2698 uiolacez'
750 2667 822 2697 aut
848 2663 1044 2701 cinericii.
1095 2673 1159 2690 —c
1187 2665 1293 2698 Haec
1314 2665 1383 2701 ult.
1409 2675 1430 2707 9
1456 2664 1574 2697 verba
1599 2663 1728 2697 addita

103 2730 192 2758 sunt
211 2724 249 2758 in
272 2722 366 2758 Cod.
397 2724 520 2758 Vatic.
545 2733 560 2766 3
581 2735 601 2757 a
621 2723 711 2759 Nat.

176 2842 182 2861 ¹
236 2840 349 2875 Edita
367 2846 427 2875 est
445 2841 539 2875 haec
558 2840 775 2882 instructio,
795 2840 972 2886 quamvis
991 2852 1066 2875 non
1086 2841 1253 2884 integre,
1273 2851 1293 2873 a
1313 2839 1355 2874 P.
1376 2840 1729 2883 BRAUNSBERGER,

104 2901 177 2937 loc.
197 2899 281 2944 cit.‚
301 2899 370 2944 IV,
389 2898 558 2942 348-3494
579 2899 693 2933 Plura
712 2899 750 2933 in
770 2904 901 2933 nostro
920 2900 1100 2944 exemplo
1119 2897 1323 2932 emendata
1350 2898 1412 2931 vel
1435 2903 1547 2931 aucta
1571 2899 1620 2932 ab
1646 2896 1731 2942 ipso

106 2959 149 2995 P.
178 2958 305 2993 Natali
331 2958 590 3003 reperiuntur,
610 2969 658 2992 ex
678 2958 724 2992 iis
742 2969 840 3003 quae
866 2969 996 3003 supra,
1022 2969 1110 3003 pag.
1136 2956 1219 3001 408,
1249 2962 1379 2990 annot.
1406 2964 1433 3000 1,
1460 2955 1732 2990 animadverti-

108 3029 206 3052 mus.
227 3017 458 3061 Praeeipuas
476 3015 756 3062 discrepantias
773 3017 924 3062 proprio
943 3017 1026 3050 loco
1046 3022 1241 3049 notamuS.
