2028 3426
356 254 422 291 180
823 255 977 291 PATms
1003 255 1246 289 HIERONYMI
1273 253 1423 288 NADAL

307 357 429 401 Hinc
452 373 608 402 rursus
629 358 881 402 ostenditur
905 364 1061 400 uotum
1085 357 1272 399 solenne
1293 369 1392 398 esse
1415 369 1518 398 cum
1541 356 1741 411 perfecta
1763 354 1946 401 ratione.
1996 394 1997 400 ,

307 434 537 480 seminarii
559 436 872 490 conjunctum.
1932 479 1935 483 ,

397 513 526 555 Haec
550 511 764 564 breuiter,
791 511 943 566 quoad
966 509 1062 554 eius
1085 508 1182 552 fieri
1204 508 1368 564 potuit,
1388 509 1445 553 de
1466 508 1710 553 Societatis
1727 507 1947 558 ,institut-2

309 588 431 632 dicta
452 589 542 631 sint
564 603 645 644 pro
668 602 808 631 causa
831 586 1075 643 praesenti,
1107 585 1261 628 multis
1289 585 1631 641 praetermissis3
1663 583 1784 630 vnde
1810 585 1920 631 intel
1945 603 1956 622 .·,

308 665 387 722 ligi
412 665 554 722 possit
578 680 667 708 non
692 679 792 707 esse
815 679 898 706 nos
923 671 1111 706 uocatos
1131 663 1187 706 ad
1211 664 1398 705 chorum
1423 662 1700 715 habendum;
1731 677 1820 705 non
1843 676 1945 706 ess¹

312 743 428 786 inter
454 757 552 794 nos,
579 741 655 797 qui
679 744 866 784 chorum
893 739 1009 784 tueri
1031 739 1220 795 possint;
1246 738 1617 795 impedimentum
1637 740 1732 782 fore
1753 741 1896 782 choru
1941 769 1949 779 .

312 828 566 862 nostrarum
592 818 873 862 functionum
903 826 947 861 et
978 815 1097 869 finis,
1129 817 1185 858 ad
1216 831 1350 872 quem
1383 824 1452 860 est
1483 815 1690 859 instituta
1722 807 1950 860 Societas='

315 898 389 939 fiet
420 897 556 947 enim,
590 903 639 938 ut
670 895 827 947 nostri,
868 894 1037 938 relictis
1078 893 1149 936 uel
1188 892 1566 946 confessionibus,
1608 893 1682 936 uel
1719 892 1818 935 aliis
1855 900 1898 936 ta
1944 925 1953 937 ν

314 973 448 1016 uariis
478 971 735 1015 ministeriis
762 970 1019 1022 Societatis,
1051 969 1096 1012 in
1127 971 1266 1013 choro
1294 969 1384 1013 sirit
1413 969 1639 1025 occupati,
1680 977 1726 1012 et
1762 970 1944 1025 quidem

314 1051 472 1093 eodem
498 1049 574 1091 illo
597 1057 814 1104 tempore,
841 1062 930 1103 quo
954 1046 1293 1091 confessionum
1317 1046 1572 1102 frequentia
1589 1061 1689 1091 esse
1710 1047 1840 1090 solet.
1946 1095 1948 1098 y

407 1126 521 1168 Illud
544 1132 777 1181 praeterea
799 1123 952 1181 colligi
975 1130 1142 1180 potest,
1167 1138 1267 1167 esse
1289 1138 1392 1167 cum
1415 1123 1624 1166 instituto
1653 1123 1900 1167 coniunctu

314 1201 586 1254 necessario,
628 1209 677 1244 ut
714 1201 962 1245 habeamus
1000 1200 1287 1245 coadiutores
1323 1200 1591 1257 spirituales.
1630 1201 1789 1256 Neque
1828 1201 1948 1247 enim

315 1279 445 1323 aliter
482 1286 688 1322 nostrum
718 1279 853 1322 finem
893 1286 1048 1322 tenere
1085 1277 1354 1334 poterimus3
1396 1292 1498 1320 nam
1533 1277 1739 1334 professi,
1770 1286 1815 1322 et
1842 1293 1953 1321 sun

317 1359 570 1408 hactemuS,
597 1364 642 1399 et
663 1370 839 1412 semper
861 1363 995 1399 erunt
1017 1355 1153 1411 pauci
1170 1369 1225 1397 ex
1245 1354 1416 1398 ratione
1433 1354 1644 1408 instituti;
1665 1355 1955 1409 coadiutor-,

321 1449 442 1485 uero,
469 1448 571 1476 cum
596 1447 685 1475 non
708 1432 799 1475 sint
821 1432 972 1476 idonei
994 1447 1153 1477 omnes
1176 1433 1232 1475 ad
1255 1432 1599 1488 professionem,
1630 1439 1676 1476 et
1705 1432 1848 1475 uelint
1869 1447 1953 1481 sua

317 1512 548 1554 voluntate
571 1525 653 1553 nos
677 1510 850 1563 iuuare,
875 1524 978 1553 cum
1010 1510 1128 1553 uotis
1155 1509 1452 1566 simplicibus,
1490 1523 1595 1552 cum
1628 1509 1719 1554 sint
1753 1509 1875 1553 docti
1906 1525 1958 1554 ev‘

315 1587 465 1630 idonei
488 1588 543 1629 ad
568 1586 722 1628 munia
744 1586 894 1630 omnia
913 1587 1142 1638 obeunda,
1163 1586 1343 1642 quaein
1366 1588 1565 1642 parocho
1583 1586 1829 1631 desiderari
1847 1601 1928 1643 pos
1951 1615 1959 1643 5
1991 1587 1993 1590 ’

315 1672 437 1716 sunt,
463 1664 522 1706 ad
537 1664 680 1720 plura
702 1665 852 1716 etiam,
875 1663 997 1706 aliud
1021 1678 1113 1706 non
1136 1664 1265 1707 obest
1288 1662 1374 1707 nisi
1403 1663 1441 1706 si
1471 1663 1547 1719 qui
1575 1663 1876 1716 dimittentur,
1902 1677 1930 1706 u
1955 1683 1959 1714 3

315 1741 360 1783 hi
384 1756 440 1784 ne
462 1749 685 1797 cogantur
706 1740 982 1784 mendicare.
1009 1741 1148 1796 Quod
1171 1747 1322 1785 tamen
1351 1740 1397 1783 in
1432 1740 1541 1784 viris
1568 1740 1700 1784 bonis
1727 1748 1773 1792 eg
1805 1740 1955 1784 docti
1992 1775 1993 1778 η

317 1818 462 1862 timeri
486 1833 576 1861 non
598 1825 765 1874 potest3
791 1833 894 1861 nam
920 1819 992 1861 uel
1013 1819 1215 1861 scholam
1233 1817 1407 1874 aperire
1424 1825 1640 1875 poterunt
1661 1817 1851 1871 dimissi,
1879 1832 1935 1862 ue
1948 1830 1962 1867 Β,
1989 1848 1994 1853 ι

318 1895 574 1938 subseruire
612 1895 855 1951 episcopis,
898 1896 970 1938 uel
1008 1894 1239 1952 parochis,
1282 1896 1356 1939 uel
1394 1910 1494 1940 esse
1531 1895 1616 1952 ipsi
1654 1897 1855 1952 parochi.
1896 1895 1964 1939 E·-

317 1971 498 2026 quidem
524 1973 743 2016 hactenus
767 1972 942 2014 nullum
966 1971 1236 2024 dimisimus,
1263 1972 1340 2027 qui
1358 1987 1450 2016 non
1470 1972 1697 2016 inuenerit
1714 1974 1906 2017 honesta
1948 1981 1956 2002 ·³

319 2049 642 2100 conditionem,
683 2057 728 2092 et
763 2049 820 2091 ab
849 2049 1072 2105 episcopis
1100 2049 1283 2104 quidem
1313 2049 1488 2094 solicite
1518 2049 1782 2093 huiusmodi
1815 2064 1930 2106 expe
1992 2099 1994 2101 ¹

322 2133 493 2167 tuntur.
522 2125 769 2180 Loquimur
792 2134 945 2169 autem
964 2127 1022 2171 49
1041 2126 1197 2184 (¹66)v
1220 2127 1278 2171 de
1294 2127 1428 2170 bonis
1445 2126 1761 2170 sacerdotibus
1778 2142 1804 2170 a
1822 2126 1954 2170 nobi

321 2202 530 2255 dimissis3
557 2217 661 2244 narn
686 2203 742 2245 de
771 2202 883 2255 aliis,
911 2204 1068 2258 quales
1095 2218 1252 2246 omnes
1281 2203 1524 2260 religiones
1554 2203 1716 2247 eiicere
1744 2210 1934 2260 possunt

323 2279 466 2334 qualis
490 2280 640 2323 nullus
672 2282 892 2324 hactenus
928 2281 1060 2324 nobis
1097 2280 1260 2324 accidit
1296 2280 1608 2333 dimittendus,
1649 2282 1698 2323 in
1737 2282 1796 2323 iis
1832 2281 1950 2324 eni

322 2361 552 2399 vteremm‘
570 2358 671 2398 z'm‘e
689 2361 841 2399 nostro
856 2362 900 2399 vt
917 2359 1035 2400 aliae
1052 2358 1300 2415 religiones
1316 2359 1469 2410 solent,
1481 2359 1562 2402 sed
1580 2359 1636 2401 de
1653 2357 1739 2400 illis
1757 2357 1934 2414 agimus
1955 2356 1957 2358 ’

325 2433 417 2488 qui,
443 2447 545 2475 cum
570 2433 676 2476 boni
701 2434 868 2489 alioqui
892 2435 982 2477 sint
1004 2443 1049 2478 et
1073 2435 1271 2491 religiosi
1293 2436 1570 2488 sacerdotes,
1603 2442 1771 2478 tantam
1802 2442 1953 2479 tamen
1998 2490 2003 2495 .

326 2525 414 2553 non
440 2519 628 2566 possunt
650 2511 739 2567 pati
770 2513 955 2567 regulae
988 2512 1226 2568 religiosae
1257 2511 1600 2557 districtionem.
1629 2511 1692 2555 Hi
1721 2526 1830 2555 uero
1850 2519 1909 2555 cu
1953 2520 1957 2542 ,-
1988 2507 1991 2510 ’

326 2596 371 2631 et
393 2587 526 2643 pauci
561 2589 802 2631 admodum
842 2588 948 2642 sint,
980 2597 1025 2633 et
1054 2597 1267 2645 tanquam
1296 2589 1587 2634 seminarium
1616 2589 1932 2646 episcoporum

328 2672 481 2707 nostra
503 2664 719 2720 impensa,
745 2666 916 2717 labore,
942 2667 1229 2711 solicitudine
1251 2666 1438 2709 enutriti
1460 2673 1506 2710 et
1527 2666 1693 2719 edocti,
1713 2673 1759 2709 et
1775 2651 1959 2722 religio

328 2756 375 2784 se
398 2740 594 2793 educati,
621 2755 711 2783 non
733 2742 993 2786 dubitamus
1016 2743 1126 2799 quin
1153 2745 1213 2788 D.
1243 2739 1298 2790 V.
1331 2744 1473 2786 Illma.
1505 2745 1787 2786 subductura
1818 2741 1950 2786 ratio·
1990 2775 1992 2778 >

329 2833 428 2861 nem
452 2818 524 2869 sit,
546 2826 694 2860 Vtrum
714 2818 867 2861 utilius
884 2821 1100 2864 ecclesiae
1122 2821 1180 2864 sit
1204 2822 1424 2874 futurum,
1445 2822 1531 2864 hos
1549 2834 1682 2877 posse
1699 2834 1782 2863 nos
1804 2817 1932 2862 dimit

330 2903 437 2946 tere,
459 2894 674 2946 eruditos,
695 2896 855 2948 bonos,
877 2911 1060 2951 paucos,
1081 2898 1155 2952 qui
1176 2897 1348 2954 possint
1365 2900 1626 2942 subseruire
1641 2873 1878 2949 ecclesiae;
1897 2909 1952 2938 a
1995 2879 2006 2954 ξ
