2028 3426
339 234 406 270 714
811 223 965 259 PArms
991 223 1233 259 HlssRONYMl
1260 222 1411 258 NADAL

293 342 414 372 mum
438 328 483 370 in
508 328 582 371 illo
603 329 751 372 Deum
771 326 1041 391 inhabitare,
1063 325 1190 381 quasi
1208 325 1449 382 imaginem
1470 326 1621 368 viuam
1640 324 1812 368 videret
1829 325 1926 368 Tri-

294 406 459 449 nitatis.
485 410 567 451 239
591 405 706 448 Dein
730 404 853 447 visus
877 412 945 447 est
967 404 1024 445 ab
1047 402 1123 446 illo
1146 403 1298 446 induci
1322 403 1367 445 in
1391 404 1538 447 lucem
1557 403 1798 457 quamdam
1822 417 1924 446 sua—

293 483 538 534 uissimam,
564 482 610 525 in
635 497 722 538 qua
747 482 984 524 videbatur
1007 480 1091 524 sibi
1115 479 1267 523 omnia
1289 482 1409 523 bona
1432 479 1655 533 inuenire,
1676 487 1764 524 etc.

382 562 548 617 Magna
574 568 642 604 est
666 574 773 602 cura
796 573 969 610 eorum,
1003 558 1078 613 qui
1104 565 1319 614 praesunt
1347 557 1393 600 in
1423 557 1671 609 Societate,
1698 557 1921 600 habenda.

292 638 415 681 Nihil
443 637 562 680 enim
586 637 629 679 in
659 651 743 679 suo
772 650 939 691 genere
969 635 1244 679 Societatem
1276 636 1401 678 iuuat
1425 635 1586 692 magis,
1612 649 1746 690 quam
1775 633 1926 677 iudicii

293 714 457 770 proprii
487 714 746 770 abnegatio,
780 714 869 755 hoc
901 720 988 765 est,
1021 712 1279 756 obedientia
1308 713 1580 757 intellectus.
1617 713 1745 755 Haec
1776 718 1925 754 tamen

293 793 407 835 solet
431 792 473 834 in
513 790 836 847 superioribus,
867 789 1034 846 alioqui
1058 789 1212 845 probis
1250 789 1527 841 hominibus,
1556 789 1723 832 remitti
1749 803 1801 831 ac
1831 803 1927 831 cor-

296 869 458 925 rumpi,
487 868 726 911 occasione
755 874 940 922 accepta
968 882 1025 910 ex
1052 867 1260 911 libertate
1293 867 1463 919 iudicii,
1490 867 1614 922 quod
1642 865 1860 921 accipitur
1883 866 1927 908 in

294 961 376 989 sua
398 945 800 988 administratione.
828 944 949 988 Hinc
972 945 1021 986 fit
1044 952 1094 987 vt
1112 944 1286 1000 possint
1305 944 1434 987 facile
1451 942 1766 999 vnusquisque
1783 943 1929 987 redire

295 1023 340 1064 in
364 1030 569 1065 naturam
594 1037 737 1065 suam.

383 1099 592 1144 Studium
630 1098 892 1155 theologiae
921 1107 990 1143 est
1021 1098 1202 1154 triplex:
1234 1112 1374 1140 vnum
1409 1097 1759 1154 speculatiuum,
1791 1097 1926 1140 etiam

297 1178 341 1219 in
366 1178 500 1221 rebus
523 1176 750 1232 practicis3
777 1177 969 1219 alterum
995 1176 1244 1232 practicum
1274 1175 1519 1227 moraliter;
1555 1183 1650 1230 ὄψι
1680 1183 1749 1219 est
1778 1175 1930 1230 mysti-

296 1268 397 1296 cum
429 1262 472 1297 et
510 1253 758 1309 spirituale,
802 1253 1004 1296 Primum
1029 1261 1074 1297 et
1096 1254 1268 1297 habent
1305 1260 1350 1296 et
1380 1252 1425 1294 in
1454 1267 1509 1295 eo
1543 1253 1763 1308 proficere
1785 1252 1931 1295 solent

295 1331 523 1375 literarum
553 1331 762 1384 studiosi,
788 1339 833 1375 et
865 1331 988 1382 boni,
1015 1338 1058 1375 et
1083 1330 1205 1382 mali,
1238 1331 1372 1373 modo
1395 1330 1631 1386 ingenium
1661 1330 1752 1373 sint
1786 1329 1931 1372 sortiti

295 1408 735 1464 specula240tiuum‚
761 1408 806 1450 id
828 1417 914 1461 est,
934 1408 1068 1450 modo
1090 1407 1258 1462 aliquid
1276 1409 1362 1450 hac
1384 1408 1600 1450 facultate
1623 1408 1819 1450 valeant.
1848 1407 1906 1451 Se

298 1487 496 1528 cundum
521 1488 704 1537 habent,
731 1485 807 1541 qui
831 1485 1028 1541 practica
1051 1485 1093 1526 vi
1118 1486 1286 1536 valent,
1306 1484 1481 1529 etiamsi
1504 1484 1710 1540 spiritum
1730 1498 1820 1527 non
1843 1484 1932 1527 sint

295 1563 525 1618 assequuti
556 1570 602 1606 et
640 1562 758 1607 vitae
795 1562 1040 1619 spiritualis
1078 1561 1401 1618 experientiam
1437 1561 1690 1618 mysticam.
1729 1561 1931 1606 Tertium

296 1640 376 1681 soli
401 1641 569 1683 habent
592 1640 669 1691 illi,
697 1639 773 1695 qui
796 1639 955 1696 spiritu
979 1647 1086 1682 sunt
1109 1639 1154 1681 in
1178 1638 1363 1683 Christo
1392 1638 1589 1682 humiles
1618 1647 1663 1682 et
1686 1638 1929 1694 simplices;

296 1724 340 1760 et
362 1717 404 1758 in
430 1719 518 1759 hoc
547 1731 716 1773 genere
755 1725 823 1760 est
861 1717 970 1760 illud
1008 1730 1184 1767 verum,
1210 1717 1331 1772 quod
1366 1715 1675 1771 Hieronymus
1698 1715 1854 1758 scribit
1885 1723 1929 1758 et

295 1794 439 1837 sancti
462 1794 740 1850 praedicant,
773 1795 851 1837 sed
890 1795 1031 1850 vulgo
1060 1809 1217 1850 parum
1257 1794 1325 1836 vel
1356 1792 1534 1848 capitur
1570 1793 1640 1835 vel
1666 1799 1926 1848 vsurpatur,

297 1870 489 1925 intelligi
514 1879 621 1914 tunc
656 1871 939 1927 scripturam,
970 1885 1111 1926 quum
1150 1871 1217 1923 fit;
1251 1871 1338 1913 hoc
1369 1877 1453 1921 est,
1495 1884 1634 1924 quum
1664 1875 1709 1914 et
1731 1869 1931 1913 exterius

296 1948 581 2004 adimpletur,
608 1948 644 1991 si
666 1948 774 2004 quid
796 1947 855 1991 sit
879 1948 1176 2004 implendum,
1201 1955 1245 1991 et
1268 1946 1399 1990 simul
1421 1946 1623 1991 interiori
1640 1960 1779 1990 sensu
1796 1946 1932 1990 intel-

295 2025 451 2080 ligitur
474 2033 518 2068 et
557 2034 769 2082 gustatur
808 2027 877 2069 vel
916 2025 1136 2082 spirituali
1174 2024 1300 2081 praxi
1340 2024 1574 2080 accipitur.
1611 2025 1731 2067 Num
1755 2025 1842 2066 hoc
1864 2031 1932 2068 est

293 2103 412 2155 quod
437 2104 580 2158 Xpus.
608 2102 735 2155 dixit,
751 2105 884 2160 Joan.
914 2103 956 2155 8,
981 2104 1038 2159 [ν.
1063 2102 1151 2160 32]:
1177 2101 1250 2146 «Si
1273 2116 1358 2144 vos
1376 2101 1631 2145 manseritis
1654 2101 1698 2143 in
1724 2115 1933 2144 sermone

295 2193 411 2230 meo,
438 2194 542 2223 vere
565 2179 773 2236 discipuli
796 2179 883 2223 mei
907 2179 1047 2231 eritis,
1075 2187 1119 2223 et
1142 2179 1434 2235 cognoscetis
1456 2178 1710 2229 veritatem,
1742 2184 1787 2221 et
1809 2178 1905 2220 veri

297 2263 364 2298 tas
386 2256 594 2299 liberabit
616 2272 741 2299 vos.»
769 2259 941 2301 Verum
975 2256 1342 2313 quandoquidem
1374 2255 1418 2298 in
1451 2256 1662 2300 sensibus
1692 2255 1761 2298 his
1791 2255 1932 2299 inter-

296 2333 364 2376 nis
386 2334 593 2390 deceptio
616 2335 884 2391 contingere
907 2342 1073 2391 potest,
1101 2335 1259 2390 regula
1284 2341 1439 2376 nostra
1471 2347 1570 2376 esse
1598 2333 1751 2384 debet,
1783 2340 1832 2375 vt
1855 2348 1933 2376 ve-

295 2410 465 2463 ritates,
487 2425 602 2466 quae
621 2426 757 2455 sensu
776 2412 955 2455 interno
973 2411 1143 2468 percipi
1161 2417 1233 2458 241
1254 2410 1484 2462 videntur,
1510 2423 1592 2452 eae
1615 2423 1704 2453 non
1728 2418 1934 2466 pugnent

291 2502 394 2530 cum
422 2488 492 2530 his
510 2488 791 2540 veritatibus,
818 2503 930 2543 quas
953 2490 1051 2532 sola
1073 2487 1383 2544 speculatione
1405 2502 1461 2530 ex
1492 2487 1644 2530 studio
1674 2486 1936 2543 theologico

294 2579 319 2606 a
342 2565 603 2608 doctoribus
625 2566 888 2621 accipimus,
916 2580 1032 2621 quae
1051 2574 1200 2609 tamen
1223 2564 1375 2608 omnia
1398 2563 1569 2607 iudicio
1587 2563 1805 2607 ecelesiae
1823 2564 1931 2606 sub-

295 2642 461 2684 dantur
483 2642 768 2694 suauissime,
796 2650 889 2685 tum
914 2643 1157 2688 Societatis
1181 2641 1363 2693 iudicio,
1392 2649 1437 2685 et
1467 2640 1672 2684 cuiusuis
1702 2640 1941 2695 syncerius

298 2718 547 2762 sentientis.

387 2795 579 2839 Cuidam
602 2796 842 2848 succurrit,
868 2804 915 2838 vt
938 2797 983 2838 in
1008 2797 1149 2852 prima
1172 2795 1473 2852 applicatione
1498 2795 1660 2838 missae
1689 2801 1734 2838 et
1763 2792 1942 2836 oratio·

299 2887 403 2913 num
429 2873 564 2916 simul
587 2874 885 2918 constitueret
908 2889 957 2918 se
980 2881 1025 2917 et
1047 2873 1335 2917 Societatem.

387 2950 609 2993 Intellexit
641 2950 840 3005 quidam,
877 2965 979 2993 cum
1015 2957 1165 2994 oraret
1200 2950 1490 3005 negligenter
1526 2963 1606 3004 pro
1639 2963 1686 2992 re
1724 2948 1935 3003 quadam,

298 3039 385 3067 non
415 3026 565 3081 magni
591 3027 807 3070 momenti
833 3026 1018 3082 alioqui,
1045 3026 1171 3082 quasi
1197 3026 1502 3069 acutissimam
1524 3026 1764 3080 quamdam
1784 3039 1939 3069 neces-
