2028 3426
656 199 994 234 INSTRUCTJONES
1006 217 1033 221 -
1043 195 1086 230 61
1566 190 1635 236 453

145 303 358 357 Quantus
379 315 434 344 ex
457 299 691 343 vocatione
714 306 758 343 et
780 298 924 354 ipsius
949 296 1110 353 gratia.

147 379 360 433 Quantus
381 392 437 420 ex
459 375 684 433 praesenti
708 375 979 418 obedientia.

147 456 359 509 Quantus
380 469 435 496 ex
463 452 716 496 humilitate
743 458 902 494 status:
936 466 1037 494 nam
1067 451 1186 506 quod
1215 448 1289 492 alii
1319 462 1495 491 summo
1528 446 1680 489 studio

54 532 133 574 vix
162 538 480 586 assequuntur,
512 536 561 572 vt
589 528 870 572 occasionem
899 530 1093 572 habeant
1120 524 1465 577 humiliationis,
1498 524 1584 566 illis
1613 530 1682 566 est

58 615 277 664 perpetuo
299 621 582 658 concessum,
603 606 680 659 ita,
701 605 738 647 si
756 605 985 660 paululum
1006 604 1280 653 annitamur,
1301 617 1404 645 cum
1423 601 1570 657 gratia
1585 601 1680 642 Do-

59 683 167 727 mini
206 697 421 740 magnum
451 683 684 725 habebunt
712 681 895 737 spiritus
924 688 1210 736 prouentum,
1249 686 1297 721 vt
1335 686 1403 722 est
1435 678 1679 720 multorum

54 761 312 816 exemplum
337 759 383 801 in
406 758 502 801 aliis
526 757 834 814 religionibus,
868 756 1128 799 nominatim
1158 756 1203 798 in
1233 757 1282 800 S.
1314 753 1560 804 Francisci,
1595 767 1678 794 nec

54 837 103 879 in
125 844 279 879 nostra
300 837 480 880 desunt.

145 916 407 957 Doceantur
435 919 632 967 quantus
661 912 836 954 fructus
865 910 950 953 illis
980 909 1233 966 proueniat,
1263 909 1385 964 quod
1414 922 1496 950 suo
1526 907 1679 949 labore

54 990 310 1034 extrinseco
331 990 490 1033 iuuent
513 988 699 1040 animas,
725 989 846 1043 quod
875 987 948 1030 alii
977 995 1042 1030 tot
1070 994 1113 1030 et
1142 985 1398 1028 intrinsecis
1432 992 1478 1028 et
1507 983 1679 1028 extrin-

60 1067 173 1111 secis
190 1082 326 1123 aegre
342 1073 660 1121 assequuntur.
687 1067 849 1107 quant
867 1064 985 1108 enim
1003 1063 1172 1106 animas
1189 1062 1290 1118 ipsi,
1310 1061 1679 1117 quandoquidem

60 1143 306 1186 ministerio
330 1158 484 1187 eorum
507 1143 573 1194 fit,
599 1150 647 1184 vt
670 1142 742 1184 alii
766 1156 946 1197 operam
969 1141 1040 1184 vel
1065 1147 1221 1191 totam,
1246 1140 1318 1181 vel
1342 1138 1553 1181 maiorem
1576 1151 1678 1193 pos-

56 1220 149 1264 sint
171 1220 406 1263 animabus
429 1218 639 1261 iuuandis
661 1218 935 1274 impendere.

146 1301 218 1343 218
248 1299 512 1339 Doceantur
541 1303 759 1350 quantum
788 1296 954 1338 habere
981 1301 1170 1349 possunt
1202 1293 1416 1344 fructum,
1453 1291 1489 1334 si
1522 1305 1680 1346 parum

54 1373 293 1417 attendant
311 1388 366 1416 ex
383 1371 676 1415 meditatione
694 1371 923 1421 continua,
944 1385 1076 1425 quam
1095 1384 1149 1412 ex
1167 1370 1318 1419 rebus,
1335 1383 1446 1423 quas
1465 1374 1676 1419 tractant,

59 1458 247 1506 possunt
270 1451 505 1492 desumere
527 1448 571 1490 in
602 1448 799 1499 Christo;
835 1447 978 1502 qualis
1006 1455 1089 1498 est,
1121 1446 1157 1488 si
1192 1445 1396 1501 cogitent
1418 1445 1464 1486 in
1488 1443 1680 1496 collegio

61 1527 263 1570 habitare
287 1525 520 1569 Christum
543 1540 644 1567 cum
669 1524 900 1579 discipulis
924 1524 1032 1575 suis,
1057 1523 1133 1578 qui
1155 1529 1422 1566 exercentur
1444 1522 1490 1564 in
1520 1520 1681 1576 spiritu

59 1611 104 1648 et
125 1603 281 1656 literis,
306 1609 356 1645 vt
377 1602 615 1644 mittantur
637 1603 693 1644 ad
714 1601 1062 1657 praedicandum
1086 1599 1199 1653 orbi,
1224 1598 1310 1641 illis
1332 1613 1380 1642 se
1409 1598 1677 1648 ministrare,

57 1680 217 1723 imitati
242 1681 483 1732 Martham;
511 1686 556 1721 et
583 1678 621 1721 si
649 1678 756 1733 quid
784 1678 957 1720 accidat
979 1676 1275 1719 solicitudinis
1298 1676 1369 1717 vel
1392 1674 1678 1726 turbationis,

54 1757 169 1800 nihil
191 1756 507 1799 vehementius
536 1754 809 1798 commoueri
842 1755 1023 1806 debent3
1060 1768 1150 1796 non
1183 1752 1301 1796 enim
1330 1761 1347 1777 ²²
1370 1751 1682 1815 solicitudipes

56 1835 326 1883 damnantur
348 1832 394 1874 in
418 1834 612 1884 Martha,
631 1833 712 1876 sed
729 1831 857 1886 quasi
874 1830 1142 1873 coniunctae
1159 1836 1402 1872 cum-statu
1421 1835 1680 1872 narrantur.

53 1910 172 1952 Illud
194 1910 334 1966 igitur
356 1909 601 1965 agendum,
628 1909 748 1963 quod
772 1908 930 1952 eodem
951 1907 1050 1949 loco
1072 1905 1223 1949 doceri
1245 1905 1557 1961 intelligimus,
1583 1918 1683 1947 esse

57 1986 423 2042 coniungendam
447 1984 636 2028 Mariam
661 1999 763 2026 cum
795 1984 988 2035 Martha,
1020 1990 1068 2024 vt
1096 1982 1196 2026 illae
1225 1996 1282 2024 ne
1310 1988 1504 2025 noceant
1535 1981 1682 2023 solici-

56 2062 253 2106 tudines.

146 2141 217 2192 Et,
243 2147 289 2181 vt
312 2138 580 2194 compendio
611 2138 773 2189 dicam,
811 2136 1074 2180 instituendi
1108 2143 1230 2187 sunt,
1267 2143 1314 2178 vt
1345 2150 1394 2178 se
1426 2134 1684 2178 existiment

38 2215 347 2271 -spiritualiter
376 2214 547 2266 viuere,
578 2213 867 2269 spiritualiter
897 2212 1061 2256 faciant
1083 2212 1157 2254 illa
1184 2211 1398 2256 exercitia
1420 2211 1465 2253 in
1499 2211 1684 2254 Christo

31 2311 34 2316 *
58 2299 106 2335 et
128 2292 275 2348 gratia
298 2306 407 2335 suae
429 2290 695 2334 vocationis.

148 2368 371 2412 Historias
409 2374 668 2410 sanctorum
699 2369 771 2411 vel
798 2368 970 2424 legant,
1005 2368 1173 2412 ve1219
1206 2365 1408 2419 audiant,
1449 2365 1529 2409 sed
1567 2364 1683 2407 sele-

60 2453 174 2497 ctas,
200 2452 245 2489 et
268 2446 323 2486 ad
345 2458 499 2488 eorum
523 2444 825 2497 vocationem,
852 2444 1000 2499 quoad
1028 2443 1125 2487 fieri
1153 2442 1332 2499 poterit,
1368 2441 1683 2484 accommoda—

60 2521 271 2574 tissimas;
298 2521 437 2563 libros
460 2521 567 2563 item
590 2521 745 2576 legant
772 2521 845 2563 vel
867 2520 1052 2563 audiant
1080 2520 1194 2576 pios,
1227 2519 1302 2574 qui
1332 2519 1512 2561 illorum
1541 2517 1684 2560 deuo-

25 2635 30 2638 .
60 2597 228 2641 tionem
252 2599 324 2641 vel
347 2598 561 2650 excitare,
586 2598 659 2641 vel
680 2611 952 2640 conseruare
974 2604 1019 2640 et
1041 2611 1210 2652 augere
1232 2595 1421 2651 possint.

150 2674 271 2717 Nihil
293 2673 501 2716 amittant
517 2673 802 2724 concionum,
824 2673 1083 2723 lectionum,
1104 2671 1485 2721 exhortationum,
1507 2682 1684 2712 recrea-

63 2749 234 2793 tionum
258 2749 638 2805 quotidianarum,
664 2750 735 2792 vel
766 2763 936 2800 earum,
968 2763 1083 2803 quae
1112 2748 1157 2790 in
1186 2747 1318 2790 vinea
1346 2747 1418 2790 vel
1449 2747 1582 2787 horto
1611 2758 1683 2786 ca-

63 2826 262 2881 piuntur,
294 2826 495 2868 similiter
517 2833 651 2881 atque
674 2825 763 2878 alii;
790 2826 911 2880 quod
932 2826 1009 2868 fiet
1033 2825 1175 2875 facile,
1202 2824 1254 2875 si,
1281 2822 1444 2878 quibus
1466 2821 1549 2876 ipsi
1580 2821 1685 2862 fun-

132 3001 151 3018 a
200 2991 373 3037 Spatium
393 3002 554 3026 vacuum
574 3002 643 3037 pro
661 3001 737 3025 uno
757 2992 878 3026 verbo
896 2991 958 3025 hic
977 2989 1154 3024 relictum
1174 2994 1233 3023 est
1252 2988 1290 3022 in
1309 2998 1381 3024 ms,
