2028 3426
477 252 752 288 MONUMENTA
778 251 1032 287 GERMANlAE
1059 257 1397 294 SUPER10R1s—45
1638 248 1707 285 263

212 353 571 409 Christophorus
618 355 628 374 ¹
673 360 718 396 et
761 352 980 395 Ricardus
1018 358 1201 408 possent
1243 351 1361 393 mitti
1404 351 1750 407 Ingolstadium‚

124 429 386 486 praesertim
411 429 487 472 ubi
509 429 571 471 illi
594 436 685 473 tres
707 444 956 485 pragenses
978 435 1110 480 erunt
1133 428 1340 472 mittendi
1364 429 1688 483 Oenipontum.

213 508 442 548 Euocetur
478 506 709 561 Dilingam
733 507 932 563 Jacobus
960 507 1193 548 Fontanus
1223 506 1256 558 ²,
1287 512 1333 549 et
1364 512 1626 548 exerceatur
1656 514 1750 546 tum

124 583 170 625 in
192 584 334 626 classe
357 582 619 635 rhetorices,
648 590 741 624 tum
774 582 983 638 priuatim
1012 597 1038 625 a
1059 582 1276 638 magistro
1301 581 1496 624 Boschio
1525 595 1627 623 cum
1651 583 1751 624 Ma—

124 661 229 703 theo
253 659 442 702 Polono.

209 737 278 779 De
307 735 568 778 ordinandis
598 734 809 790 relinquit
838 736 891 778 R.
926 737 976 777 P.
1010 734 1185 778 Natalis
1217 734 1450 790 negotium
1484 733 1606 777 Patri
1645 748 1749 788 pro-

124 811 323 855 uinciali.

209 888 443 933 Scribatur
465 889 521 931 ad
542 896 762 932 rectorem
787 889 1201 944 ingolstadiensem,
1229 895 1294 940 ut,
1322 887 1358 930 si
1377 887 1595 943 magister
1618 889 1748 930 Hen-

122 966 241 1008 ricus
263 965 532 1008 Dulkemius
555 967 569 986 ³
593 972 754 1021 pergat
775 967 926 1009 dolere
949 966 1112 1022 capite,
1138 965 1288 1020 aliqua
1315 965 1509 1008 lectione
1531 965 1745 1008 subleue-

123 1050 196 1086 tur
221 1058 247 1085 a
269 1044 404 1086 Patre
428 1044 619 1086 Petro...

211 1119 260 1163 Si
282 1119 568 1174 contingeret
590 1118 862 1167 cardinalem
886 1120 900 1139 '²
924 1126 1100 1161 nostros
1118 1120 1234 1163 male
1257 1126 1465 1172 tractare,
1487 1126 1531 1162 et
1550 1119 1744 1173 quadarn

118 1195 185 1239 'uti
207 1195 446 1252 asperitate
463 1202 570 1247 etc.,
593 1203 642 1237 ut
664 1202 796 1238 antea
814 1195 1070 1247 consueuit,
1097 1196 1259 1251 poterit
1276 1195 1336 1237 illi
1355 1195 1535 1238 nomine
1558 1195 1659 1238 Rdi.
1688 1197 1744 1238 P.

120 1272 294 1316 Natalis
322 1271 425 1325 dici,
456 1280 507 1314 ut
535 1272 707 1316 scilicet
734 1279 912 1314 nostros
944 1273 1142 1328 benigne
1179 1272 1397 1328 excipiat,
1439 1271 1605 1326 alioqui
1643 1287 1742 1324 nos,

118 1349 216 1392 eius
238 1348 481 1392 autoritate
503 1349 756 1400 deterritos,
782 1363 873 1391 non
897 1356 1113 1392 uenturos
1135 1350 1192 1392 ad
1214 1349 1361 1405 ipsum
1381 1349 1511 1392 facile
1534 1349 1742 1404 amplius,

118 1433 163 1470 et
187 1425 348 1481 pusillo
370 1424 519 1468 animo
543 1440 625 1468 nos
649 1426 955 1469 reddendos...

206 1502 328 1545 Cura
364 1501 602 1557 peculiaris
638 1503 858 1545 habeatur
900 1517 1077 1553 eorum,
1126 1502 1203 1558 qui
1246 1515 1402 1545 recens
1447 1518 1472 1545 a
1518 1502 1743 1544 nouitiatu

120 1578 325 1622 ueniunt.

206 1657 241 1698 F
244 1655 477 1698 ranciscus
498 1655 555 1698 sit
577 1656 833 1711 praefectus
856 1655 1076 1709 sanitatis,
1097 1664 1141 1699 et
1162 1656 1428 1699 Dominicus
1451 1655 1739 1698 infirmarius.

203 1732 368 1775 Nullus
390 1731 616 1775 eximatur
638 1733 693 1775 ab
712 1732 968 1776 obedientia
985 1732 1193 1786 ministri,
1214 1747 1270 1775 ne
1288 1734 1543 1789 praefectus
1561 1732 1741 1787 quidem

114 1808 284 1864 templi,
318 1809 392 1852 uel
420 1810 690 1852 scholarum.
723 1808 915 1864 Vtrique
944 1816 1094 1852 tamen
1132 1809 1336 1852 minister
1372 1809 1483 1851 nihil
1516 1808 1742 1852 ordinabit

115 1884 234 1928 circa
256 1886 435 1928 scholas
458 1886 528 1929 vel
553 1886 768 1941 templum
790 1885 887 1929 sine
910 1886 1143 1928 uoluntate
1166 1886 1367 1929 rectoris.

205 1964 403 2005 Possunt
426 1961 606 2017 quidem
630 1961 769 2004 nostri
795 1970 840 2004 et
868 1963 1051 2015 debent,
1084 1962 1160 2018 qui
1188 1962 1400 2006 videntur
1432 1962 1596 2013 idonei,
1632 1976 1742 2005 con-

112 2038 400 2082 suetudinem
430 2038 548 2095 piam
578 2039 746 2081 habere
779 2052 883 2081 cum
916 2038 1212 2090 scholasticis,
1248 2038 1318 2081 his
1350 2040 1631 2094 praesertim,
1665 2039 1742 2094 qui

112 2114 324 2159 videntur
346 2130 477 2171 posse
498 2115 661 2169 iuuari,
688 2115 851 2158 adduci
874 2115 1008 2159 etiam
1031 2116 1085 2158 ad
1116 2115 1405 2168 Societatem3
1438 2116 1516 2158 sed
1549 2116 1610 2158 ita
1644 2130 1741 2158 mo-

116 2192 312 2234 deranda
349 2199 417 2235 est
448 2191 522 2236 illa
555 2192 863 2244 conuersatio,
899 2192 1113 2248 primum,
1151 2200 1200 2234 ut
1229 2192 1418 2236 iuuenes
1442 2200 1620 2248 tempus
1643 2199 1739 2234 stu-

114 2268 289 2310 diorum
312 2283 404 2311 non
428 2270 634 2325 perdant3
662 2276 710 2312 ut
747 2269 920 2324 prolixa
947 2284 1038 2311 non
1071 2269 1143 2321 sit,
1170 2283 1254 2311 nec
1283 2269 1394 2312 adeo
1425 2270 1652 2323 frequens,
1692 2276 1741 2311 ut

112 2344 158 2386 id
181 2352 338 2388 notare
361 2345 433 2387 alii
457 2345 645 2401 possint3
671 2346 833 2388 deinde
854 2346 986 2388 debet
1018 2360 1193 2401 semper
1221 2360 1320 2389 esse
1348 2345 1633 2389 conuersatio
1658 2347 1738 2388 ho-

111 2428 240 2464 nesta
260 2428 305 2464 et
328 2421 551 2478 religiosa.
579 2424 743 2465 Rector
765 2422 898 2466 etiam
916 2422 1099 2466 habebit
1116 2436 1268 2466 curam
1287 2422 1559 2478 peculiarem
1579 2424 1738 2464 harum

111 2498 522 2551 conuersationum,
549 2505 598 2540 ut
622 2513 726 2541 cum
751 2499 901 2541 fructu
929 2499 1055 2550 fiant,
1089 2499 1416 2552 aedificatione,
1452 2512 1504 2540 ac
1534 2498 1629 2540 sine
1659 2499 1738 2541 de-

111 2574 322 2618 trimento
340 2582 615 2620 nostrorum.

200 2651 419 2707 Magister
441 2652 634 2707 Gaspar,
659 2659 900 2708 antequam
922 2653 1046 2708 legat
1062 2654 1287 2708 spheram,
1308 2653 1429 2707 legat
1448 2651 1618 2705 aliquas
1636 2664 1738 2705 pro-

113 2726 357 2783 positiones
379 2727 593 2771 Euclidis.

176 2877 186 2898 ¹
235 2877 395 2923 Ziegler
414 2876 460 2922 (P)
478 2876 568 2912 vide
587 2888 713 2923 supra,
736 2888 823 2923 pag.
846 2884 927 2921 257,
949 2861 1015 2911 ubl
1034 2876 1082 2910 de
1101 2877 1172 2910 hoc
1192 2876 1337 2910 mentio
1357 2874 1458 2909 faeta
1479 2880 1552 2908 est.

175 2939 188 2957 ²
240 2937 409 2982 Jacobus
429 2938 624 2971 Fontanus
643 2936 859 2971 rhetoricae
884 2947 1039 2981 operam
1058 2935 1174 2969 dabat
1195 2935 1356 2979 Pragae,
1377 2945 1476 2967 anno
1498 2932 1601 2975 1566,
1622 2938 1737 2977 prout

107 2995 147 3030 in
164 2996 347 3041 pragensi
363 2996 541 3040 catalogo
560 2996 739 3030 habetur.

178 3055 192 3074 ⁵
243 3054 342 3089 Vide
363 3065 492 3100 supra,
514 3065 602 3100 pag,
624 3055 706 3097 253.
1103 3055 1117 3073 a
1167 3053 1353 3087 Ottonem
1372 3050 1684 3087 Truchsessium.
