2028 3426
334 224 403 265 692
811 220 964 254 PATRIS
994 218 1156 254 HOERoN
1164 227 1236 253 nu
1264 219 1414 255 NADAL

378 324 487 365 Erat
511 322 711 378 quidam,
737 321 866 364 cuius
890 320 1117 364 orationes
1140 334 1193 363 eo
1216 330 1421 377 spectare
1442 321 1729 373 videbantur,
1756 329 1802 363 vt
1820 335 1929 364 con-

289 401 512 443 solaretur
530 407 574 444 et
592 401 738 443 laetus
755 397 946 441 seruiret
956 399 1078 440 Deo:
1100 405 1332 442 ostensum
1350 406 1502 443 autem
1519 406 1588 442 est
1611 399 1671 442 illi
1695 399 1932 443 sentienda

289 492 388 522 esse
418 477 703 520 incommoda
734 490 922 518 suorum
956 482 1264 530 peccatorum,
1301 490 1382 531 pro
1413 475 1502 519 illis
1535 477 1772 519 orandum.
1810 475 1935 519 Hinc

290 556 510 606 futurum,
532 561 580 595 vt
599 568 691 595 non
711 567 791 608 pro
809 551 1050 595 sensilibus
1068 553 1456 597 consolationibus
1472 561 1587 605 oret,
1608 554 1689 596 sed
1707 553 1933 609 intelligat

290 646 338 674 se
366 631 488 674 omni
527 629 807 673 desolatione
836 637 881 673 et
910 644 1055 684 poena
1084 629 1294 685 dignum.
1327 631 1383 672 Et
1412 629 1694 686 sissssquidem
1724 631 1930 673 consola-

292 711 437 752 tiones
469 714 695 764 petantur,
722 707 766 748 id
790 706 885 749 fieri
909 706 1133 762 intelligat
1157 708 1241 749 sub
1265 707 1538 760 conditione,
1566 715 1613 749 vt
1637 708 1690 750 ad
1716 707 1932 750 maiorem

291 785 479 841 gloriam
506 784 590 828 Dei
614 784 849 836 adiuuent,
876 798 928 826 ac
951 791 999 825 vt
1022 783 1100 825 fiat
1123 783 1386 839 simpliciter
1410 784 1494 828 Dei
1518 785 1743 827 voluntas.

381 861 591 905 Efficacia
614 860 852 917 sanguinis
874 860 979 916 Xpi.
1006 860 1251 916 spiritualis
1273 876 1365 904 non
1394 862 1539 904 solum
1570 862 1615 904 in
1649 861 1757 906 reali
1788 868 1931 913 tactu,

291 939 327 982 si
351 940 495 991 fieret,
521 939 599 981 sed
623 938 668 980 in
693 937 985 981 meditatione
1007 945 1052 980 et
1074 937 1148 993 pio
1168 945 1290 981 tactu
1309 953 1389 994 per
1406 938 1799 995 imaginationem:
1820 939 1934 981 haec

292 1018 461 1060 referas
492 1015 586 1058 suis
617 1014 828 1058 sensibus
860 1014 1044 1070 spiritus
1083 1015 1139 1057 ad
1171 1029 1330 1058 omnes
1361 1022 1490 1058 actus
1522 1015 1710 1068 Christi,
1747 1023 1843 1057 turn
1879 1016 1935 1058 ad

291 1093 536 1136 efficaciam
560 1092 707 1136 meriti
731 1091 918 1145 Christi,
944 1094 1032 1135 hoc
1057 1099 1141 1144 est,
1163 1093 1218 1135 ad
1235 1100 1387 1135 actum
1407 1092 1673 1145 voluntatis,
1695 1106 1786 1147 quo
1804 1092 1939 1136 nobis.

296 1172 609 1214 merebatur...

383 1248 432 1289 In
451 1247 780 1299 incarnatione,
795 1246 974 1290 claritas
993 1262 1017 1290 e
1035 1247 1162 1290 coelo
1180 1247 1461 1291 descendens
1478 1246 1523 1288 in
1542 1248 1780 1300 mundum,
1797 1254 1870 1302 atq
1879 1261 1937 1290 ue

293 1339 539 1380 occupans,
566 1338 617 1367 ac
641 1323 785 1366 virtus
807 1323 961 1366 diuina
985 1323 1248 1366 hominibus
1271 1323 1428 1375 indita,
1452 1323 1574 1366 orbis
1597 1324 1832 1380 gaudium,
1852 1338 1935 1366 an-

295 1403 518 1458 gelorum,
545 1408 740 1457 patrum,
767 1401 1004 1452 iustorum,
1033 1408 1174 1444 terror
1197 1401 1486 1452 daemonum,
1514 1400 1745 1444 reuocatio
1762 1409 1938 1445 creatu-

302 1493 376 1521 rae
398 1478 444 1520 in
468 1492 605 1522 sensu
629 1477 831 1534 spiritus.

386 1555 428 1600 61
457 1555 685 1598 Natiuitas
714 1555 900 1608 Christi,
932 1570 1148 1611 egressus
1177 1555 1351 1612 gratiae
1380 1556 1437 1598 ad
1466 1555 1789 1611 operationem:
1823 1556 1942 1600 vnde

301 1633 446 1676 oratio
470 1632 727 1686 Societatis,
753 1648 809 1676 ex
830 1647 919 1687 qua
942 1633 1146 1676 extensio
1170 1634 1226 1675 ad
1250 1632 1510 1675 ministeria.

387 1709 603 1766 Mysteria
626 1709 893 1763 natiuitatis,
920 1717 968 1751 vt
989 1724 1043 1753 ea
1065 1709 1154 1753 sint
1178 1709 1224 1752 in
1253 1709 1421 1765 precio,
1455 1724 1570 1764 quae
1602 1711 1801 1752 mundus
1829 1709 1938 1761 odit,

298 1790 556 1843 paupertas,
582 1788 749 1838 luctus,
774 1788 887 1829 haec
911 1786 1099 1830 assumit
1121 1788 1263 1839 Deus;
1291 1787 1406 1830 haec
1429 1786 1614 1828 laudant
1638 1786 1846 1842 angeli...

389 1863 568 1908 Scribat
592 1863 796 1919 Ignatius
818 1863 956 1905 vitam
980 1878 1124 1915 suam,
1150 1878 1239 1919 qua
1262 1878 1308 1906 re
1332 1862 1445 1904 nihil
1468 1869 1616 1918 potest
1639 1877 1761 1905 nunc
1785 1863 1941 1907 vtilius

301 1941 431 1983 nobis
453 1948 497 1984 et
519 1940 736 1985 Societati
760 1942 922 1984 facere.
950 1940 1059 1984 Eius
1082 1940 1277 1996 aliquam
1297 1948 1466 1996 partem
1489 1947 1643 1995 postea
1661 1939 1843 1995 scripsit
1861 1955 1946 1996 per

311 2019 360 2060 P.
386 2018 669 2061 Lodouicum
693 2018 922 2072 Goncales
950 2019 978 2062 ¹.
1797 2063 1799 2066 ,

393 2095 668 2137 Exercitium
700 2095 820 2150 regis
849 2094 1109 2150 temporalis
1135 2102 1180 2137 et
1209 2093 1494 2147 vexillorum,
1526 2094 1601 2136 vbi
1634 2094 1828 2150 primum
1871 2102 1942 2136 at-

304 2172 545 2227 tinguntur
567 2171 796 2224 exercitia,
823 2172 878 2214 ad
901 2171 1186 2214 vocationem
1208 2178 1413 2227 spectare
1435 2172 1599 2214 solent:
1622 2171 1696 2213 vbi
1717 2185 1824 2213 vero
1844 2170 1949 2226 quis

305 2249 392 2291 iam
416 2249 471 2291 ad
495 2247 766 2292 Societatem
796 2257 864 2291 est
893 2255 1098 2301 vocatus,
1131 2248 1308 2304 proprie
1337 2249 1393 2290 ad
1422 2237 1671 2292 ministeria
1702 2247 1949 2292 Societatis

306 2333 411 2368 sunt
434 2325 716 2381 applicanda,
743 2333 790 2367 vt
813 2340 867 2368 ex
891 2340 980 2368 vno
1003 2325 1169 2370 sentiat
1197 2339 1245 2368 se
1273 2313 1426 2368 &ocari
1453 2333 1499 2368 et
1528 2324 1656 2381 sequi
1693 2324 1946 2377 Christum,
2007 2347 2010 2350 ⁴

306 2401 765 2446 mortifiss4cationem
801 2403 1188 2456 circumferendo,
1229 2417 1280 2446 ac
1319 2402 1487 2446 Christi
1521 2402 1769 2458 perfectam
1799 2401 1950 2444 imita—

310 2480 495 2523 tionem.

399 2559 465 2599 Ex
494 2556 581 2598 alio
609 2564 657 2598 vt
687 2556 887 2611 quotidie
916 2571 1209 2599 accurramus
1242 2558 1297 2600 ad
1331 2556 1615 2600 Hierusalem
1650 2564 1696 2599 et
1731 2555 1949 2599 vexillum
2004 2567 2006 2570 ’

311 2633 498 2685 Christi,
524 2640 571 2675 vt
593 2633 655 2675 ibi
677 2633 916 2676 audiamus
937 2634 1045 2689 quid
1069 2633 1222 2677 iubeat
1250 2634 1488 2677 Dominus.
1522 2634 1658 2688 Quod
1689 2633 1766 2675 fiet
1797 2632 1835 2675 si
1863 2633 1951 2674 hac

312 2710 653 2766 praeparatione
676 2710 812 2752 animi
835 2710 879 2752 in
903 2710 1064 2766 spiritu
1087 2710 1361 2766 accipiamus
1383 2710 1686 2754 obedientiam
1718 2708 1950 2765 praeposi-

313 2797 461 2829 torum
492 2794 762 2830 nostrorum.
793 2787 884 2842 Qui
913 2789 998 2830 sub
1027 2787 1285 2831 obedientia
1315 2801 1405 2829 non
1434 2794 1557 2839 sunt,
1584 2786 1629 2828 in
1653 2801 1706 2829 ea
1730 2785 1825 2841 ipsa
1848 2799 1949 2828 ora-

314 2864 433 2908 tione
457 2864 690 2907 Christum
719 2865 976 2907 consulant:
1008 2865 1131 2919 quod
1161 2879 1319 2907 omnes
1347 2877 1531 2908 seruare
1562 2871 1775 2919 poterunt
1804 2863 1848 2904 in
1878 2862 1950 2913 iis,

392 3033 399 3051 ¹
454 3031 546 3066 Eam
566 3032 666 3067 inter
684 3032 868 3067 Monam.
894 3031 1053 3078 Iguat„
1074 3042 1148 3066 ser.
1171 3031 1234 3074 IV,
1258 3031 1332 3067 vol.
1355 3030 1386 3074 1,
1405 3030 1615 3066 edidimus.
