2028 3426
669 220 1096 257 INSTRUCTIONES—61
1583 222 1649 266 585

69 325 208 369 iorem
231 324 466 380 sanguinis
490 322 777 373 effusionem,
804 320 1020 363 maiorem
1045 323 1169 363 BRN*e
1201 322 1260 366 V.
1294 321 1460 364 Mariae
1490 336 1697 378 compas-

72 402 258 446 sionem.

161 479 228 532 7.⁰
251 478 338 528 die,
364 477 600 520 considera
621 476 788 520 deuote
810 481 961 517 actum
986 473 1311 527 crucifixionis,
1332 474 1550 525 dolorem,
1577 476 1696 517 effu-

72 556 244 600 sionem
268 554 522 610 sanguinis,
549 551 907 608 compassionem
928 553 1052 593 Rmae
1074 550 1131 594 V.
1157 550 1344 593 Mariae.

160 633 228 675 8.⁰
252 632 322 674 die
346 630 725 674 considerandum
743 642 846 671 cum
869 629 1051 671 leuatur
1074 641 1184 669 crux
1208 633 1251 671 et
1270 626 1442 682 figitur,
1464 626 1506 668 in
1528 642 1616 682 qua
1634 629 1699 671 le-

74 709 254 752 uatione
276 708 398 751 haud
420 706 557 750 dubie
582 706 795 749 maiorem
819 705 1020 747 dolorem
1038 703 1180 747 sensit
1203 703 1431 756 Christus;
1453 713 1699 747 consecuta

19 787 21 789 ’
70 785 205 828 etiam
244 784 384 826 maior
421 783 506 825 fuit
528 782 688 827 effusio
711 780 963 837 sanguinis,
991 781 1131 823 maior
1156 782 1278 822 Eme
1301 781 1357 823 V.
1380 780 1548 824 Mariae
1570 795 1697 823 com-

71 861 239 918 passio.

160 938 229 995 9.⁰
252 937 323 981 die
346 937 723 991 contemplandus
747 935 959 978 Christus
980 935 1183 990 pendens
1207 934 1251 976 in
1271 948 1407 977 cruce
1432 941 1521 976 tres
1546 936 1696 987 horas,

72 1029 161 1070 quo
191 1022 392 1070 tempore
422 1013 755 1057 incrementum
792 1011 984 1067 sumpsit
1012 1011 1140 1053 dolor
1169 1019 1212 1053 et
1251 1010 1488 1067 sanguinis
1517 1010 1695 1061 effusio,

71 1091 133 1134 ita
164 1092 342 1139 acerbe,
380 1099 427 1132 vt
460 1105 516 1132 ex
551 1089 764 1132 violentia
798 1088 965 1131 doloris
1000 1095 1044 1131 et
1081 1087 1321 1130 effusionis
1350 1087 1586 1143 sanguinis
1620 1101 1698 1129 co-

72 1168 145 1224 pia
167 1175 417 1211 moreretur
446 1166 673 1211 Christus.
708 1167 894 1209 Summa
917 1164 1051 1207 etiam
1085 1164 1339 1220 compassio
1372 1163 1700 1206 consideranda

20 1243 25 1246 ’
72 1252 140 1289 est
163 1247 287 1287 Βὲῠᾶθ
310 1245 365 1286 V.
395 1243 578 1287 Mariae.

166 1323 258 1364 Ιο.0
281 1321 353 1364 die
376 1320 731 1363 considerandus
749 1318 960 1362 Christus
980 1324 1186 1360 mortuus
1209 1317 1255 1359 in
1274 1331 1410 1361 cruce
1427 1317 1633 1372 pendens
1656 1324 1701 1360 et

72 1405 201 1442 actus
224 1397 529 1440 transfixionis
552 1396 622 1440 58!
645 1396 814 1448 lateris,
840 1410 930 1450 quo
960 1395 1206 1437 transfixus
1229 1402 1298 1437 est
1319 1395 1439 1436 latus
1468 1394 1566 1436 eius
1589 1394 1701 1435 dex-

73 1482 206 1527 trum,
232 1474 365 1517 simul
388 1481 433 1517 et
462 1488 539 1516 cor
571 1472 756 1516 Chr1sti.
794 1472 882 1515 Hic
911 1471 1000 1514 iam
1033 1486 1127 1514 non
1158 1472 1288 1513 dolor
1320 1470 1697 1522 considerandus,

73 1551 148 1608 qui
172 1551 324 1594 nullus
346 1558 458 1603 erat,
484 1551 566 1594 sed
590 1549 652 1592 rei
676 1563 851 1592 summa
874 1548 1123 1604 indignitas
1152 1555 1198 1590 et
1225 1547 1456 1601 atrocitas,
1482 1554 1526 1590 et
1557 1546 1701 1590 efusio

73 1628 308 1684 sanguinis
330 1636 375 1672 et
398 1641 557 1682 aquae,
584 1634 629 1669 et
655 1629 778 1669 &mae
801 1627 857 1669 V.
881 1625 1051 1669 Mariae
1074 1624 1344 1680 compassio.

166 1706 259 1748 11.⁰
297 1704 686 1759 Conteinplandus
714 1710 783 1745 est
813 1702 1024 1745 Christus
1052 1701 1098 1743 in
1121 1702 1379 1757 sepulchro,
1405 1708 1449 1742 et
1479 1700 1576 1743 eius
1599 1700 1699 1742 vul-

74 1795 181 1824 nera
202 1780 368 1832 omnia,
406 1788 501 1822 tum
526 1790 548 1833 5
574 1779 831 1835 praecipue,
859 1786 955 1820 tum
978 1777 1065 1821 alia
1092 1777 1242 1820 onmia
1271 1792 1326 1820 ex
1355 1776 1620 1820 verberibus
1654 1783 1699 1817 et

74 1857 363 1901 coronatione
386 1857 553 1899 inflicta
576 1864 609 1908 ἃ,
630 1864 675 1899 et
697 1856 743 1897 in
765 1856 835 1898 his
857 1862 1062 1911 apertum
1082 1869 1160 1897 cor
1178 1851 1351 1898 Christi
1374 1868 1484 1909 erga
1507 1867 1608 1895 nos.

162 1933 555 1978 Considerandum
595 1933 670 1975 illa
707 1930 806 1976 esse
844 1932 1048 1984 vulnera,
1083 1946 1200 1987 quae
1237 1930 1383 1986 ipsum
1417 1930 1473 1971 ad
1511 1936 1700 1971 mortem

74 2010 408 2055 acerbissimam
432 2019 476 2052 et
499 2008 973 2065 ignominiosissimam
996 2023 1077 2064 pro
1099 2008 1228 2050 nobis
1258 2006 1568 2050 sustinendam
1596 2019 1700 2061 per-

7 2126 12 2129 .
74 2088 316 2130 duxerunt.
349 2087 608 2129 Recolenda
637 2086 860 2141 Deiparae
889 2085 1091 2141 Virginis
1130 2084 1398 2140 compassio,
1440 2090 1485 2125 et
1517 2082 1701 2126 deuotio

24 2186 27 2189 r
74 2170 227 2206 nostra
250 2164 472 2207 addenda.
498 2163 613 2205 Illud
636 2163 770 2206 etiam
796 2163 1055 2206 addendum
1088 2168 1318 2204 mortuum
1352 2160 1533 2215 quidem
1566 2158 1699 2217 Chri*

74 2246 209 2292 stum,
236 2241 315 2284 sed
338 2240 623 2282 diuinitatem
646 2238 744 2283 eius
768 2239 939 2281 vnitam
963 2238 1140 2293 corpori
1164 2251 1216 2279 ac
1238 2237 1373 2280 etiam
1403 2235 1596 2287 animae,
1621 2249 1700 2289 per

76 2330 208 2371 quarn
233 2317 442 2360 Christus
464 2323 670 2359 mortuus
692 2315 853 2371 spoliat
867 2316 1120 2368 infernum,
1147 2322 1236 2359 etc.

161 2394 211 2435 In
239 2392 546 2449 superioribus
575 2392 784 2435 omnibus
813 2379 1182 2436 meditationibus
1214 2390 1337 2433 dabit
1361 2388 1586 2439 Christus,
1619 2388 1696 2429 de-

77 2478 181 2513 uote
203 2477 248 2514 et
271 2484 372 2512 cum
398 2469 653 2512 humilitate
675 2476 720 2512 et
747 2468 1032 2524 simplicitate
1056 2467 1205 2510 cordis
1237 2465 1574 2515 meditantibus,
1602 2471 1696 2505 tum

30 2562 34 2566 ·
75 2546 184 2589 alios
223 2548 396 2588 fructus
433 2546 702 2598 vberrimos,
735 2553 831 2588 tum
865 2546 921 2587 ad
953 2544 1064 2586 illud
1096 2542 1317 2599 singulari
1355 2541 1597 2584 deuotione
1630 2546 1698 2581 est

76 2623 463 2675 contendendum,
503 2629 551 2664 vt
593 2621 983 2664 mortificationem
1021 2619 1282 2676 passionum
1321 2626 1575 2660 nostrarum
1613 2619 1698 2661 582

77 2711 406 2754 consequamur
427 2714 507 2754 per
525 2713 707 2741 sensum
730 2698 1010 2754 spiritualem
1033 2697 1241 2739 dolorum
1265 2703 1309 2738 et
1327 2692 1562 2748 sanguinis
1581 2692 1697 2735 effu-

77 2773 252 2817 sionum
275 2774 445 2817 Christi
475 2789 528 2817 ac
561 2774 884 2830 compassionis
912 2773 1134 2828 Deiparae
1172 2770 1360 2827 virginis
1390 2768 1573 2819 Mariae,
1600 2775 1695 2809 tum

78 2856 127 2892 vt
147 2851 372 2906 aperiatur
394 2851 526 2894 nobis
549 2852 650 2894 fons
681 2851 801 2894 vitae
830 2849 1038 2893 coelestis
1068 2856 1112 2892 et
1150 2862 1298 2891 rerum
1322 2844 1620 2902 spiritualium
1644 2858 1697 2886 ac

149 3025 167 3041 a
215 3015 392 3056 inflictae
409 3026 478 3051 ms,
