2028 3426
634 294 973 330 INsrRUCTmNEs
981 312 1015 318 -
1023 291 1065 327 61
1549 298 1621 334 409

35 405 146 443 ster.
174 397 263 440 Hic
285 396 435 440 socius
457 394 621 452 poterit
643 394 779 437 etiam
802 392 1003 437 nouitius
1026 407 1141 445 esse,
1167 392 1375 435 consulto
1403 389 1667 447 praesertim

41 474 258 531 magistro
280 472 574 524 nouitiorum,
599 478 645 514 et
667 486 722 514 ex
743 470 813 513 his
836 470 1035 526 quidem,
1060 469 1138 525 qui
1160 469 1248 512 iam
1272 468 1443 511 diutius
1466 474 1572 510 sunt
1589 481 1669 509 no-

0 565 1 614 l
31 550 155 604 -uitii,
181 557 226 593 et
248 549 425 606 probati
447 550 687 591 habentur:
714 547 771 590 sit
795 562 900 590 vero
933 548 1037 604 (quo
1071 545 1246 589 facilius
1278 544 1429 588 socius
1462 543 1669 587 adhiberi

0 629 1 647 ³
43 627 115 674 ΙῦῚ
138 641 316 683 semper
338 625 493 682 possit)
518 624 678 680 aliquis
701 623 823 666 domi
846 624 903 666 ad
924 625 1012 666 hoc
1035 622 1306 675 destinatus,
1332 628 1380 663 vt
1397 620 1550 663 socius
1572 633 1671 662 esse

42 704 196 761 possit.
223 705 351 747 Haec
374 716 478 744 cum
502 701 564 743 ita
586 700 693 752 sint,
720 708 871 743 tamen
894 707 1069 756 emptor
1091 700 1215 742 solus
1237 699 1352 742 solet
1373 698 1510 740 domo
1539 710 1671 752 egre-

26 781 102 835 di,
129 788 174 825 et
195 779 350 824 selecti
373 777 510 833 aliqui
533 777 818 820 coadiutores
842 775 1130 833 temporales3
1156 776 1308 818 nullus
1321 775 1560 837 sacerdos.

132 859 349 900 Rectores
378 854 603 911 duplicem
633 853 833 896 animum
867 853 1056 896 induant
1084 867 1136 896 ac
1164 858 1394 896 tueantur:
1427 849 1673 907 particula-

43 949 154 986 rem,
179 948 269 988 quo
291 932 465 989 prosint
487 945 570 974 suo
593 930 805 986 collegio,
830 936 875 974 et
896 929 1216 983 Vniuersalem,
1243 943 1332 984 quo
1354 926 1611 984 prouintiae
1628 935 1672 968 et

41 1010 271 1056 Societati.

133 1087 473 1142 Circumspecte
494 1091 687 1128 caueant
710 1083 981 1140 superiores,
1007 1098 1064 1126 ne
1086 1082 1323 1138 multiplici
1347 1080 1606 1126 obedientia
1628 1087 1674 1123 et

45 1165 198 1207 labore
222 1163 416 1218 aliquem
441 1161 630 1204 nimium
654 1167 861 1212 onerent,
888 1167 933 1202 et
955 1174 1035 1202 eos
1057 1159 1336 1215 praesertim,
1362 1158 1439 1213 qui
1467 1157 1674 1201 meliores

42 1248 168 1293 sunt,
193 1247 237 1283 et
260 1240 316 1282 ad
333 1238 636 1282 obediendum
654 1236 968 1293 promptiores.
990 1238 1090 1279 Hac
1108 1251 1304 1291 namque
1321 1234 1559 1278 occasione
1575 1233 1675 1277 fieri

46 1316 211 1374 poterit
235 1316 382 1368 facile,
403 1322 467 1367 vt,
488 1313 770 1370 negligentia
787 1312 1044 1369 superioris,
1065 1312 1223 1368 optimi
1241 1312 1408 1368 quique
1426 1326 1562 1367 supra
1581 1325 1675 1352 mo-

44 1394 154 1436 dum
183 1392 510 1448 defatigemur,
547 1405 600 1434 ac
631 1389 803 1432 viribus
835 1390 1140 1433 destituantur
1170 1396 1306 1443 atque
1334 1388 1517 1431 inutiles
1544 1388 1674 1431 fiant.

46 1471 170 1515 Solet
193 1470 314 1513 enim
335 1468 554 1520 accidere,
579 1474 628 1509 vt
650 1473 890 1510 accurrant
914 1466 1167 1522 superiores
1192 1465 1366 1508 facilius
1390 1465 1446 1507 ad
1475 1479 1569 1516 eos,
1598 1463 1676 1519 qui

48 1546 348 1605 promptiores
370 1552 476 1587 sunt
499 1544 555 1587 ad
579 1543 899 1588 obedientiam.

137 1623 252 1666 Illud
274 1637 455 1677 quoque
477 1621 760 1677 prouideant,
787 1636 844 1664 ne
866 1620 938 1663 vel
960 1616 1142 1674 infirmi,
1168 1621 1240 1664 vel
1263 1619 1340 1675 qui
1362 1634 1416 1662 ex
1439 1617 1678 1661 infirmita-

49 1707 94 1744 te
118 1700 189 1746 108
213 1699 554 1750 conualescunt,
579 1697 764 1741 liberius
788 1712 922 1752 quam
951 1712 1031 1753 par
1053 1697 1110 1739 sit
1138 1698 1399 1752 loquantur,
1431 1702 1509 1738 aut
1537 1709 1677 1750 quae-

50 1776 188 1820 rulosi
211 1777 423 1827 euadant,
449 1775 520 1817 vel
543 1773 710 1830 alioqui
738 1788 896 1832 parum
920 1774 1130 1830 religiose
1158 1789 1207 1817 se
1235 1780 1413 1829 gerant,
1441 1771 1569 1827 quasi
1601 1770 1679 1825 qui

23 1860 210 1910 -putent
240 1867 289 1895 se
321 1852 380 1895 ob
413 1852 651 1895 aduersam
683 1850 990 1895 valetudinem
1020 1865 1108 1893 non
1132 1865 1231 1894 esse
1254 1849 1580 1905 corripiendos,
1606 1848 1681 1891 vel

50 1929 316 1985 disciplinae
352 1928 599 1973 subiectos.
639 1929 747 1971 Illos
780 1928 919 1984 igitur
952 1929 1009 1971 ad
1037 1911 1486 1970 officium'reuoeare
1519 1932 1681 1969 curent

51 2005 321 2063 superiores,
353 2006 486 2048 modo
516 2004 697 2060 quidem
727 2005 1068 2047 accommodato
1097 2018 1148 2047 ac
1175 2004 1281 2048 leni:
1314 2004 1394 2047 sed
1424 2010 1574 2046 tamen
1603 2001 1682 2057 qui

50 2082 203 2126 debita
225 2098 317 2126 non
339 2089 490 2125 careat
512 2082 725 2125 efficacia.
751 2082 818 2124 Ita
840 2081 960 2124 enim
984 2081 1212 2137 agendum
1235 2087 1320 2132 est,
1352 2087 1402 2122 vt
1423 2078 1681 2135 intelligant

18 2207 22 2211 ,
53 2159 163 2202 nihil
191 2159 275 2202 sibi
302 2173 568 2203 concessum
596 2158 666 2210 iri,
702 2159 822 2214 quod
845 2158 1021 2200 animae
1049 2158 1240 2201 salutem
1269 2158 1358 2199 vlla
1387 2156 1561 2199 ratione
1588 2156 1683 2199 lae-

52 2237 160 2280 dere
181 2242 260 2279 aut
281 2235 499 2291 impedire
525 2234 684 2290 possit.
718 2234 823 2277 Pari
845 2241 1077 2290 praeterea
1105 2234 1257 2276 studio
1279 2234 1412 2277 detur
1440 2248 1592 2290 opera,
1625 2247 1683 2275 ne

52 2312 220 2354 infirmi
241 2311 496 2356 eximantur
518 2312 574 2354 ab
597 2311 914 2355 obseruatione
935 2326 1044 2356 suae
1067 2312 1269 2367 regulae,
1296 2325 1410 2366 quae
1429 2309 1619 2352 traditur
1636 2309 1682 2350 in

54 2389 278 2441 examine,
303 2396 347 2431 et
370 2388 416 2430 in
441 2402 464 2443 3
487 2395 614 2444 parte
637 2388 1030 2447 constitutionum.

143 2466 339 2508 Multum
361 2465 642 2521 perpendant
664 2472 710 2509 et
727 2465 1054 2521 circumspecte
1077 2472 1214 2520 agant
1237 2464 1491 2520 superiores
1514 2463 1559 2505 in
1583 2477 1685 2505 sus-

36 2542 307 2598 pendendis
345 2549 603 2585 nostrorum
646 2541 926 2594 ministeriis,
962 2541 1155 2585 maxime
1197 2540 1599 2592 confessariorum;
1641 2547 1685 2581 et

18 2613 23 2616 ’
59 2617 327 2673 prouideant
348 2633 405 2661 ne
433 2618 576 2661 nostri
603 2619 847 2674 loquantur
877 2625 954 2661 aut
977 2625 1172 2661 tractent
1194 2619 1251 2662 de
1283 2632 1419 2660 causa
1448 2616 1687 2659 ablationis

59 2694 213 2747 officii,
238 2702 317 2738 aut
338 2695 558 2747 exercitii,
579 2710 660 2738 cur
678 2695 750 2740 109
769 2696 824 2738 ab
847 2697 934 2738 hoc
958 2696 1206 2747 auferatur,
1226 2702 1271 2738 et
1294 2694 1421 2738 alteri
1439 2694 1586 2744 detur,
1608 2699 1687 2734 aut

58 2785 140 2814 cur
171 2771 244 2815 alii
275 2787 366 2815 non
399 2773 664 2828 abrogetur3
699 2779 743 2817 et
777 2772 910 2815 simul
942 2772 1033 2814 sint
1065 2771 1306 2827 diligentes
1340 2771 1534 2826 (quando
1567 2775 1688 2812 esset

57 2861 209 2900 causa,
239 2863 354 2905 quae
377 2863 480 2891 cum
502 2848 589 2891 Dei
618 2848 786 2891 auxilio
815 2863 905 2891 non
929 2848 1026 2903 erit)
1052 2855 1099 2890 vt
1128 2862 1220 2890 non
1255 2846 1464 2889 omittant
1496 2859 1687 2899 suspen-

59 2924 174 2968 dere*
195 2924 300 2968 talia
328 2925 559 2978 exercitia,
591 2932 636 2969 et
665 2932 774 2968 tunc
802 2926 1058 2977 aduertant,
1090 2931 1138 2966 vt
1169 2924 1214 2966 id
1244 2924 1321 2965 fiat
1350 2922 1445 2965 sine
1475 2921 1688 2964 scandalo

61 3001 226 3057 aliquo,
261 3016 346 3045 nec
379 3002 583 3044 laedatur
615 3001 888 3045 existimatio
917 3002 1031 3053 eius,
1064 3001 1137 3043 cui
1161 2999 1423 3044 exercitium
1454 2997 1690 3041 interdici-

65 3083 153 3131 tur,
183 3078 305 3133 quod
336 3078 433 3122 fieri
465 3077 629 3135 poterit
660 3079 893 3121 commode
925 3085 1061 3133 atque
1093 3083 1361 3133 opportune,
1398 3083 1476 3117 aut
1509 3074 1689 3129 aliquod
