2028 3426
669 272 1098 308 INSTRUCTloNEs-bl
1579 271 1648 317 385

65 375 295 427 obseruet,
321 375 401 417 sed
423 374 527 430 quia
550 373 813 429 simpliciter
843 373 954 416 nolit
982 372 1240 415 institutum
1270 373 1508 416 Societatis
1537 375 1694 416 obser-

69 465 190 495 uare.
217 452 372 506 Quare
395 452 659 494 tractandus
682 465 772 493 non
792 458 875 502 est,
896 457 944 492 vt
967 450 1043 505 qui
1060 450 1118 492 sit
1135 451 1192 494 de
1209 450 1452 494 Societate:
1474 451 1692 505 quemad-

68 528 251 570 modum
275 528 331 580 ei,
357 528 433 583 qui
456 527 571 570 nolit
603 527 787 570 obedire
815 527 1052 583 superiori,
1078 527 1361 570 interdicitur
1384 527 1530 571 cibus.
1557 529 1692 582 Quod

67 604 104 647 si
125 604 289 648 dixerit
312 605 425 648 velle
448 619 496 647 se
518 605 702 660 regulas
723 605 983 657 obseruare,
1011 611 1120 646 tunc
1137 603 1198 645 illi
1217 603 1549 659 significabitur
1572 606 1693 658 quod

67 680 124 723 sit
147 681 391 724 obstrictus
419 682 504 723 sub
536 695 680 736 poena
714 680 887 735 peccati
921 680 1134 732 mortalis,
1166 688 1215 722 vt
1241 694 1398 722 verum
1428 680 1564 733 dicat,
1598 688 1692 722 tum

66 764 248 813 propter
270 758 448 813 insigne
471 758 809 810 detrimentum,
834 759 956 812 quod
981 757 1216 800 obueniret
1241 757 1473 809 Societati,
1500 758 1537 800 si
1561 757 1692 801 aliter

15 875 28 889 „¹
66 835 252 886 faceret,
274 842 368 877 tum
387 834 490 889 quia
508 849 599 876 non
617 841 818 878 seruaret
836 834 969 876 fidem
988 833 1034 876 in
1052 849 1101 877 re
1119 833 1404 890 grauissima,
1426 841 1471 876 et
1488 849 1691 890 praeser-

27 905 32 909 ’
67 910 145 952 tim
168 910 214 952 in
237 911 534 954 confessione.
562 910 750 953 Etiamsi
773 910 976 954 Societas
999 910 1224 954 neminem
1247 910 1419 966 obliget
1442 912 1498 953 ad
1530 925 1690 966 pecca—

24 1011 26 1013 >
67 994 163 1029 tum
185 988 373 1030 mortale
401 977 459 1030 ob
487 987 871 1030 inobseruantiam
903 988 1180 1042 regularum,
1217 994 1369 1030 tamen
1406 987 1500 1031 fere
1538 988 1692 1030 nullus

66 1070 151 1117 est,
177 1064 253 1118 qui
276 1079 365 1107 non
392 1079 447 1108 ex
470 1051 518 1107 se
541 1064 736 1106 adducat
759 1063 928 1118 aliquid
949 1065 1067 1106 vnde
1090 1070 1264 1119 peccet,
1286 1063 1344 1107 50
1363 1065 1521 1106 saltem
1540 1063 1690 1107 venia-

65 1141 182 1193 liter,
208 1140 245 1183 si
267 1142 450 1197 regulas
472 1155 563 1183 non
595 1142 822 1184 obseruet.
851 1141 983 1184 Vnde
1012 1147 1081 1182 est
1112 1140 1186 1182 illa
1206 1142 1488 1183 consuetudo
1518 1148 1688 1193 nostra,

20 1259 24 1262 .
65 1225 114 1260 vt
136 1218 433 1261 confiteamur
462 1217 846 1261 inobseruantiam
875 1217 1155 1272 regularum,
1182 1218 1303 1271 quod
1325 1232 1415 1260 non
1437 1232 1689 1273 possemus,

13 1331 17 1336 .
65 1293 102 1336 si
125 1308 209 1338 nec
240 1309 296 1337 ex
325 1294 471 1346 nobis,
505 1308 589 1337 nec
617 1308 673 1336 ex
702 1293 978 1349 obligatione
1007 1294 1265 1349 regularum
1296 1301 1534 1348 peccatum
1564 1309 1690 1337 com-

23 1402 26 1404 ,
65 1370 333 1413 mitteretur.
361 1371 666 1413 Confirmatur
688 1371 776 1412 hoc
799 1385 854 1413 ex
876 1371 934 1412 D.
957 1370 1149 1422 Thoma,
1171 1378 1236 1412 2.a
1261 1378 1358 1422 23³³,
1381 1385 1423 1425 q.
1452 1371 1548 1422 186,
1575 1386 1640 1415 ar.
1665 1386 1694 1428 9

63 1447 120 1489 ad
149 1455 221 1489 Ι.ΠΙ
244 1448 301 1489 Et
321 1446 687 1502 quandoquidem
712 1446 976 1502 contingere
1000 1453 1163 1502 potest,
1188 1453 1236 1488 vt
1259 1447 1432 1489 nullum
1456 1448 1512 1490 sit
1534 1462 1693 1504 pecca-

26 1548 31 1552 ·
64 1530 176 1575 tum,
202 1523 240 1566 si
263 1524 364 1578 quis
392 1524 596 1579 regulam
625 1523 820 1578 aliquam
849 1537 939 1565 non
968 1523 1197 1573 obseruet,
1229 1537 1282 1565 ea
1309 1523 1366 1567 de
1398 1539 1444 1567 re
1476 1523 1692 1567 iudicium

15 1610 18 1613 ’
63 1599 147 1644 erit
169 1599 431 1644 confessarii
455 1615 509 1644 ex
532 1599 629 1643 iure
652 1599 900 1642 communi.

152 1677 345 1732 Quoties
373 1675 525 1719 veniet
553 1691 671 1719 vnus
698 1676 739 1719 ei
767 1677 1077 1727 confessurus,
1110 1676 1183 1718 cui
1212 1691 1306 1719 non
1339 1677 1453 1719 solet
1491 1677 1689 1732 quidem,

62 1760 213 1809 potest
236 1761 385 1797 tamen
409 1753 630 1806 confiteri,
656 1768 928 1809 quacunque
951 1768 1006 1797 ex
1030 1767 1168 1796 causa
1191 1754 1235 1796 id
1267 1754 1464 1806 eueniat,
1498 1753 1693 1797 interro—

58 1830 240 1886 gabitur
263 1846 320 1873 an
349 1830 456 1874 velit
492 1845 675 1873 causam
705 1829 872 1885 dicere,
912 1837 1095 1886 propter
1132 1845 1266 1885 quam
1300 1845 1382 1873 suo
1415 1831 1692 1875 confessario

15 1908 18 1910 ’
60 1907 286 1950 ordinario
309 1915 326 1932 ²³
348 1922 438 1950 non
461 1908 722 1959 confitetur,
749 1914 793 1949 et
816 1906 900 1950 sibi
924 1906 1032 1949 velit
1060 1907 1281 1960 confiter'i3
1314 1907 1350 1950 si
1381 1922 1471 1950 non
1500 1899 1690 1963 respon-

13 2027 16 2030 .
61 1983 192 2036 derit,
226 1985 298 2027 vel
336 1984 630 2035 dubitauerit,
664 1985 736 2027 vel
765 1983 960 2027 noluerit
997 1983 1164 2035 dicere,
1205 1983 1325 2026 illius
1363 1984 1692 2028 confessionem

19 2076 22 2077 ⁷
61 2075 152 2103 non
175 2060 344 2113 audiet3
370 2061 439 2103 sin
461 2060 624 2102 dixerit
646 2075 695 2104 se
718 2061 833 2104 velle
856 2074 1039 2103 causam
1070 2067 1208 2102 totam
1239 2061 1427 2116 aperire,
1459 2060 1690 2116 significa-

60 2136 127 2179 bit
149 2137 211 2179 illi
240 2138 360 2193 quod
389 2137 447 2179 sit
476 2136 705 2193 obligatus
734 2137 777 2180 51
806 2137 892 2179 sub
919 2151 1067 2192 poena
1096 2137 1270 2192 peccati
1301 2137 1499 2180 mortalis
1532 2151 1690 2180 uerum

14 2204 21 2208 ⁵
62 2213 227 2266 dicere,
261 2213 630 2269 quandoquidem
659 2213 705 2255 id
732 2213 779 2255 in
808 2213 1091 2256 confessione
1123 2213 1332 2256 dicturus
1363 2221 1447 2265 est,
1474 2222 1519 2258 et
1549 2228 1692 2270 graue

61 2289 381 2333 detrimentum
404 2298 669 2346 sequeretur
691 2297 736 2333 et
754 2296 1017 2333 censeretur
1038 2304 1137 2333 esse
1156 2290 1441 2333 mendacium
1463 2290 1681 2346 pernitio-

63 2381 179 2420 sum,
205 2366 242 2409 si
265 2367 392 2410 aliter
413 2368 557 2411 fieret.

151 2443 396 2500 Inuigilent
419 2442 720 2500 prouinciales
749 2449 794 2487 et
820 2438 1092 2498 prouideant
1124 2443 1382 2499 diligenter,
1414 2450 1463 2491 vt
1492 2443 1691 2487 necessi·

65 2526 179 2562 tates
202 2521 271 2562 vel
295 2520 599 2571 difficultates,
626 2520 663 2562 si
693 2534 809 2574 quae
836 2519 1107 2563 obuenirent
1138 2519 1358 2575 collegiis,
1391 2520 1597 2563 celeriter
1628 2519 1693 2560 in-

63 2595 284 2652 telligant,
317 2611 393 2639 eas
420 2596 700 2652 praesertim,
734 2611 849 2651 quae
881 2596 936 2638 ad
968 2595 1347 2651 gubernationem
1381 2596 1589 2645 attinent,
1621 2596 1692 2638 vel

64 2673 120 2715 ad
141 2672 375 2729 grauiores
399 2672 687 2725 tentationes,
713 2680 762 2714 vt
791 2672 942 2715 statim
966 2686 1202 2715 accurrere
1231 2671 1405 2728 possint
1427 2680 1470 2715 et
1501 2685 1691 2713 succur—

8 2758 19 2768 “
65 2763 178 2801 rere,
209 2764 267 2792 ne
297 2750 532 2805 contingat
561 2748 718 2804 augeri
747 2748 1052 2795 difficultates,
1079 2755 1124 2792 et
1147 2748 1416 2791 detrimenta
1439 2748 1542 2790 inde
1572 2746 1688 2789 acci—

4 2814 12 2820 ·
65 2840 170 2881 pere
193 2826 403 2882 collegia.
1397 2818 1401 2822 ⁶

151 2903 293 2946 Curet
316 2902 620 2958 prouincialis,
646 2910 694 2944 vt
716 2909 914 2945 rectores
935 2903 1026 2944 duo
1043 2901 1252 2944 cubicula
1270 2914 1360 2942 non
1377 2901 1589 2951 habeant,
1610 2900 1693 2942 sed

136 3078 152 3094 a
202 3067 411 3103 ordinarie
431 3079 506 3102 ms.

241 3132 360 3161 prsr.
384 3132 420 3160 P.
441 3132 575 3165 NADAL,
595 3139 675 3160 τοΜ.
698 3131 763 3159 IV.
1479 3128 1516 3155 26
