<?xml version="1.0" encoding="UTF-8"?>
<!DOCTYPE html PUBLIC "-//W3C//DTD XHTML 1.0 Transitional//EN"
    "http://www.w3.org/TR/xhtml1/DTD/xhtml1-transitional.dtd">
<html xmlns="http://www.w3.org/1999/xhtml" xml:lang="en" lang="en">
 <head>
  <title>
</title>
<meta http-equiv="Content-Type" content="text/html;charset=utf-8" />
  <meta name='ocr-system' content='tesseract 3.04.00' />
  <meta name='ocr-capabilities' content='ocr_page ocr_carea ocr_par ocr_line ocrx_word'/>
</head>
<body>
  <div class='ocr_page' id='page_1' title='image "./epistolaephieron11nada_0025.png"; bbox 0 0 2028 3426; ppageno 0'>
   <div class='ocr_carea' id='block_1_1' title="bbox 758 260 1640 294">
    <p class='ocr_par' dir='ltr' id='par_1_1' title="bbox 758 260 1640 294">
     <span class='ocr_line' id='line_1_1' title="bbox 758 260 1640 294; baseline 0.001 -1"><span class='ocrx_word' id='word_1_1' title='bbox 758 260 998 294; x_wconf 78' lang='lat' dir='ltr'><strong>PRAEFATIO</strong></span> <span class='ocrx_word' id='word_1_2' title='bbox 1572 268 1640 294; x_wconf 85' lang='lat' dir='ltr'><strong>x1x</strong></span> 
     </span>
    </p>
   </div>
   <div class='ocr_carea' id='block_1_2' title="bbox 65 359 1685 495">
    <p class='ocr_par' dir='ltr' id='par_1_2' title="bbox 65 359 1685 495">
     <span class='ocr_line' id='line_1_2' title="bbox 66 359 1681 417; baseline -0.004 -9"><span class='ocrx_word' id='word_1_3' title='bbox 66 378 162 408; x_wconf 90' lang='lat' dir='ltr'><strong>rum</strong></span> <span class='ocrx_word' id='word_1_4' title='bbox 185 363 320 416; x_wconf 90' lang='lat' dir='ltr'><strong>dicta,</strong></span> <span class='ocrx_word' id='word_1_5' title='bbox 345 363 400 406; x_wconf 92' lang='lat' dir='ltr'><strong>ad</strong></span> <span class='ocrx_word' id='word_1_6' title='bbox 423 361 743 417; x_wconf 76' lang='lat' dir='ltr'><strong>perfectionem</strong></span> <span class='ocrx_word' id='word_1_7' title='bbox 767 360 1033 416; x_wconf 81' lang='lat' dir='ltr'>spectantia.</span> <span class='ocrx_word' id='word_1_8' title='bbox 1057 359 1248 412; x_wconf 78' lang='lat' dir='ltr'><strong>Deinde,</strong></span> <span class='ocrx_word' id='word_1_9' title='bbox 1269 374 1385 414; x_wconf 87' lang='lat' dir='ltr'><strong>quae</strong></span> <span class='ocrx_word' id='word_1_10' title='bbox 1407 359 1595 403; x_wconf 81' lang='lat' dir='ltr'><strong>diversis</strong></span> <span class='ocrx_word' id='word_1_11' title='bbox 1618 360 1681 402; x_wconf 72' lang='lat' dir='ltr'><strong>vi-</strong></span> 
     </span>
     <span class='ocr_line' id='line_1_3' title="bbox 65 436 1685 495; baseline -0.004 -11"><span class='ocrx_word' id='word_1_12' title='bbox 65 448 136 485; x_wconf 91' lang='lat' dir='ltr'><strong>tae</strong></span> <span class='ocrx_word' id='word_1_13' title='bbox 157 454 266 483; x_wconf 90' lang='lat' dir='ltr'><strong>suae</strong></span> <span class='ocrx_word' id='word_1_14' title='bbox 287 437 563 495; x_wconf 78' lang='lat' dir='ltr'><strong>temporibus</strong></span> <span class='ocrx_word' id='word_1_15' title='bbox 587 437 631 479; x_wconf 91' lang='lat' dir='ltr'><strong>in</strong></span> <span class='ocrx_word' id='word_1_16' title='bbox 655 437 868 481; x_wconf 88' lang='lat' dir='ltr'><strong>orationis</strong></span> <span class='ocrx_word' id='word_1_17' title='bbox 897 451 1095 489; x_wconf 91' lang='lat' dir='ltr'><strong>secessu,</strong></span> <span class='ocrx_word' id='word_1_18' title='bbox 1127 436 1308 479; x_wconf 89' lang='lat' dir='ltr'><strong>caelesti</strong></span> <span class='ocrx_word' id='word_1_19' title='bbox 1338 436 1506 480; x_wconf 90' lang='lat' dir='ltr'><strong>lumine</strong></span> <span class='ocrx_word' id='word_1_20' title='bbox 1535 438 1685 492; x_wconf 84' lang='lat' dir='ltr'><strong>perfu-</strong></span> 
     </span>
    </p>
   </div>
   <div class='ocr_carea' id='block_1_3' title="bbox 2 513 1683 569">
    <p class='ocr_par' dir='ltr' id='par_1_3' title="bbox 2 513 1683 569">
     <span class='ocr_line' id='line_1_4' title="bbox 2 513 1683 569; baseline -0.004 -8"><span class='ocrx_word' id='word_1_21' title='bbox 2 515 4 519; x_wconf 73' lang='grc'><strong>’</strong></span> <span class='ocrx_word' id='word_1_22' title='bbox 63 532 154 568; x_wconf 82' lang='lat' dir='ltr'><strong>suS,</strong></span> <span class='ocrx_word' id='word_1_23' title='bbox 181 516 346 559; x_wconf 90' lang='lat' dir='ltr'><strong>clarius</strong></span> <span class='ocrx_word' id='word_1_24' title='bbox 367 514 586 558; x_wconf 81' lang='lat' dir='ltr'><strong>intellexit</strong></span> <span class='ocrx_word' id='word_1_25' title='bbox 604 521 649 558; x_wconf 88' lang='lat' dir='ltr'><strong>et</strong></span> <span class='ocrx_word' id='word_1_26' title='bbox 666 513 831 569; x_wconf 88' lang='lat' dir='ltr'><strong>scripto</strong></span> <span class='ocrx_word' id='word_1_27' title='bbox 849 513 1040 566; x_wconf 88' lang='lat' dir='ltr'><strong>notavit,</strong></span> <span class='ocrx_word' id='word_1_28' title='bbox 1065 513 1110 555; x_wconf 91' lang='lat' dir='ltr'><strong>in</strong></span> <span class='ocrx_word' id='word_1_29' title='bbox 1133 520 1334 556; x_wconf 89' lang='lat' dir='ltr'><strong>extrema</strong></span> <span class='ocrx_word' id='word_1_30' title='bbox 1351 520 1587 557; x_wconf 76' lang='lat' dir='ltr'><strong>senectute</strong></span> <span class='ocrx_word' id='word_1_31' title='bbox 1606 528 1683 555; x_wconf 90' lang='lat' dir='ltr'><strong>no-</strong></span> 
     </span>
    </p>
   </div>
   <div class='ocr_carea' id='block_1_4' title="bbox 8 589 1690 1494">
    <p class='ocr_par' dir='ltr' id='par_1_4' title="bbox 62 589 1686 800">
     <span class='ocr_line' id='line_1_5' title="bbox 62 589 1684 647; baseline -0.002 -11"><span class='ocrx_word' id='word_1_32' title='bbox 62 593 130 637; x_wconf 93' lang='lat' dir='ltr'><strong>vis</strong></span> <span class='ocrx_word' id='word_1_33' title='bbox 151 592 270 636; x_wconf 92' lang='lat' dir='ltr'><strong>curis</strong></span> <span class='ocrx_word' id='word_1_34' title='bbox 291 593 527 635; x_wconf 86' lang='lat' dir='ltr'><strong>emendata</strong></span> <span class='ocrx_word' id='word_1_35' title='bbox 549 590 799 647; x_wconf 80' lang='lat' dir='ltr'><strong>posteritati</strong></span> <span class='ocrx_word' id='word_1_36' title='bbox 829 590 1022 646; x_wconf 87' lang='lat' dir='ltr'><strong>reliquit.</strong></span> <span class='ocrx_word' id='word_1_37' title='bbox 1055 590 1208 633; x_wconf 93' lang='lat' dir='ltr'><strong>Tertio</strong></span> <span class='ocrx_word' id='word_1_38' title='bbox 1231 590 1331 632; x_wconf 93' lang='lat' dir='ltr'><strong>loco</strong></span> <span class='ocrx_word' id='word_1_39' title='bbox 1353 589 1519 633; x_wconf 84' lang='lat' dir='ltr'><strong>ibidem</strong></span> <span class='ocrx_word' id='word_1_40' title='bbox 1543 590 1684 632; x_wconf 90' lang='lat' dir='ltr'><strong>colle-</strong></span> 
     </span>
     <span class='ocr_line' id='line_1_6' title="bbox 63 667 1686 727; baseline -0.002 -14"><span class='ocrx_word' id='word_1_41' title='bbox 63 670 129 727; x_wconf 85' lang='lat' dir='ltr'><strong>git</strong></span> <span class='ocrx_word' id='word_1_42' title='bbox 151 669 366 713; x_wconf 89' lang='lat' dir='ltr'><strong>lectiones</strong></span> <span class='ocrx_word' id='word_1_43' title='bbox 388 683 553 720; x_wconf 91' lang='lat' dir='ltr'><strong>sacras,</strong></span> <span class='ocrx_word' id='word_1_44' title='bbox 579 683 660 711; x_wconf 92' lang='lat' dir='ltr'><strong>seu</strong></span> <span class='ocrx_word' id='word_1_45' title='bbox 681 667 1018 723; x_wconf 80' lang='lat' dir='ltr'><strong>explanationes</strong></span> <span class='ocrx_word' id='word_1_46' title='bbox 1041 667 1235 723; x_wconf 90' lang='lat' dir='ltr'><strong>plurium</strong></span> <span class='ocrx_word' id='word_1_47' title='bbox 1258 681 1410 710; x_wconf 89' lang='lat' dir='ltr'><strong>sacrae</strong></span> <span class='ocrx_word' id='word_1_48' title='bbox 1433 667 1686 722; x_wconf 79' lang='lat' dir='ltr'><strong>scripturae</strong></span> 
     </span>
     <span class='ocr_line' id='line_1_7' title="bbox 63 743 1686 800; baseline -0.003 -10"><span class='ocrx_word' id='word_1_49' title='bbox 63 748 278 798; x_wconf 90' lang='lat' dir='ltr'><strong>locorum,</strong></span> <span class='ocrx_word' id='word_1_50' title='bbox 303 752 652 799; x_wconf 83' lang='lat' dir='ltr'><strong>sanctorumque</strong></span> <span class='ocrx_word' id='word_1_51' title='bbox 670 752 846 800; x_wconf 88' lang='lat' dir='ltr'><strong>patrum</strong></span> <span class='ocrx_word' id='word_1_52' title='bbox 864 744 1125 796; x_wconf 83' lang='lat' dir='ltr'><strong>sententias,</strong></span> <span class='ocrx_word' id='word_1_53' title='bbox 1149 759 1174 787; x_wconf 86' lang='lat' dir='ltr'><strong>a</strong></span> <span class='ocrx_word' id='word_1_54' title='bbox 1192 743 1356 799; x_wconf 90' lang='lat' dir='ltr'><strong>seipso,</strong></span> <span class='ocrx_word' id='word_1_55' title='bbox 1377 750 1511 799; x_wconf 91' lang='lat' dir='ltr'><strong>prout</strong></span> <span class='ocrx_word' id='word_1_56' title='bbox 1534 758 1604 787; x_wconf 91' lang='lat' dir='ltr'><strong>res</strong></span> <span class='ocrx_word' id='word_1_57' title='bbox 1622 743 1686 786; x_wconf 89' lang='lat' dir='ltr'><strong>fe-</strong></span> 
     </span>
    </p>

    <p class='ocr_par' dir='ltr' id='par_1_5' title="bbox 8 817 1688 1110">
     <span class='ocr_line' id='line_1_8' title="bbox 8 817 1688 874; baseline -0.002 -6"><span class='ocrx_word' id='word_1_58' title='bbox 8 817 16 828; x_wconf 44' lang='lat'><em>³</em></span> <span class='ocrx_word' id='word_1_59' title='bbox 64 825 205 874; x_wconf 88' lang='lat' dir='ltr'><strong>rebat,</strong></span> <span class='ocrx_word' id='word_1_60' title='bbox 230 823 275 865; x_wconf 92' lang='lat' dir='ltr'><strong>in</strong></span> <span class='ocrx_word' id='word_1_61' title='bbox 298 822 486 866; x_wconf 87' lang='lat' dir='ltr'><strong>diversis</strong></span> <span class='ocrx_word' id='word_1_62' title='bbox 523 821 632 864; x_wconf 92' lang='lat' dir='ltr'><strong>locis</strong></span> <span class='ocrx_word' id='word_1_63' title='bbox 655 822 878 865; x_wconf 89' lang='lat' dir='ltr'><strong>collectas.</strong></span> <span class='ocrx_word' id='word_1_64' title='bbox 919 822 1035 864; x_wconf 89' lang='lat' dir='ltr'><strong>Cum</strong></span> <span class='ocrx_word' id='word_1_65' title='bbox 1059 828 1210 864; x_wconf 79' lang='lat' dir='ltr'><strong>autern</strong></span> <span class='ocrx_word' id='word_1_66' title='bbox 1232 822 1344 863; x_wconf 90' lang='lat' dir='ltr'><strong>haec</strong></span> <span class='ocrx_word' id='word_1_67' title='bbox 1376 820 1528 863; x_wconf 88' lang='lat' dir='ltr'><strong>omnia</strong></span> <span class='ocrx_word' id='word_1_68' title='bbox 1551 820 1688 864; x_wconf 88' lang='lat' dir='ltr'><strong>edere</strong></span> 
     </span>
     <span class='ocr_line' id='line_1_9' title="bbox 63 896 1687 953; baseline -0.002 -11"><span class='ocrx_word' id='word_1_69' title='bbox 63 900 109 942; x_wconf 91' lang='lat' dir='ltr'><strong>in</strong></span> <span class='ocrx_word' id='word_1_70' title='bbox 137 898 304 942; x_wconf 77' lang='lat' dir='ltr'><strong>nostris</strong></span> <span class='ocrx_word' id='word_1_71' title='bbox 333 900 661 942; x_wconf 80' lang='lat' dir='ltr'>MONUMENTIS</span> <span class='ocrx_word' id='word_1_72' title='bbox 691 913 781 941; x_wconf 90' lang='lat' dir='ltr'><strong>non</strong></span> <span class='ocrx_word' id='word_1_73' title='bbox 815 897 1028 953; x_wconf 87' lang='lat' dir='ltr'><strong>expedire</strong></span> <span class='ocrx_word' id='word_1_74' title='bbox 1060 896 1387 949; x_wconf 86' lang='lat' dir='ltr'><strong>censuerimus,</strong></span> <span class='ocrx_word' id='word_1_75' title='bbox 1420 897 1568 952; x_wconf 85' lang='lat' dir='ltr'><strong>aliqua</strong></span> <span class='ocrx_word' id='word_1_76' title='bbox 1599 898 1687 940; x_wconf 88' lang='lat' dir='ltr'><strong>sal-</strong></span> 
     </span>
     <span class='ocr_line' id='line_1_10' title="bbox 64 974 1687 1033; baseline -0.002 -13"><span class='ocrx_word' id='word_1_77' title='bbox 64 985 152 1020; x_wconf 88' lang='lat' dir='ltr'><strong>tem</strong></span> <span class='ocrx_word' id='word_1_78' title='bbox 175 984 401 1033; x_wconf 88' lang='lat' dir='ltr'><strong>excerpta,</strong></span> <span class='ocrx_word' id='word_1_79' title='bbox 427 976 591 1031; x_wconf 84' lang='lat' dir='ltr'><strong>quibus</strong></span> <span class='ocrx_word' id='word_1_80' title='bbox 613 983 658 1018; x_wconf 91' lang='lat' dir='ltr'><strong>et</strong></span> <span class='ocrx_word' id='word_1_81' title='bbox 687 975 860 1018; x_wconf 90' lang='lat' dir='ltr'><strong>Natalis</strong></span> <span class='ocrx_word' id='word_1_82' title='bbox 888 975 980 1019; x_wconf 87' lang='lat' dir='ltr'><strong>vita</strong></span> <span class='ocrx_word' id='word_1_83' title='bbox 1001 982 1046 1018; x_wconf 91' lang='lat' dir='ltr'><strong>et</strong></span> <span class='ocrx_word' id='word_1_84' title='bbox 1071 974 1309 1019; x_wconf 85' lang='lat' dir='ltr'><strong>Societatis</strong></span> <span class='ocrx_word' id='word_1_85' title='bbox 1338 974 1526 1017; x_wconf 90' lang='lat' dir='ltr'><strong>historia</strong></span> <span class='ocrx_word' id='word_1_86' title='bbox 1555 974 1687 1017; x_wconf 87' lang='lat' dir='ltr'><strong>ditari</strong></span> 
     </span>
     <span class='ocr_line' id='line_1_11' title="bbox 66 1052 922 1110; baseline -0.002 -13"><span class='ocrx_word' id='word_1_87' title='bbox 66 1053 255 1110; x_wconf 86' lang='lat' dir='ltr'><strong>possint,</strong></span> <span class='ocrx_word' id='word_1_88' title='bbox 282 1053 383 1097; x_wconf 90' lang='lat' dir='ltr'><strong>heic</strong></span> <span class='ocrx_word' id='word_1_89' title='bbox 405 1053 603 1096; x_wconf 88' lang='lat' dir='ltr'><strong>inserere</strong></span> <span class='ocrx_word' id='word_1_90' title='bbox 625 1052 922 1096; x_wconf 87' lang='lat' dir='ltr'><strong>decrevimus.</strong></span> 
     </span>
    </p>

    <p class='ocr_par' dir='ltr' id='par_1_6' title="bbox 63 1129 1690 1417">
     <span class='ocr_line' id='line_1_12' title="bbox 150 1129 1683 1186; baseline -0.002 -12"><span class='ocrx_word' id='word_1_91' title='bbox 150 1131 224 1174; x_wconf 87' lang='lat' dir='ltr'><strong>Ad</strong></span> <span class='ocrx_word' id='word_1_92' title='bbox 242 1131 412 1174; x_wconf 78' lang='lat' dir='ltr'><strong>calcem</strong></span> <span class='ocrx_word' id='word_1_93' title='bbox 435 1144 541 1173; x_wconf 86' lang='lat' dir='ltr'><strong>vero</strong></span> <span class='ocrx_word' id='word_1_94' title='bbox 563 1129 821 1181; x_wconf 86' lang='lat' dir='ltr'><strong>voluminis,</strong></span> <span class='ocrx_word' id='word_1_95' title='bbox 853 1143 936 1172; x_wconf 92' lang='lat' dir='ltr'><strong>ceu</strong></span> <span class='ocrx_word' id='word_1_96' title='bbox 961 1129 1098 1172; x_wconf 91' lang='lat' dir='ltr'><strong>totius</strong></span> <span class='ocrx_word' id='word_1_97' title='bbox 1127 1129 1275 1185; x_wconf 90' lang='lat' dir='ltr'><strong>operis</strong></span> <span class='ocrx_word' id='word_1_98' title='bbox 1303 1130 1683 1186; x_wconf 73' lang='lat' dir='ltr'><strong>Supplementzmz,</strong></span> 
     </span>
     <span class='ocr_line' id='line_1_13' title="bbox 63 1206 1689 1258; baseline -0.002 -7"><span class='ocrx_word' id='word_1_99' title='bbox 63 1214 354 1252; x_wconf 86' lang='lat' dir='ltr'><strong>monumenta</strong></span> <span class='ocrx_word' id='word_1_100' title='bbox 390 1207 622 1258; x_wconf 87' lang='lat' dir='ltr'><strong>nonnulla,</strong></span> <span class='ocrx_word' id='word_1_101' title='bbox 657 1222 682 1249; x_wconf 91' lang='lat' dir='ltr'><strong>a</strong></span> <span class='ocrx_word' id='word_1_102' title='bbox 717 1206 928 1249; x_wconf 83' lang='lat' dir='ltr'><strong>Patribus</strong></span> <span class='ocrx_word' id='word_1_103' title='bbox 967 1206 1353 1250; x_wconf 89' lang='lat' dir='ltr'><strong>Tacchi··Venturi</strong></span> <span class='ocrx_word' id='word_1_104' title='bbox 1391 1213 1436 1250; x_wconf 92' lang='lat' dir='ltr'><strong>et</strong></span> <span class='ocrx_word' id='word_1_105' title='bbox 1466 1206 1689 1249; x_wconf 91' lang='lat' dir='ltr'><strong>Tournier</strong></span> 
     </span>
     <span class='ocr_line' id='line_1_14' title="bbox 64 1272 1687 1339; baseline -0.002 -11"><span class='ocrx_word' id='word_1_106' title='bbox 64 1272 232 1328; x_wconf 88' lang='lat' dir='ltr'><strong>Romae</strong></span> <span class='ocrx_word' id='word_1_107' title='bbox 253 1291 298 1327; x_wconf 87' lang='lat' dir='ltr'><strong>et</strong></span> <span class='ocrx_word' id='word_1_108' title='bbox 321 1283 563 1328; x_wconf 79' lang='lat' dir='ltr'><strong>Mediolani</strong></span> <span class='ocrx_word' id='word_1_109' title='bbox 581 1283 838 1339; x_wconf 87' lang='lat' dir='ltr'><strong>nuperrime</strong></span> <span class='ocrx_word' id='word_1_110' title='bbox 855 1282 1055 1335; x_wconf 86' lang='lat' dir='ltr'><strong>inventa,</strong></span> <span class='ocrx_word' id='word_1_111' title='bbox 1076 1290 1120 1328; x_wconf 92' lang='lat' dir='ltr'><strong>et</strong></span> <span class='ocrx_word' id='word_1_112' title='bbox 1142 1298 1222 1339; x_wconf 91' lang='lat' dir='ltr'><strong>pro</strong></span> <span class='ocrx_word' id='word_1_113' title='bbox 1240 1298 1394 1327; x_wconf 89' lang='lat' dir='ltr'><strong>eorum</strong></span> <span class='ocrx_word' id='word_1_114' title='bbox 1413 1284 1687 1327; x_wconf 79' lang='lat' dir='ltr'><strong>benevolen-</strong></span> 
     </span>
     <span class='ocr_line' id='line_1_15' title="bbox 65 1359 1690 1417; baseline -0.002 -13"><span class='ocrx_word' id='word_1_115' title='bbox 65 1359 125 1404; x_wconf 89' lang='lat' dir='ltr'><strong>tia</strong></span> <span class='ocrx_word' id='word_1_116' title='bbox 147 1361 203 1404; x_wconf 92' lang='lat' dir='ltr'><strong>ad</strong></span> <span class='ocrx_word' id='word_1_117' title='bbox 226 1374 308 1403; x_wconf 92' lang='lat' dir='ltr'><strong>nos</strong></span> <span class='ocrx_word' id='word_1_118' title='bbox 331 1360 517 1417; x_wconf 88' lang='lat' dir='ltr'><strong>perlata,</strong></span> <span class='ocrx_word' id='word_1_119' title='bbox 543 1360 872 1404; x_wconf 85' lang='lat' dir='ltr'><strong>exhibebimus.</strong></span> <span class='ocrx_word' id='word_1_120' title='bbox 901 1361 1033 1415; x_wconf 72' lang='lat' dir='ltr'><strong>Quae</strong></span> <span class='ocrx_word' id='word_1_121' title='bbox 1055 1359 1236 1416; x_wconf 91' lang='lat' dir='ltr'><strong>quidem</strong></span> <span class='ocrx_word' id='word_1_122' title='bbox 1260 1360 1420 1416; x_wconf 86' lang='lat' dir='ltr'><strong>partim</strong></span> <span class='ocrx_word' id='word_1_123' title='bbox 1443 1361 1498 1403; x_wconf 90' lang='lat' dir='ltr'><strong>ad</strong></span> <span class='ocrx_word' id='word_1_124' title='bbox 1516 1359 1690 1403; x_wconf 89' lang='lat' dir='ltr'><strong>Natalis</strong></span> 
     </span>
    </p>

    <p class='ocr_par' dir='ltr' id='par_1_7' title="bbox 43 1436 1689 1494">
     <span class='ocr_line' id='line_1_16' title="bbox 43 1436 1689 1494; baseline 0 -15"><span class='ocrx_word' id='word_1_125' title='bbox 43 1437 110 1480; x_wconf 85' lang='lat' dir='ltr'><strong>&#39;in</strong></span> <span class='ocrx_word' id='word_1_126' title='bbox 134 1438 398 1494; x_wconf 79' lang='lat' dir='ltr'><strong>Hispaniam</strong></span> <span class='ocrx_word' id='word_1_127' title='bbox 424 1439 508 1481; x_wconf 91' lang='lat' dir='ltr'><strong>sub</strong></span> <span class='ocrx_word' id='word_1_128' title='bbox 533 1437 690 1481; x_wconf 91' lang='lat' dir='ltr'><strong>Lainio</strong></span> <span class='ocrx_word' id='word_1_129' title='bbox 720 1437 995 1490; x_wconf 88' lang='lat' dir='ltr'><strong>missionem,</strong></span> <span class='ocrx_word' id='word_1_130' title='bbox 1031 1437 1193 1494; x_wconf 86' lang='lat' dir='ltr'><strong>partim</strong></span> <span class='ocrx_word' id='word_1_131' title='bbox 1216 1438 1272 1481; x_wconf 89' lang='lat' dir='ltr'><strong>ad</strong></span> <span class='ocrx_word' id='word_1_132' title='bbox 1304 1436 1576 1481; x_wconf 88' lang='lat' dir='ltr'><strong>Germaniae</strong></span> <span class='ocrx_word' id='word_1_133' title='bbox 1604 1438 1689 1480; x_wconf 90' lang='lat' dir='ltr'><strong>sub</strong></span> 
     </span>
    </p>
   </div>
   <div class='ocr_carea' id='block_1_5' title="bbox 0 1513 1691 1571">
    <p class='ocr_par' dir='ltr' id='par_1_8' title="bbox 0 1513 1691 1571">
     <span class='ocr_line' id='line_1_17' title="bbox 0 1513 1691 1571; baseline -0.002 -13"><span class='ocrx_word' id='word_1_134' title='bbox 0 1562 3 1565; x_wconf 57' lang='grc'><strong>,</strong></span> <span class='ocrx_word' id='word_1_135' title='bbox 68 1514 235 1571; x_wconf 81' lang='lat' dir='ltr'><strong>Borgia</strong></span> <span class='ocrx_word' id='word_1_136' title='bbox 258 1514 599 1570; x_wconf 58' lang='lat' dir='ltr'><strong>inspectionem,</strong></span> <span class='ocrx_word' id='word_1_137' title='bbox 633 1513 792 1570; x_wconf 88' lang='lat' dir='ltr'><strong>partim</strong></span> <span class='ocrx_word' id='word_1_138' title='bbox 818 1513 1012 1569; x_wconf 90' lang='lat' dir='ltr'><strong>denique</strong></span> <span class='ocrx_word' id='word_1_139' title='bbox 1041 1515 1096 1557; x_wconf 88' lang='lat' dir='ltr'><strong>ad</strong></span> <span class='ocrx_word' id='word_1_140' title='bbox 1124 1514 1293 1571; x_wconf 86' lang='lat' dir='ltr'><strong>primae</strong></span> <span class='ocrx_word' id='word_1_141' title='bbox 1322 1513 1691 1570; x_wconf 81' lang='lat' dir='ltr'><strong>congregationis</strong></span> 
     </span>
    </p>
   </div>
   <div class='ocr_carea' id='block_1_6' title="bbox 65 1591 1749 2033">
    <p class='ocr_par' dir='ltr' id='par_1_9' title="bbox 65 1591 1690 1648">
     <span class='ocr_line' id='line_1_18' title="bbox 65 1591 1690 1648; baseline -0.001 -13"><span class='ocrx_word' id='word_1_142' title='bbox 65 1591 289 1648; x_wconf 84' lang='lat' dir='ltr'><strong>generalis</strong></span> <span class='ocrx_word' id='word_1_143' title='bbox 310 1591 695 1648; x_wconf 84' lang='lat' dir='ltr'><strong>praeparationem</strong></span> <span class='ocrx_word' id='word_1_144' title='bbox 714 1592 989 1634; x_wconf 90' lang='lat' dir='ltr'><strong>referuntur.</strong></span> <span class='ocrx_word' id='word_1_145' title='bbox 1018 1593 1150 1634; x_wconf 91' lang='lat' dir='ltr'><strong>Hanc</strong></span> <span class='ocrx_word' id='word_1_146' title='bbox 1173 1591 1314 1647; x_wconf 81' lang='lat' dir='ltr'><strong>igitur</strong></span> <span class='ocrx_word' id='word_1_147' title='bbox 1344 1591 1463 1634; x_wconf 89' lang='lat' dir='ltr'><strong>nacti</strong></span> <span class='ocrx_word' id='word_1_148' title='bbox 1488 1591 1690 1634; x_wconf 87' lang='lat' dir='ltr'><strong>occasio-</strong></span> 
     </span>
    </p>

    <p class='ocr_par' dir='ltr' id='par_1_10' title="bbox 66 1667 1749 2033">
     <span class='ocr_line' id='line_1_19' title="bbox 67 1667 1690 1721; baseline -0.001 -9"><span class='ocrx_word' id='word_1_149' title='bbox 67 1684 185 1721; x_wconf 86' lang='lat' dir='ltr'><strong>nem,</strong></span> <span class='ocrx_word' id='word_1_150' title='bbox 218 1675 312 1711; x_wconf 89' lang='lat' dir='ltr'><strong>tum</strong></span> <span class='ocrx_word' id='word_1_151' title='bbox 340 1668 532 1712; x_wconf 88' lang='lat' dir='ltr'><strong>laudatis</strong></span> <span class='ocrx_word' id='word_1_152' title='bbox 561 1676 740 1712; x_wconf 87' lang='lat' dir='ltr'><strong>nostrae</strong></span> <span class='ocrx_word' id='word_1_153' title='bbox 769 1668 1008 1712; x_wconf 87' lang='lat' dir='ltr'><strong>Societatis</strong></span> <span class='ocrx_word' id='word_1_154' title='bbox 1049 1667 1283 1720; x_wconf 84' lang='lat' dir='ltr'><strong>Patribus,</strong></span> <span class='ocrx_word' id='word_1_155' title='bbox 1327 1674 1422 1710; x_wconf 90' lang='lat' dir='ltr'><strong>turn</strong></span> <span class='ocrx_word' id='word_1_156' title='bbox 1463 1670 1513 1710; x_wconf 87' lang='grc' dir='ltr'><strong>Ρ.</strong></span> <span class='ocrx_word' id='word_1_157' title='bbox 1548 1669 1582 1710; x_wconf 92' lang='lat' dir='ltr'><strong>F</strong></span> <span class='ocrx_word' id='word_1_158' title='bbox 1589 1682 1690 1711; x_wconf 86' lang='lat' dir='ltr'><strong>ran-</strong></span> 
     </span>
     <span class='ocr_line' id='line_1_20' title="bbox 66 1744 1688 1803; baseline -0.001 -15"><span class='ocrx_word' id='word_1_159' title='bbox 66 1746 184 1789; x_wconf 90' lang='lat' dir='ltr'><strong>cisco</strong></span> <span class='ocrx_word' id='word_1_160' title='bbox 223 1746 373 1799; x_wconf 91' lang='lat' dir='ltr'><strong>Ehrle,</strong></span> <span class='ocrx_word' id='word_1_161' title='bbox 408 1747 460 1790; x_wconf 85' lang='lat' dir='ltr'><strong>P.</strong></span> <span class='ocrx_word' id='word_1_162' title='bbox 489 1745 653 1803; x_wconf 85' lang='lat' dir='ltr'><strong>Joanni</strong></span> <span class='ocrx_word' id='word_1_163' title='bbox 688 1747 787 1789; x_wconf 90' lang='lat' dir='ltr'><strong>Van</strong></span> <span class='ocrx_word' id='word_1_164' title='bbox 822 1747 990 1798; x_wconf 86' lang='lat' dir='ltr'><strong>Meurs,</strong></span> <span class='ocrx_word' id='word_1_165' title='bbox 1035 1748 1085 1788; x_wconf 80' lang='lat' dir='ltr'><strong>P.</strong></span> <span class='ocrx_word' id='word_1_166' title='bbox 1124 1744 1284 1789; x_wconf 89' lang='lat' dir='ltr'><strong>Ottoni</strong></span> <span class='ocrx_word' id='word_1_167' title='bbox 1326 1746 1688 1801; x_wconf 81' lang='lat' dir='ltr'><strong>Braunsberger,</strong></span> 
     </span>
     <span class='ocr_line' id='line_1_21' title="bbox 69 1821 1691 1878; baseline -0.001 -13"><span class='ocrx_word' id='word_1_168' title='bbox 69 1824 121 1865; x_wconf 90' lang='grc' dir='ltr'><strong>Ρ.</strong></span> <span class='ocrx_word' id='word_1_169' title='bbox 162 1821 329 1865; x_wconf 82' lang='lat' dir='ltr'><strong>Achilli</strong></span> <span class='ocrx_word' id='word_1_170' title='bbox 365 1823 545 1875; x_wconf 87' lang='lat' dir='ltr'><strong>Gerste,</strong></span> <span class='ocrx_word' id='word_1_171' title='bbox 589 1825 640 1865; x_wconf 89' lang='lat' dir='ltr'><strong>P.</strong></span> <span class='ocrx_word' id='word_1_172' title='bbox 684 1822 923 1866; x_wconf 87' lang='lat' dir='ltr'><strong>Francisco</strong></span> <span class='ocrx_word' id='word_1_173' title='bbox 957 1825 1019 1866; x_wconf 90' lang='lat' dir='ltr'><strong>M.</strong></span> <span class='ocrx_word' id='word_1_174' title='bbox 1054 1823 1273 1874; x_wconf 82' lang='lat' dir='ltr'><strong>Gaillard,</strong></span> <span class='ocrx_word' id='word_1_175' title='bbox 1310 1829 1355 1866; x_wconf 91' lang='lat' dir='ltr'><strong>et</strong></span> <span class='ocrx_word' id='word_1_176' title='bbox 1388 1822 1500 1874; x_wconf 87' lang='lat' dir='ltr'><strong>aliis,</strong></span> <span class='ocrx_word' id='word_1_177' title='bbox 1537 1822 1612 1878; x_wconf 91' lang='lat' dir='ltr'><strong>qui</strong></span> <span class='ocrx_word' id='word_1_178' title='bbox 1646 1822 1691 1864; x_wconf 90' lang='lat' dir='ltr'><strong>in</strong></span> 
     </span>
     <span class='ocr_line' id='line_1_22' title="bbox 69 1896 1749 1955; baseline -0.001 -12"><span class='ocrx_word' id='word_1_179' title='bbox 69 1899 240 1943; x_wconf 88' lang='lat' dir='ltr'><strong>Natalis</strong></span> <span class='ocrx_word' id='word_1_180' title='bbox 263 1914 449 1955; x_wconf 88' lang='lat' dir='ltr'><strong>operum</strong></span> <span class='ocrx_word' id='word_1_181' title='bbox 473 1899 671 1942; x_wconf 90' lang='lat' dir='ltr'><strong>editione</strong></span> <span class='ocrx_word' id='word_1_182' title='bbox 695 1914 778 1941; x_wconf 89' lang='lat' dir='ltr'><strong>nos</strong></span> <span class='ocrx_word' id='word_1_183' title='bbox 801 1899 1088 1954; x_wconf 86' lang='lat' dir='ltr'><strong>adjuvarunt,</strong></span> <span class='ocrx_word' id='word_1_184' title='bbox 1121 1900 1289 1955; x_wconf 81' lang='lat' dir='ltr'><strong>gratias</strong></span> <span class='ocrx_word' id='word_1_185' title='bbox 1316 1914 1451 1954; x_wconf 91' lang='lat' dir='ltr'><strong>quam</strong></span> <span class='ocrx_word' id='word_1_186' title='bbox 1475 1898 1692 1942; x_wconf 88' lang='lat' dir='ltr'><strong>maximas</strong></span> <span class='ocrx_word' id='word_1_187' title='bbox 1745 1896 1749 1900; x_wconf 72' lang='grc'><strong><em>’</em></strong></span> 
     </span>
     <span class='ocr_line' id='line_1_23' title="bbox 70 1962 785 2033; baseline 0 -15"><span class='ocrx_word' id='word_1_188' title='bbox 70 1976 262 2033; x_wconf 84' lang='lat' dir='ltr'><strong>agimus.</strong></span> <span class='ocrx_word' id='word_1_189' title='bbox 781 1962 785 1965; x_wconf 32' lang='lat'><em>⁶</em></span> 
     </span>
    </p>
   </div>
  </div>
 </body>
</html>
