2028 3426
293 206 365 252 304
766 205 918 239 Pin-ms
946 203 1188 237 HJERONYMI
1215 200 1365 236 NADAL

339 309 390 352 Ρ.
419 307 658 352 Cornelius
682 306 972 361 Brngelman,
998 303 1186 354 flander,
1212 299 1518 344 confessarius
1540 302 1746 343 fratrum.

339 387 391 429 P.
435 386 715 428 Adalbertus
759 382 986 431 Bauzeck‚
1027 380 1232 430 boemus,
1273 378 1500 434 professor
1539 376 1798 433 theologiae
1839 383 1886 421 et

251 463 513 519 praefectus
536 461 705 516 templi.

342 541 394 582 P.
415 540 616 596 Joannes
636 538 934 586 Asche‘rman,
956 547 1188 584 morauUS,
1210 533 1439 588 professor
1457 530 1732 587 theologiae,
1753 544 1887 586 prae-

254 618 407 660 fectus
430 615 583 671 templi
606 623 637 656 ³.

344 694 394 735 P.
416 694 618 749 Joannes
642 690 860 733 Nicolaus
888 687 1081 738 Donius,
1113 687 1300 738 flander,
1327 685 1596 741 praefectus·
1613 682 1818 727 sanitatis
1840 690 1888 726 et

252 769 524 813 studiorum.

344 848 395 889 P.
425 845 734 899 XVolfgangus
759 834 1025 897 Pijrringer,
1052 854 1314 896 germanus,
1341 845 1608 895 praeceptor
1638 837 1892 884 rhetorices

254 930 301 967 et
328 924 584 979 praefectus
613 927 789 962 cantus.

348 1002 399 1043 Ρ.
426 998 611 1041 Gabriel
637 997 846 1047 Morales,
873 997 1121 1051 hyspanus,
1147 994 1380 1050 professor
1408 992 1768 1037 mathematices.

349 1079 400 1119 P.
430 1077 628 1117 Thomas
654 1072 936 1123 Sdelaritius,
963 1071 1178 1127 illyricus,
1207 1071 1433 1126 professor
1455 1069 1642 1126 logices.

349 1155 401 1196 Ρ.
429 1151 662 1207 Georgius
684 1151 892 1201 Scherer,
919 1163 1180 1205 germanus,
1207 1147 1493 1191 ecclesiastes
1516 1146 1691 1202 templi.

350 1232 401 1273 Ρ.
431 1227 744 1272 Theodoricus
767 1226 800 1279 b,
1063 1225 1356 1280 westphalus,
1382 1228 1531 1267 rector
1555 1222 1737 1280 collegii
1766 1221 1891 1265 noui.

350 1309 402 1350 P.
430 1306 688 1348 Alexander
706 1305 879 1355 Heller,
906 1302 1175 1355 austriacus,
1200 1302 1426 1357 professor
1449 1300 1658 1357 physices
1680 1308 1711 1344 0.

351 1386 404 1428 Ρ.
431 1382 702 1426 Franciscus
724 1379 904 1432 Sunier,
930 1380 1180 1432 catalanus,
1206 1386 1353 1421 rector
1376 1377 1694 1421 conuictorum
1715 1376 1751 1422 d.

354 1464 404 1504 P.
434 1461 672 1503 Balthasar
695 1467 710 1484 e
979 1458 1194 1509 bauarus,
1220 1456 1451 1512 professor
1477 1455 1662 1512 linguae
1685 1467 1896 1511 graecae.

354 1540 406 1581 Ρ.
436 1539 553 1582 Paez
576 1536 600 1578 s.

352 1617 410 1659 D.
438 1613 708 1659 Strobelius.

356 1772 421 1812 M.
460 1768 746 1813 Christianus
771 1767 1023 1819 Penninck,
1043 1767 1230 1819 flander,
1255 1767 1485 1822 professor
1507 1764 1834 1821 philosophiae.

358 1849 419 1890 M.
448 1846 667 1889 Albertus
690 1843 1002 1895 Theoboltius,
1028 1843 1204 1895 slesius,
1231 1844 1457 1899 professor
1485 1841 1781 1884 humanitatis
1803 1849 1836 1883 g.

359 1925 424 1966 M.
459 1922 726 1965 Theodorus
750 1923 970 1973 Busaeus,
995 1921 1182 1972 flander,
1208 1921 1434 1976 professor
1458 1918 1770 1962 humanitatis.

361 2003 422 2043 M.
451 2001 711 2055 Stephanus
735 1999 916 2052 Arator,
941 2012 1160 2054 vngarus,
1186 1998 1414 2053 professor
1445 2009 1459 2039 1
1494 1995 1650 2038 classis
1672 2010 1901 2052 gramma—

268 2078 395 2121 tices.

359 2157 419 2197 M.
448 2153 744 2198 Sebastianus
765 2152 783 2178 ¹¹
994 2153 1209 2204 bauarus,
1242 2152 1468 2207 professor
1499 2163 1522 2193 2
1562 2149 1719 2193 classis
1747 2163 1899 2205 gram-

270 2232 472 2275 maticeS.

363 2310 424 2351 M.
454 2308 731 2351 Benedictus
753 2307 930 2358 Gallus,
955 2306 1171 2362 illyricus,
1197 2306 1423 2362 professor
1449 2318 1472 2359 3
1496 2303 1652 2347 classis
1675 2309 1904 2360 gramma-

277 2385 387 2428 tices
410 2392 454 2427 et
479 2384 660 2426 adiutor
682 2385 802 2440 apud
825 2383 1083 2439 collegiales
1104 2382 1127 2425 i.

363 2464 424 2505 M.
455 2461 675 2505 Melchior
699 2461 893 2512 Pichler,
921 2459 1200 2515 tyrolensisl',
1227 2459 1407 2502 infimae
1436 2458 1592 2502 classis
1622 2464 1902 2518 praeceptor.

365 2538 532 2589 Dauid,
559 2553 776 2593 vngarus,
803 2538 982 2592 adjutor
1004 2536 1049 2579 in
1072 2536 1225 2579 infima
1248 2537 1405 2580 classe.

345 2669 361 2684 a
413 2658 453 2691 In
474 2668 594 2700 marg.
613 2656 701 2692 Nat.
724 2666 851 2690 manu:
876 2655 1143 2700 Pultoui[anz}
1194 2656 1260 2681 —b
1280 2654 1372 2688 Post
1390 2665 1531 2688 nomen
1552 2644 1721 2698 spatium
1741 2661 1906 2687 vacuum

273 2728 340 2762 pro
360 2715 591 2761 cognomine
610 2715 788 2749 relictum
808 2719 881 2751 est.
904 2714 1009 2749 Alibi
1029 2714 1068 2763 in
1087 2714 1146 2748 his
1165 2712 1351 2758 catalogis
1365 2711 1506 2747 dicitur
1527 2712 1576 2746 ab
1594 2711 1907 2747 Hauechkesche.

275 2786 337 2803 -c
374 2776 413 2809 ln
440 2786 560 2819 marg.
590 2775 679 2809 Nat.
708 2786 835 2809 manu:
868 2774 1164 2820 Ol[0111utium].
1216 2775 1282 2801 —d
1315 2773 1405 2808 Nat.
1432 2773 1470 2808 in
1497 2783 1618 2818 marg.
1646 2770 1908 2817 Polo[niam].

275 2846 337 2861 —c
365 2834 540 2879 Spatium
573 2844 737 2867 vacuum
769 2845 836 2877 pro
867 2832 1113 2878 cognomine.
1166 2834 1226 2859 —f
1260 2833 1344 2866 Hoc
1376 2843 1516 2866 nomen
1546 2837 1585 2865 et
1618 2841 1786 2877 sequens
1816 2829 1908 2865 Nat.

277 2905 389 2928 manu
409 2892 538 2927 addita
559 2898 661 2928 sunt.
715 2903 779 2924 -κ
808 2892 896 2929 Nat,
919 2892 956 2926 in
983 2903 1103 2936 marg.
1131 2891 1409 2937 Pul[toviam].
1465 2911 1486 2916 -
1511 2892 1528 2917 b
1549 2889 1727 2936 Spatium
1747 2899 1832 2924 vac.
1852 2899 1910 2923 re·

277 2954 409 2989 lictum
438 2964 505 2998 pio
530 2952 776 2996 cognomine.
830 2954 884 2978 ——i
913 2952 1001 2986 Nat.
1029 2952 1066 2987 in
1093 2963 1214 2997 marg.
1241 2964 1272 2987 c.
1301 2965 1339 2987 π.
1392 2952 1447 2984 -J'
1473 2950 1557 2986 Sub
1582 2951 1654 2985 hoc
1680 2949 1794 2985 verb.
1819 2948 1908 2987 Nat.

279 3013 446 3058 scripsit:
471 3012 711 3058 magislterl.
