2028 3426
6 2523 14 2574 ‘²2⁴
5 2066 15 2500 ;s-³=...,u»„--.-.-⁴-ss<.--..x-..4
9 2016 12 2039 ,Α
9 1978 12 1985 c
9 1933 12 1960 v,

6 3287 15 3404 ,νωμ-

3 2898 15 3276 -smff-flL-a-rr-»u
5 2866 14 2883 a·
4 2672 15 2845 02⁴-ss
5 2581 15 2651 aaa&

609 241 884 276 MONUMENTA
910 241 1082 275 ITALIAE
1092 260 1121 265 -
1134 248 1176 284 15
1595 248 1654 283 141

76 345 327 402 gubernata
350 350 418 386 est
435 344 657 385 hactenus
674 341 895 393 Societas,
916 355 1005 383 non
1025 348 1175 383 tamen
1194 339 1314 382 omni
1332 355 1387 383 ex
1405 346 1547 395 parte.
1570 342 1701 391 Nam,

6 415 10 436 ⁴·
36 458 40 462 .
76 420 454 477 quemadmodum
478 418 522 460 in
548 418 709 473 quauis
732 419 883 473 legum
908 432 1132 460 nouarum
1157 416 1521 472 promulgatione
1550 430 1705 459 neces-

74 511 172 541 sum
196 503 264 540 est
286 495 399 548 fieri,
425 495 487 538 ita
514 495 559 537 in
589 495 954 551 promulgatione
983 493 1362 536 constitutionum
1392 500 1461 536 est
1489 494 1704 535 obserua-

8 601 10 608 ν
75 581 184 626 tum,
219 579 269 615 ut
297 587 386 614 non
417 572 632 615 continuo
661 579 763 627 post
791 571 1200 627 promulgationem
1231 570 1319 612 sint
1350 569 1473 612 omni
1496 584 1551 611 ex
1573 577 1701 624 parte

71 651 353 700 obseruatae,
385 649 465 691 sed
494 648 786 704 pedetentim,
825 648 869 690 id
907 655 991 699 est,
1023 661 1075 690 ac
1108 647 1391 689 considerate
1430 647 1614 688 fuerunt
1654 645 1698 686 in

77 740 204 770 usum
241 732 376 779 atque
408 724 772 768 obseruationem
806 724 1178 775 introducendae,
1211 737 1301 777 quo
1331 730 1535 777 tempore
1559 722 1704 776 magis

8 799 10 802 ¹
67 817 128 847 'ex
149 796 296 853 bullis,
321 815 376 843 ex
400 800 586 857 regulis,
612 816 668 843 ex
691 800 946 843 obedientia
969 798 1195 855 praesenti
1218 798 1501 854 superiorum
1532 799 1703 853 guber-

55 879 218 922 'nanda
240 877 324 920 fuit
346 877 566 929 Societas,
593 892 727 931 quam
750 892 805 919 ex
827 875 1246 926 constitutionibus,
1274 874 1451 917 tametsi
1474 873 1587 916 nihil
1615 873 1702 915 illis

74 954 353 998 authoritatis
375 955 568 998 deesset.
594 955 660 996 Ita
683 954 802 997 enim
828 953 1036 997 uidemus
1059 967 1215 995 omnes
1233 953 1359 1008 leges
1377 966 1476 995 esse
1494 950 1701 993 introdu-

73 1037 184 1083 ctas,
225 1038 274 1072 ut
312 1045 334 1072 a
374 1030 594 1086 principio
633 1030 889 1085 obligarent
926 1044 1099 1081 omnes,
1141 1044 1233 1071 non
1269 1042 1426 1071 omnes
1469 1035 1619 1070 tamen
1650 1029 1704 1070 ad

72 1107 219 1151 omnia
241 1114 530 1162 cogerentur,
557 1106 646 1158 nisi,
667 1107 724 1148 ad
746 1105 1018 1157 necessaria,
1050 1105 1096 1147 in
1125 1105 1223 1148 aliis
1247 1119 1356 1147 uero
1379 1108 1478 1146 erat
1505 1110 1702 1158 tempus,

75 1197 162 1238 quo
179 1189 223 1226 et
241 1182 386 1234 facile,
407 1190 452 1226 et
471 1183 598 1238 quasi
616 1182 871 1226 necessario
894 1189 1012 1225 esset
1029 1182 1400 1237 dispensandum.
1422 1179 1546 1223 Nihil
1565 1179 1705 1234 igitur

50 1255 53 1258 ’
75 1259 180 1302 noui
195 1259 240 1301 in
259 1267 414 1301 nostro
434 1259 742 1315 chirographo
760 1258 971 1310 diximus,
993 1258 1104 1300 nihil
1125 1259 1246 1313 quod
1267 1260 1530 1314 oppugnari
1547 1258 1700 1314 possit.

164 1336 351 1392 Quinto,
383 1335 746 1387 constitutiones,
778 1335 925 1390 inquit
955 1338 1058 1386 Bo„
1093 1336 1248 1377 dehent
1275 1336 1373 1379 fieri
1403 1351 1428 1378 a
1456 1335 1703 1386 Societate,

56 1406 176 1470 ‘quia
199 1412 545 1455 constitutiones
567 1420 674 1454 sunt
696 1412 953 1465 Societatis,
978 1419 1067 1455 etc.
1099 1414 1166 1454 Ex
1192 1414 1279 1455 hac
1308 1412 1406 1455 eius
1435 1413 1704 1456 collectione

73 1489 260 1533 conficio
283 1503 372 1531 non
397 1489 561 1532 deferri
583 1489 961 1545 gubernationem
985 1489 1226 1533 Societatis
1249 1490 1306 1531 ad
1334 1489 1502 1544 primos
1532 1491 1706 1544 profes-

10 1623 11 1627 *
72 1579 159 1610 Sos.
190 1567 357 1608 Eodem
389 1567 539 1622 igitur
568 1573 699 1621 pacto
728 1580 815 1621 ego
844 1566 1025 1621 colligo:
1062 1565 1334 1621 gubernatio
1372 1567 1508 1608 debet
1547 1566 1643 1609 fieri
1679 1583 1704 1608 a

70 1642 312 1694 Societate,
348 1642 453 1697 quia
491 1642 762 1698 gubernatio
798 1649 867 1686 est
899 1642 1037 1684 totius
1068 1642 1323 1686 Societatis:
1360 1657 1451 1685 non
1483 1657 1594 1698 ergo
1627 1657 1705 1698 per

10 1714 11 1773 J
74 1719 191 1762 solos
212 1720 439 1774 professos
460 1719 643 1777 primos.
671 1720 932 1772 Caeterum,
958 1718 1069 1760 nihil
1092 1726 1160 1761 est
1183 1719 1276 1761 fere
1305 1719 1444 1770 aliud,
1478 1720 1599 1774 quod
1632 1719 1704 1761 hic

9 1822 11 1851 3
74 1809 304 1838 necessum
334 1795 391 1837 sit
424 1795 704 1851 responderi,
737 1795 846 1838 satis
868 1795 987 1837 enim
1011 1796 1191 1838 abunde
1218 1795 1570 1838 monstrauimus
1594 1810 1705 1837 con-

9 1869 11 1880 *
73 1870 354 1914 stitutionum
393 1872 713 1915 authoritatem
752 1872 795 1914 in
836 1872 1162 1928 superioribus.
1206 1872 1346 1916 Miror
1389 1876 1554 1923 tamen,
1599 1886 1700 1914 cum

76 1947 126 2007 ξ’.
152 1950 232 1991 Bo.
259 1950 531 1992 confiteatur
558 1964 584 1992 a
615 1952 749 1992 Patre
777 1949 954 2005 Ignatio
983 1949 1156 1993 aeditas
1183 1949 1548 2000 constitutiones,
1581 1951 1701 2004 quod

71 2038 160 2066 non
181 2025 289 2068 satis
312 2025 606 2068 authoritatis
628 2034 758 2081 putet
780 2025 878 2068 illas
901 2027 1070 2069 habere
1092 2027 1160 2067 vel
1183 2040 1230 2067 eo
1251 2026 1342 2067 solo
1364 2026 1559 2077 nomine,
1586 2027 1706 2080 quod

74 2115 99 2143 a
120 2103 170 2144 Ρ.
198 2102 372 2158 ignatio
397 2102 564 2146 fuerint
587 2103 833 2158 profectae.
859 2104 960 2158 Ego
985 2103 1184 2157 quidem,
1210 2102 1246 2145 si
1270 2102 1392 2144 aliud
1423 2102 1554 2154 nihil,
1586 2110 1707 2145 certe

72 2190 126 2221 ex
146 2178 240 2220 sola
262 2179 538 2223 authoritate
562 2181 613 2222 P.
641 2179 820 2235 Ignatii,
847 2186 892 2221 et
915 2179 1104 2234 accipio,
1125 2186 1170 2221 et
1188 2193 1353 2234 magna
1371 2193 1474 2220 cum
1492 2180 1702 2222 consola-

75 2251 192 2297 tione
213 2255 450 2298 deosculor
472 2255 819 2299 constitutiones
842 2270 1013 2299 omnes.
1036 2256 1174 2311 Quod
1193 2270 1298 2299 uero
1317 2255 1441 2298 addit
1460 2256 1588 2297 datas
1606 2270 1705 2298 esse

70 2331 406 2383 examinandas,
434 2339 482 2375 ut
500 2332 802 2388 corrigantur,
823 2331 868 2374 id
885 2333 1035 2374 nullus
1053 2340 1139 2385 est,
1160 2331 1237 2386 qui
1255 2332 1397 2387 possit
1416 2332 1702 2383 confirmare,

75 2405 150 2449 hoc
171 2408 290 2450 enim
311 2409 616 2450 tantummodo
638 2416 787 2452 actum
811 2416 896 2460 est,
923 2416 972 2450 ut
996 2409 1072 2463 qui
1094 2408 1290 2452 habituri
1308 2416 1415 2450 sunt
1433 2408 1699 2463 suffragium

69 2476 119 2524 in
147 2484 345 2539 proxima
372 2485 747 2541 congregatione,
779 2485 810 2526 ii
843 2486 1077 2537 adnotent,
1109 2485 1146 2527 si
1184 2485 1292 2539 quid
1328 2484 1528 2536 uideant,
1561 2486 1696 2540 quod,

74 2559 216 2602 electo
238 2561 440 2617 generali
464 2562 582 2618 (nam
602 2568 843 2616 antequam
863 2561 1089 2617 generalis
1109 2561 1166 2604 sit
1184 2569 1364 2605 creatus
1381 2562 1550 2603 nullam
1570 2562 1705 2603 habet

56 2637 392 2690 “authoritatem
417 2638 622 2682 Societas
648 2638 897 2694 legitimam
920 2639 977 2680 ad
1008 2638 1359 2681 constitutiones
1387 2637 1705 2687 immutandas,

74 2719 127 2754 ut
148 2721 325 2756 constat
347 2730 403 2758 ex
424 2714 681 2769 diplomatis
705 2714 884 2769 nostris)
909 2728 962 2757 ac
986 2714 1334 2770 congregationi
1362 2714 1420 2756 sit
1452 2726 1707 2769 proponen-

77 2788 198 2842 dum;
222 2805 369 2845 neque
391 2791 524 2834 uideo
547 2791 667 2832 vnde
684 2791 825 2846 possit
844 2791 944 2846 quis
963 2790 1170 2834 diuinare
1188 2805 1244 2833 an
1262 2790 1430 2845 aliquid
1450 2805 1473 2832 a
1494 2789 1706 2832 Patribus

77 2864 125 2906 in
147 2867 502 2923 congregatione
525 2866 584 2909 sit
606 2867 940 2910 immutandum
964 2875 996 2909 a.

145 2986 163 3004 a
210 2978 302 3013 Post
319 2979 415 3014 haec
439 2979 492 3014 ita
518 2979 725 3026 scripserat
750 2980 856 3026 prius
882 2979 1045 3017 Natalis:
1081 2980 1186 3025 «Ego
1218 2979 1270 3013 ita
1301 2989 1414 3024 spero
1446 2977 1484 3012 in
1515 2978 1581 3012 Χ.0
1612 2976 1706 3011 nihil

77 3034 244 3082 omnino,
263 3037 367 3084 quod
382 3037 430 3073 ad
445 3037 667 3074 institutum
683 3039 862 3084 attineat,
882 3050 959 3073 non
975 3049 1063 3073 esse
1082 3048 1329 3083 summopere
1349 3035 1602 3082 probandum.
1631 3034 1707 3069 Ad-
