2028 3426
713 271 1135 307 INSTRUCT10NES—61
1621 281 1693 318 407

105 370 214 414 velit
235 371 453 415 confiteri.
480 370 530 415 Si
552 385 643 414 non
664 372 964 427 responderit,
977 372 1057 417 ,vel
1080 370 1154 417 102
1172 371 1463 425 dubitauerit,
1484 374 1557 417 vel
1574 375 1734 417 nolue-

54 506 55 509 ,
106 448 162 491 rit
182 462 364 491 causam
386 448 551 501 dicere,
576 447 696 490 illius
713 448 1043 492 confessionem
1061 463 1153 491 non
1171 449 1338 501 audiet,
1360 449 1430 492 sin
1447 449 1610 492 dixerit
1628 465 1734 493 cau-

50 540 53 541 ’
103 539 199 568 sam
222 538 271 567 se
292 525 408 568 velle
431 531 569 566 totam
586 524 774 580 aperire,
795 525 1070 580 significabit
1086 524 1164 577 illi,
1185 525 1309 580 quod
1326 525 1384 567 sit
1401 525 1631 581 obligatus
1649 527 1736 570 sub

102 616 247 657 poena
268 601 443 657 peccati
465 601 664 643 mortalis
689 616 844 644 verum
862 601 1028 655 dicere,
1049 601 1414 657 quandoquidem
1432 602 1543 644 illud
1560 603 1605 645 in
1623 618 1734 646 con-

103 677 296 722 fessione
317 678 523 720 dicturus
545 685 630 729 est,
655 685 700 722 et
723 692 866 733 graue
888 678 1208 722 detrimentum
1231 686 1514 734 sequeretur,
1547 687 1592 723 et
1625 694 1733 722 cen—

101 762 275 797 seretur
297 769 397 799 esse
418 754 721 810 perniciosum
745 755 1045 807 mendacium,
1068 755 1104 797 si
1127 756 1254 798 aliter
1278 756 1462 799 faceret.

188 831 324 874 Nullo
345 836 479 886 pacto
502 830 762 886 negligatur
785 830 1022 873 solicitudo
1045 838 1089 875 et
1110 845 1219 874 cura
1240 831 1434 887 diligens
1452 831 1732 875 infirmorum

101 907 171 950 vel
193 907 641 959 valetudinariorum,
667 914 713 950 et
734 908 822 949 hoc
850 907 1118 950 nominatim
1147 915 1304 951 notent
1332 908 1614 964 superiorum
1649 910 1731 952 ad-

103 983 366 1027 monitores.

186 1059 430 1116 Inuigilent
453 1066 497 1104 et
519 1059 880 1102 animaduertant
905 1060 1144 1116 diligenter
1167 1069 1380 1114 rectores,
1408 1069 1457 1104 vt
1480 1062 1728 1106 necessita-

99 1144 166 1181 tes
187 1137 258 1180 vel
279 1136 582 1188 difficultates,
607 1135 644 1178 si
667 1151 782 1192 quae
805 1136 1051 1180 obuenient
1074 1137 1118 1179 in
1141 1137 1349 1193 collegio,
1370 1138 1576 1181 celeriter
1593 1145 1639 1181 et
1657 1138 1728 1181 in-

97 1213 317 1269 telligant,
343 1227 396 1255 ac
417 1212 552 1256 etiam
574 1213 769 1257 referant
792 1214 849 1255 ad
877 1228 1010 1255 suum
1041 1213 1382 1269 prouincialem,
1415 1229 1491 1258 eas
1520 1229 1732 1271 praeser-

97 1289 192 1342 tim,
219 1304 334 1344 quae
356 1290 412 1332 ad
434 1289 814 1345 gubernationem
837 1290 1030 1333 attinent
1051 1298 1069 1315 a
1091 1291 1161 1333 vel
1179 1290 1412 1346 grauiores
1431 1291 1726 1344 tentationes,

95 1373 144 1408 vt
171 1365 323 1408 statim
346 1380 582 1410 accurrere
603 1365 793 1421 possint,
819 1373 864 1408 et
885 1380 1149 1410 succurrere
1171 1374 1216 1409 et
1239 1367 1309 1411 103
1332 1374 1530 1410 rectores
1553 1375 1599 1411 et
1619 1383 1728 1424 pro-

94 1442 314 1495 uincialis,
340 1458 397 1485 ne
419 1442 655 1498 contingat
676 1443 834 1499 augeri
857 1429 1160 1496 difficultates,
1193 1450 1239 1487 et
1266 1444 1586 1488 detrimentum
1619 1446 1726 1488 inde

97 1519 304 1575 accipere
326 1519 585 1575 collegium.
634 1547 640 1565 ι

179 1597 301 1640 Dent
324 1610 503 1652 operam
525 1602 738 1649 rectores,
770 1603 814 1640 et
842 1596 1062 1652 singulari
1090 1596 1271 1651 quidem
1300 1597 1451 1640 studio
1481 1606 1642 1641 curent
1673 1612 1728 1642 ac

91 1672 327 1729 diligentia
355 1688 434 1729 per
461 1688 526 1726 se,
557 1688 638 1729 per
659 1673 930 1725 ministrum,
955 1688 1036 1729 per
1058 1674 1417 1727 subministrum,
1443 1690 1522 1731 per
1543 1676 1726 1720 confes-

90 1749 247 1802 sarios,
267 1757 376 1802 etc.,
396 1757 445 1792 vt
463 1750 607 1793 nostri
625 1765 780 1794 omnes
799 1750 1000 1793 nitantur
1019 1752 1075 1793 ad
1092 1751 1415 1806 perfectionem
1440 1752 1727 1796 obedientiae

89 1825 360 1869 intellectus.
387 1826 524 1881 Quod
545 1826 582 1869 si
606 1826 851 1869 obueniant
872 1826 1132 1869 huiusmodi
1154 1827 1334 1880 iudicia,
1362 1843 1478 1883 quae
1507 1829 1725 1873 obedien-
1767 1823 1771 1826 ’

92 1901 179 1945 tiae
200 1901 456 1946 intellectus
478 1902 721 1958 puritatem
739 1904 918 1947 laedere
940 1903 1196 1956 videantur,
1222 1911 1302 1959 pro
1325 1904 1455 1960 graui
1476 1905 1727 1948 tentatione

90 1977 165 2020 illa
182 1986 391 2034 reputare
407 1980 617 2033 doceant,
635 1987 680 2023 et
696 1980 767 2022 vel
784 1994 999 2035 superare
1016 1980 1229 2024 exercitio
1246 1980 1462 2025 orationis
1480 1996 1531 2024 ac
1548 1982 1725 2037 piarum

38 2052 41 2056 ’
91 2054 335 2107 actionum,
361 2071 417 2099 ex
434 2055 621 2098 consilio
638 2055 882 2112 superioris
898 2057 970 2100 vel
987 2057 1265 2109 confessarii,
1288 2059 1373 2110 vel,
1393 2058 1431 2100 si
1448 2057 1493 2100 id
1510 2073 1600 2101 non
1617 2073 1726 2114 pos—

37 2162 42 2163 ⁷
89 2131 195 2185 sint,
219 2139 269 2174 vt
290 2133 408 2175 facta
429 2132 632 2177 oratione
653 2148 787 2175 suum
810 2133 1025 2176 iudicium
1048 2135 1245 2177 referant
1266 2135 1323 2177 ad
1345 2135 1622 2190 superiorem
1651 2136 1724 2178 vel

90 2208 146 2251 ad
168 2208 509 2262 confessarium,
535 2210 607 2254 vel
628 2211 684 2253 ad
706 2209 1010 2252 consiliarium
1033 2210 1244 2265 aliquem,
1271 2219 1316 2255 et
1336 2211 1515 2254 illorum
1535 2226 1722 2267 respon-

90 2284 205 2328 sioni
227 2285 532 2340 acquiescant.
559 2287 696 2341 Quod
718 2286 754 2329 si
778 2286 967 2331 tentatio
990 2288 1137 2330 adhuc
1159 2295 1371 2344 pergeret
1394 2304 1494 2332 esse
1517 2289 1723 2340 molesta,

91 2361 225 2405 etiam
256 2363 429 2417 absque
457 2377 700 2416 consensu,
732 2363 852 2406 illam
882 2363 1064 2418 quidem
1093 2363 1351 2408 existiment
1385 2378 1484 2409 esse
1516 2379 1725 2420 grauem,

89 2437 221 2481 simul
249 2440 365 2483 velle
391 2440 540 2481 Deum
567 2439 643 2482 illa
664 2439 837 2483 ratione
861 2439 935 2484 104
956 2435 1078 2496 ipsos
1100 2440 1301 2497 affligere
1324 2448 1369 2485 et
1390 2442 1596 2497 probare.
1623 2440 1720 2483 Ad-

88 2514 274 2559 hibeant
301 2515 442 2572 igitur
472 2515 609 2557 animi
637 2516 998 2572 magnitudinem
1027 2517 1082 2559 ad
1112 2517 1427 2569 tentationem,
1461 2517 1724 2573 patientiam

91 2592 146 2634 ad
168 2591 474 2645 afflictionem,
501 2593 558 2635 ad
578 2593 892 2648 probationem
914 2592 1304 2649 longanimitatem
1330 2601 1374 2637 et
1396 2608 1539 2649 spem,
1561 2608 1720 2647 quem—

91 2668 333 2711 admodum
361 2668 408 2710 in
436 2668 757 2711 afflictionibus
786 2669 974 2712 aliarum
1005 2669 1304 2712 tentationum
1335 2671 1518 2713 debent.
1545 2671 1610 2711 Ita
1643 2670 1721 2713 fiet

63 2798 69 2806 .
90 2751 138 2786 vt
159 2743 348 2799 inquieti
370 2758 461 2787 non
483 2745 660 2791 viuant.
685 2746 849 2789 Nullus
871 2760 980 2788 vero
1002 2745 1076 2799 sit,
1103 2746 1179 2800 qui
1202 2760 1362 2801 pacem
1393 2746 1615 2788 internam
1648 2746 1720 2787 vel

91 2818 136 2862 in
160 2820 232 2863 his
252 2821 326 2864 vel
346 2820 391 2862 in
416 2821 513 2864 aliis
535 2822 671 2865 rebus
692 2822 929 2877 quibusuis
952 2836 1043 2865 non
1066 2822 1295 2865 adnitatur
1312 2821 1527 2876 consequi
1546 2829 1589 2864 et
1608 2835 1722 2863 con-

89 2910 290 2942 seruare.

161 3072 178 3088 a
226 3062 370 3098 attinet
389 3074 460 3101 ms,
