2028 3426
590 231 863 268 MONUMENTA
889 230 1234 267 GERMANJAE-—31
1614 240 1680 276 215

105 339 240 388 atque
269 331 442 384 indole,
474 332 555 377 sed
583 332 716 376 etiam
745 332 977 386 mediocri,
1002 346 1054 375 ac
1083 331 1219 376 etiam
1248 330 1475 384 inferiori,
1501 330 1577 387 qui
1600 346 1727 374 suam

104 422 284 465 operam
306 407 480 464 possint
503 409 691 464 probare
713 423 793 465 pro
815 407 1152 451 coadiutoribus
1174 407 1469 463 simplicibus.

191 485 283 540 Qui
306 484 438 529 etiam
468 499 548 540 pro
576 484 914 527 coadiutoribus
943 483 1264 540 temporalibus
1287 483 1577 539 recipientur,
1611 483 1657 535 ii,
1690 485 1727 527 si

102 561 207 617 quid
246 563 440 604 habeant
477 560 649 616 ingenii
687 562 742 603 ad
778 561 945 612 literas,
987 560 1162 604 facilius
1198 567 1388 616 possunt
1421 559 1637 615 applicari
1671 561 1727 603 ad

102 638 253 681 literas
271 646 315 682 et
332 637 428 681 fieri
447 639 626 680 tandem
644 638 919 682 sacerdotes.
941 639 1067 680 Haec
1084 636 1273 693 piscatio
1295 639 1322 689 ¹,
1343 636 1380 679 si
1397 651 1583 692 vsquam
1601 636 1722 689 alibi,

100 715 144 757 in
167 715 411 759 Germania
432 714 624 757 maxime
648 721 716 757 est
738 713 1044 770 superioribus
1067 713 1437 756 commendanda.

189 793 269 833 Est
291 791 471 845 quidem
493 790 732 841 dificultas,
760 791 877 832 vnde
899 791 1075 834 alentur
1098 797 1188 832 tam
1210 789 1340 832 multi
1362 790 1585 846 germani,
1612 804 1727 845 quos

101 868 295 911 adducet
317 867 537 910 Dominus
559 867 615 909 ad
638 866 925 911 Societatem.
952 866 1176 909 Dominus
1206 873 1354 910 tamen
1377 867 1475 908 illos
1504 866 1608 918 aiet‚
1642 867 1721 921 qui

100 944 307 987 adducet.
340 945 499 999 Neque
531 943 649 987 enirn
678 957 769 984 non
797 951 864 985 est
898 944 1110 986 habenda
1132 944 1264 998 plena
1291 942 1581 994 confidentia,
1609 943 1646 985 si
1669 957 1725 985 ex

99 1020 270 1063 ratione
306 1020 500 1063 instituti
538 1019 665 1062 multi
702 1018 1004 1074 suscipiantur
1042 1020 1098 1062 ad
1134 1019 1408 1063 Societatem
1422 1054 1431 1072 ‚
1478 1020 1585 1075 quin
1624 1019 1726 1062 illos

97 1082 255 1141 omnes
272 1097 328 1141 sit
349 1098 523 1140 alturus
546 1104 682 1151 atque
703 1103 1041 1138 sustentaturus
1064 1098 1205 1152 Xpus.

188 1176 284 1218 Vae
306 1173 435 1216 nobis
457 1173 494 1216 si
515 1189 605 1215 non
628 1173 838 1217 iuuemus
861 1173 1151 1216 Germaniam
1173 1174 1205 1215 ².
1431 1232 1433 1234 -

185 1253 345 1306 Neque
367 1265 419 1293 ea
436 1251 491 1292 de
509 1265 556 1293 re
573 1250 737 1292 soliciti
754 1264 854 1293 esse
871 1250 1104 1302 debemus,
1126 1250 1260 1292 modo
1274 1264 1327 1292 ea
1345 1249 1578 1301 faciamus,
1600 1263 1717 1304 quae

97 1327 142 1370 in
165 1328 298 1376 nobis
317 1327 402 1370 sita
425 1335 546 1378 sunt,
570 1341 776 1382 quaeque
798 1326 835 1368 e‘
846 1326 980 1369 nobis
1003 1326 1147 1381 exigit
1165 1328 1305 1369 Deus.

129 1414 131 1416 '
183 1406 240 1447 Et
262 1405 437 1448 alentur
460 1404 640 1458 quidem
664 1410 887 1458 quotquot
911 1410 1122 1458 poterunt
1144 1403 1190 1444 in
1208 1402 1478 1458 germanicis
1497 1402 1718 1458 collegiis,

96 1480 426 1533 tum”fundatis‚
454 1487 548 1523 turn
572 1479 830 1532 fundandis3
857 1480 1063 1534 quivero
1086 1480 1131 1521 in
1160 1479 1404 1522 Germania
1433 1479 1490 1522 ali
1520 1494 1610 1522 non
1644 1494 1723 1535 po-

94 1565 261 1610 terunt,
293 1572 373 1600 eos
401 1572 639 1601 necessum
668 1556 753 1599 erit
781 1557 901 1612 apud
934 1563 1124 1599 matrem
1163 1555 1365 1598 omnium
1405 1556 1720 1612 collegiorum,

94 1637 303 1686 Romam,
335 1634 414 1686 ali,
446 1634 543 1678 siue
571 1634 615 1676 in
645 1633 859 1689 collegio,
892 1633 989 1676 siue
1018 1633 1064 1675 in
1093 1632 1373 1689 probationis
1402 1633 1551 1685 domo3
1586 1640 1722 1688 atque

94 1712 206 1754 adeo
227 1711 337 1753 illud
358 1699 442 1754 erit
459 1710 677 1766 optimum
696 1724 860 1753 nomen
878 1724 930 1752 ac
947 1710 1079 1763 ratio,
1100 1724 1188 1765 qua
1205 1709 1358 1751 induci
1376 1717 1591 1764 poterunt
1608 1723 1722 1765 pon-

92 1788 199 1831 tifex
222 1802 437 1830 romanus
458 1795 504 1829 et
527 1786 771 1843 collegium
792 1786 1105 1838 cardinalium,
1132 1794 1179 1828 vt
1202 1787 1360 1829 dotent
1384 1785 1627 1842 collegium
1651 1789 1722 1828 ro‘-

92 1879 293 1916 manum,
318 1865 390 1906 vel
413 1864 574 1907 iuuent
598 1862 794 1919 copiosis
817 1863 1129 1918 eleemosynis.
1181 1870 1184 1874 '

181 1943 312 1984 Esset
334 1940 537 1996 inprimis
559 1940 667 1985 vtile
696 1940 734 1983 si
763 1940 1074 1983 sanctissimus
1102 1939 1312 1982 dominus
1342 1946 1494 1983 noster
1526 1939 1720 1995 amplam

90 2017 367 2074 probationis
389 2019 572 2060 domum
596 2017 640 2060 in
664 2017 909 2061 Germania
931 2017 1141 2059 fundaret
1158 2023 1203 2059 et
1220 2017 1412 2067 dotaret,
1433 2017 1554 2072 quod
1572 2030 1733 2072 nego-

91 2094 210 2137 cium
238 2094 408 2150 recepit
437 2095 689 2137 curandum
719 2096 875 2136 Rmus.
907 2093 1274 2149 archiepiscopus
1303 2093 1604 2144 surrentinus,
1636 2092 1720 2134 Di-

89 2170 214 2227 linga
235 2171 281 2213 in
304 2172 473 2214 Vrbem
496 2170 732 2213 discedens
753 2185 809 2213 ex
831 2169 1058 2225 legatione
1082 2169 1280 2225 belgica,
1307 2184 1332 2212 a
1356 2171 1492 2212 Patre
1514 2168 1720 2213 Societa—

93 2246 150 2289 tis
173 2254 364 2303 rogatus
387 2248 420 2289 ⁵.

179 2324 314 2379 Quod
337 2323 498 2367 attinet
521 2324 578 2366 ad
600 2323 994 2379 gubernationem,
1020 2324 1132 2365 duas
1156 2322 1390 2378 opiniones
1413 2323 1469 2364 de
1492 2322 1721 2366 Societate

90 2407 330 2455 conceptas
352 2400 397 2443 in
420 2399 680 2451 Germania,
706 2414 821 2455 quae
844 2392 1135 2443 veliementer
1159 2407 1324 2442 nocent
1347 2399 1579 2451 Societati,
1605 2412 1721 2454 opus

89 2473 188 2534 [est]
215 2477 453 2532 depellere:
487 2475 626 2532 prima
650 2483 734 2528 est,
760 2490 842 2518 nos
863 2475 1051 2519 nimium
1075 2476 1217 2518 multa
1239 2482 1394 2531 petere
1417 2490 1497 2530 pro
1520 2476 1716 2517 fundan-

90 2553 158 2595 dis
180 2552 398 2609 collegiis;
429 2552 491 2595 ita
519 2553 586 2606 fit,
618 2563 666 2594 vt
695 2553 824 2595 multi
852 2553 1164 2596 deterreantur
1194 2567 1219 2595 a
1252 2551 1593 2594 fundationibus
1622 2551 1718 2593 col—

163 2673 173 2694 1
225 2670 398 2715 Scilicet,
418 2671 512 2706 haec
531 2682 624 2706 cura
641 2670 836 2720 alliciendi
855 2670 903 2705 ad
921 2669 1157 2706 Societatem
1177 2681 1258 2714 eos,
1278 2670 1343 2716 qui
1361 2670 1440 2715 apti
1460 2669 1507 2703 ad
1526 2680 1607 2703 eam
1628 2679 1715 2703 cen-

91 2734 259 2775 seantur,
292 2729 504 2764 secundum
536 2729 631 2764 illud
663 2729 862 2773 Matthaei,
886 2741 972 2776 cap.
1003 2730 1068 2774 IV,
1103 2728 1204 2764 vers.
1241 2737 1295 2773 19:
1330 2728 1506 2762 «Faciam
1535 2738 1604 2761 vos
1630 2727 1714 2761 fieri

90 2787 304 2834 piscatores
322 2788 559 2823 hominum.»

156 2846 173 2865 ²
222 2846 321 2881 Vide
341 2857 479 2881 sensus
499 2846 647 2882 Natalis
673 2846 721 2881 de
747 2847 956 2882 Germania
975 2845 1160 2892 juvanda,
1182 2858 1229 2880 ex
1255 2844 1388 2880 codice
1414 2844 1551 2878 Natal.
1580 2846 1710 2889 opusc.

89 2904 350 2951 depromptos,
371 2904 409 2939 in
428 2905 556 2951 Epist.
579 2906 627 2941 P.
647 2905 795 2948 Nadal,
817 2906 849 2949 I,
869 2915 978 2950 LXIX,
998 2914 1097 2940 Lxx.

160 2965 174 2984 ⁵
223 2963 321 2998 Vide
340 2963 468 3008 Epist.
489 2964 538 2998 P.
559 2963 709 3007 Nadal‚
728 2965 796 3009 111,
819 2973 898 3008 174,
918 2964 984 2999 ubi
1001 2963 1049 2998 de
1070 2963 1224 3008 Juliano
1243 2962 1404 3006 Pavesi,
1424 2961 1715 3007 archiepiscopo

88 3023 324 3068 surrentino,
339 3021 521 3067 Dilingae
540 3027 760 3069 expectato,
780 3034 906 3058 sermo
924 3022 983 3058 fit.
