2028 3426
368 168 437 213 642
844 169 999 204 PA‘rms
1027 169 1271 204 H1ERONYM1
1299 168 1448 204 NADAL

321 270 685 316 consideratione
710 271 871 314 inferni
910 271 1089 314 dicebat
1127 285 1175 313 se
1212 285 1429 327 magnum
1462 285 1660 316 amorem
1693 272 1870 325 elicere,
1905 288 1962 317 ex

321 348 533 403 paradiso
559 347 780 391 timorem.
810 349 962 391 Debes
985 355 1135 390 autem
1160 347 1445 390 considerare
1476 355 1519 392 te
1549 347 1768 392 meruisse
1792 363 1961 405 poenas

319 425 434 475 illas,
460 433 504 467 et
527 426 675 468 locum
709 425 833 466 illum
868 424 947 466 tibi
976 423 1240 478 conuenire,
1272 432 1317 468 et
1345 425 1410 466 sic
1441 431 1484 468 te
1512 424 1557 467 in
1587 424 1663 467 illo
1691 426 1958 470 collocando

319 502 638 558 <consideratio
668 501 787 545 enim
822 500 960 543 nostri
992 500 1099 543 illuc
1128 515 1211 543 nos
1239 502 1374 545 debet
1397 501 1590 557 mittere)
1616 503 1959 547 conseruaberis

319 580 362 621 in
394 579 664 630 humilitate,
698 578 913 634 patientia
941 586 985 620 et
1014 592 1184 631 amore3
1217 579 1499 635 comparabis
1530 588 1573 624 te
1601 594 1705 622 cum
1737 581 1875 638 Juda,
1913 588 1958 625 et

320 656 494 698 uidebis
518 664 562 699 te
587 656 799 698 maiorem
827 663 1126 710 peccatorem:
1154 655 1227 699 ille
1257 656 1491 698 mortalem
1516 656 1765 710 Christum,
1792 665 1837 700 et
1859 673 1957 701 ma-

317 733 435 775 xima
461 733 708 775 tentatione
734 732 970 787 impulsus,
996 739 1041 775 et
1074 732 1261 789 triginta
1289 733 1502 785 nummis,
1529 741 1576 775 tu
1601 748 1713 778 uero
1737 749 1842 779 eum
1871 734 1954 777 im-

316 811 549 852 mortalem
575 810 741 865 pluries
770 824 853 865 pro
882 808 1068 852 minimo
1100 809 1260 853 uendis
1289 817 1334 854 et
1361 810 1608 866 crucifigis.
1648 812 1782 856 Vnde
1804 811 1953 855 consi-

315 888 515 930 derando
540 895 582 931 te
607 902 695 929 non
720 901 818 930 esse
851 886 897 928 in
927 886 1014 929 illis
1044 887 1217 942 poenis,
1250 887 1425 931 videbis
1452 903 1664 944 magnam
1697 888 1952 933 misericor-

314 964 430 1006 diam
472 965 575 1015 Dei‚
614 972 659 1006 et
698 978 1014 1019 quaecumque
1052 963 1218 1020 pateris
1257 964 1367 1008 nihil
1404 979 1526 1017 esse,
1568 966 1951 1010 verecundaberis

312 1055 465 1083 coram
483 1042 601 1098 Juda
625 1048 670 1084 et
694 1040 924 1091 Lucifero,
951 1042 1118 1085 nedum
1153 1055 1303 1084 coram
1339 1041 1567 1085 fratribus.
1604 1043 1738 1085 Vnde
1767 1042 1950 1098 quidam

311 1120 395 1160 hac
419 1117 788 1161 consideratione
811 1117 872 1160 ita
895 1125 1150 1160 commotus
1184 1118 1284 1170 fuit,
1318 1126 1382 1170 ut,
1417 1119 1533 1164 263v
1563 1133 1666 1162 curn
1696 1129 1817 1163 esset
1845 1134 1949 1163 cum

306 1195 404 1237 aliis
429 1195 731 1250 pauperculis,
758 1209 849 1238 non
872 1196 1069 1239 audebat
1087 1210 1238 1238 coram
1258 1195 1343 1238 illis
1361 1203 1577 1252 apparere
1595 1204 1641 1240 et
1658 1197 1723 1240 sic
1741 1197 1948 1242 innume-

307 1287 456 1314 meros
476 1273 652 1314 fructus
668 1287 724 1315 ex
742 1274 826 1315 hac
845 1269 1210 1316 consideratione
1227 1272 1398 1328 poteris
1416 1273 1597 1325 elicere,
1617 1274 1653 1316 si
1671 1274 1947 1318 exercitatus

305 1350 349 1391 in
374 1364 424 1392 ea
451 1349 604 1392 fueris.
631 1350 722 1394 Sed
746 1349 1029 1393 continuatio
1052 1357 1120 1393 est
1141 1349 1232 1404 illa,
1258 1365 1375 1405 quae
1397 1351 1474 1393 dat
1495 1359 1682 1407 gustum
1702 1352 1745 1394 in
1769 1352 1946 1396 exerci-
2011 1404 2013 1406 ,

305 1426 376 1467 tiis
400 1426 727 1481 spiritualibus.
754 1427 892 1469 Dabit
917 1426 996 1469 tibi
1020 1427 1253 1479 laetitiam,
1274 1417 1379 1483 (juia
1397 1428 1704 1471 considerabis
1729 1437 1772 1472 te
1795 1444 1943 1473 meru-
1970 1440 1972 1442 ’

300 1504 388 1547 isse
412 1518 599 1559 poenas,
625 1518 741 1559 quae
764 1512 980 1560 superant
1004 1518 1184 1547 omnem
1213 1519 1396 1548 sensum
1420 1513 1466 1549 et
1499 1513 1698 1548 nostram
1733 1506 1943 1551 conside-

302 1581 540 1633 rationem,
573 1589 617 1624 et
648 1581 770 1636 quod
802 1581 1025 1624 Dominus
1062 1582 1139 1624 det
1177 1581 1257 1624 tibi
1295 1589 1383 1624 tam
1423 1583 1564 1625 multa
1602 1583 1736 1635 bona,
1779 1598 1942 1640 nempe

299 1659 465 1709 lucem,
493 1658 661 1710 cibum,
688 1666 798 1712 ete„
825 1673 927 1701 cum
952 1659 1026 1703 ille
1049 1660 1196 1715 Epulo
1225 1660 1370 1702 solum
1395 1666 1572 1716 guttam
1597 1674 1741 1715 aquae
1763 1660 1942 1705 deside—

300 1735 415 1776 ravit
438 1745 483 1779 et
506 1750 596 1777 non
622 1736 774 1791 potuit*
791 1736 1012 1780 obtinere.

389 1813 589 1856 Deberet
613 1813 750 1855 homo
773 1813 908 1856 etiam
932 1827 980 1855 se
1003 1826 1216 1856 exercere
1239 1812 1285 1854 in
1315 1813 1522 1857 habenda
1553 1814 1807 1869 praesentia
1836 1815 1936 1868 Dei,

297 1897 342 1931 et
366 1889 427 1931 ita
451 1904 498 1932 se
523 1889 779 1943 habituare,
808 1897 857 1932 ut
880 1890 1030 1932 animo
1053 1890 1160 1932 illuc
1181 1890 1334 1932 statim
1359 1891 1545 1943 feratur,
1572 1891 1690 1934 sicut
1711 1891 1940 1949 contingit

298 1965 387 2017 his,
430 1966 523 2021 qui,
565 1966 788 2009 habituati
828 1967 871 2009 in
911 1967 1079 2022 aliquo,
1122 1967 1198 2023 qui
1235 1967 1369 2010 etiam
1407 1982 1498 2010 non
1538 1968 1794 2024 cogitantes
1831 1969 1938 2012 illuc

297 2043 507 2086 tendunt.

386 2121 432 2161 In
459 2120 824 2164 consideratione
849 2121 1014 2166 inferni
1037 2123 1177 2164 debes
1201 2123 1349 2166 facere
1381 2122 1779 2178 comparationem,
1812 2122 1848 2165 si
1873 2123 1936 2166 illi

296 2198 383 2238 hoc
408 2197 576 2239 bonum
613 2199 683 2240 uel
713 2198 823 2240 illud
853 2200 1089 2251 haberent,
1121 2198 1156 2242 si
1192 2214 1364 2254 poenas
1396 2199 1494 2242 illas
1527 2207 1858 2244 commutarent
1889 2200 1934 2243 in

292 2275 408 2316 hanc
434 2288 636 2329 paruam,
662 2289 797 2329 quam
823 2275 983 2330 patior,
1011 2275 1167 2330 quanti
1194 2276 1409 2319 facerent.

383 2352 447 2393 Ex
481 2351 762 2394 aestimatiua
799 2352 999 2394 nascitur
1032 2367 1171 2395 amor.
1204 2352 1251 2397 Si
1284 2367 1367 2395 nos
1396 2352 1687 2396 aestimamus
1716 2368 1785 2406 ea,
1816 2367 1932 2408 quae

292 2428 516 2470 Dominus
540 2443 619 2484 pro
644 2428 773 2471 nobis
797 2428 920 2480 facit,
948 2429 1200 2483 amabimus
1221 2444 1342 2472 eum.
1370 2431 1473 2472 Non
1491 2429 1798 2483 aestimamus,
1825 2429 1931 2485 quia

291 2520 382 2547 non
406 2505 726 2561 cognoscimus
750 2520 848 2557 nos,
875 2513 918 2550 et
942 2521 1032 2549 non
1059 2506 1312 2549 iudicamus
1335 2521 1420 2549 nos
1442 2507 1564 2562 ipsos
1593 2507 1758 2563 dignos
1790 2507 1930 2550 infer-

291 2596 365 2634 no,
392 2597 495 2625 nam
520 2590 615 2624 tum
641 2583 794 2639 magni
817 2583 1162 2627 aestimaremus
1184 2599 1254 2637 ea,
1276 2599 1393 2639 quae
1412 2584 1652 2640 recipimus
1669 2599 1694 2627 a
1714 2584 1925 2628 Domino.
1978 2571 1982 2589 ἶ

379 2660 445 2701 Ex
469 2661 553 2702 hac
576 2659 938 2703 consideratione
956 2660 1268 2703 humiliabitur
1286 2662 1438 2713 homo,
1462 2669 1510 2703 ut
1528 2661 1662 2704 etiam
1681 2661 1929 2705 admiretur

289 2737 410 2791 quod
432 2738 559 2780 Deus
581 2737 656 2779 det
680 2736 720 2780 ei
743 2738 908 2779 bonam
933 2737 1273 2793 cogitationem3
1300 2737 1336 2781 si
1359 2739 1590 2781 desolatus
1608 2746 1692 2790 est,
1718 2739 1926 2781 consola-

288 2812 423 2865 bitur,
459 2814 657 2857 uidendo
691 2815 812 2869 quod
846 2829 935 2856 non
970 2816 1108 2858 habet
1145 2814 1385 2857 maximam
1420 2815 1537 2858 illam
1577 2815 1922 2868 desolationem,

287 2905 419 2944 quam
444 2900 656 2934 meretur.
685 2891 732 2935 Si
756 2891 801 2933 in
825 2890 975 2946 aliqua
998 2890 1200 2950 siccitate
1224 2899 1308 2943 est,
1342 2893 1603 2936 consoletur
1632 2892 1784 2946 etiarn,
1816 2907 1924 2935 con-

285 2967 541 3019 siderando,
568 2983 616 3012 se
641 2982 730 3011 non
754 2969 922 3012 habere
946 2967 1064 3010 illam
1089 2967 1330 3011 maximam
1355 2968 1622 3013 siccitatem.
1644 2970 1693 3012 In
1712 2970 1798 3013 hac
1816 2983 1924 3013 con·
