2028 3426
5 103 14 111 „
0 0 21 96 qam

666 262 1002 300 INSTRUC'HONES
1011 266 1095 300 κ-ὸΙ
1573 268 1644 314 483

161 363 292 418 Quae
314 370 464 406 tamen
487 377 698 406 mensura
721 365 929 409 omnibus
951 366 994 409 in
1019 367 1153 410 rebus
1176 367 1317 411 teneri
1340 368 1516 421 debeat,
1537 371 1690 414 vnctio

67 446 228 482 sancta
249 438 431 483 diuinae
454 439 700 496 sapientiae
723 455 800 484 eos
822 443 1017 495 docebit,
1039 443 1116 498 qui
1136 443 1180 486 id
1202 458 1337 487 curae
1359 446 1414 487 ad
1438 445 1534 489 eius
1559 448 1689 491 obse-

72 515 227 570 quium
251 529 303 558 ac
325 516 503 559 laudem
520 516 779 581 'vberiorem
798 520 1094 575 susceperint.

161 593 287 634 Haec
310 594 533 636 hactenus
555 608 610 636 ex
633 593 1052 648 constitutionibus,
1079 612 1194 652 quae
1216 597 1330 642 scire
1352 598 1532 653 quidem
1556 614 1688 655 opor—

73 675 137 710 tet
160 668 527 721 examinatorem,
552 676 596 712 et
620 683 675 711 ex
697 670 767 712 his
789 670 1069 728 interrogare
1097 689 1149 717 ea
1176 674 1354 730 poterit,
1387 690 1503 730 quae
1531 690 1687 719 neces—

54 744 203 796 saria,
230 760 345 800 quae
366 746 617 797 commoda,
644 746 916 790 existimabit
938 748 982 790 in
1006 764 1052 792 re
1075 751 1315 805 praesenti.

160 826 243 867 347
275 821 451 865 Deinde
482 837 588 866 vero
607 813 745 865 ⁴breui
776 825 969 878 quodam
1006 827 1273 882 compendio
1301 829 1601 872 declarabitur
1630 830 1691 871 illi

72 897 175 940 finis
197 898 455 950 Societatis,
481 899 641 941 modus
663 900 982 955 progrediendi
1005 910 1049 944 et
1074 903 1360 958 perfectionis
1383 906 1496 948 ratio
1519 906 1564 948 in
1593 906 1691 949 vni-

73 988 254 1018 uersum
278 974 589 1030 explicabitur,
616 976 875 1030 praesertim
900 978 1194 1031 obedientiae,
1215 981 1547 1037 abnegationis,
1568 998 1690 1026 mor—

64 1050 344 1102 tificationis,
370 1057 478 1103 etc.,
500 1051 698 1094 omnium
717 1052 933 1096 virtutum
956 1062 1001 1097 et
1024 1057 1310 1110 perfectionis
1333 1060 1607 1112 earumdem,
1629 1060 1688 1103 si-

74 1127 166 1169 mul
189 1128 309 1182 quod
331 1135 436 1170 vota
458 1127 672 1183 suscipiat
695 1128 953 1182 Societatis,
981 1138 1087 1184 etc.;
1112 1139 1157 1174 et
1187 1134 1365 1176 tandem
1394 1134 1692 1192 interrogabi-

66 1210 147 1245 ·tur
169 1218 223 1246 an
248 1211 403 1259 parato
425 1203 483 1246 sit
506 1211 550 1247 et
579 1205 707 1247 firmo
735 1204 899 1258 animo,
925 1214 973 1248 vt
1001 1208 1167 1251 seruiat
1196 1210 1293 1253 Deo
1322 1210 1367 1253 in
1396 1211 1625 1257 Societate
1648 1213 1692 1255 in

74 1280 197 1323 omni
220 1279 475 1323 obedientia
497 1288 542 1323 et
560 1280 875 1335 indifferentia,
896 1283 941 1325 in
961 1284 1120 1339 quauis
1143 1301 1206 1337 re,
1228 1301 1514 1342 quocumque
1531 1288 1577 1331 in
1595 1291 1693 1332 offi-

73 1356 142 1399 cio
165 1357 235 1400 vel
257 1364 394 1402 statu,

162 1435 229 1476 Ex
259 1433 519 1476 huiusmodi
548 1434 979 1491 interrogationibus
1001 1445 1045 1481 et
1067 1439 1448 1494 responsionibus,
1474 1456 1589 1497 quae
1622 1443 1693 1486 vel

7 1507 12 1512 “
74 1509 170 1552 fieri
193 1517 382 1566 possunt
405 1517 449 1554 et
471 1512 633 1564 solent,
656 1512 724 1555 vel
748 1527 803 1555 ex
821 1512 983 1567 quibus
1001 1515 1172 1571 colligit
1194 1517 1468 1560 examinator
1487 1518 1594 1572 quid
1612 1533 1695 1561 no-

73 1586 276 1629 minatim
298 1586 576 1643 interrogare
606 1588 676 1630 vel
699 1589 941 1632 obseruare
968 1591 1102 1633 debet
1123 1600 1156 1643 ³,
1188 1592 1490 1649 colligendum
1516 1596 1695 1639 tandem

70 1671 142 1706 est
165 1663 211 1704 in
236 1662 442 1714 Domino,
466 1678 523 1706 an
546 1663 598 1715 is,
625 1664 702 1718 qui
730 1664 1049 1721 interrogatur,
1076 1676 1206 1723 aptus
1233 1669 1292 1710 sit
1324 1670 1379 1712 ad
1406 1670 1692 1724 Societatem;

74 1746 118 1781 et
147 1747 236 1782 tam
265 1739 604 1783 informationes
633 1755 766 1795 quam
797 1741 952 1784 iuditia
981 1743 1076 1798 ipsa
1107 1745 1260 1788 referri
1288 1747 1454 1790 debent
1483 1748 1539 1790 ad
1561 1762 1695 1803 supe-

37 1863 38 1866 ,
74 1815 252 1868 riorem,
287 1815 417 1858 cuius
438 1817 672 1872 proprium
703 1818 785 1861 erit
814 1834 868 1862 ex
897 1819 965 1871 iis,
998 1834 1112 1874 quae
1143 1821 1226 1864 sibi
1245 1823 1527 1876 referuntur,
1559 1823 1696 1880 recipi

68 1893 239 1936 debeat
261 1908 317 1936 an
341 1907 432 1935 non
460 1893 506 1935 in
535 1894 722 1949 primam
752 1896 1062 1950 probationem
1093 1897 1304 1941 iudicare.
1340 1900 1421 1943 Sin
1449 1907 1598 1942 autem
1628 1917 1698 1944 res

75 1984 165 2011 non
196 1969 256 2012 ita
283 1969 403 2012 clara
433 1970 583 2022 fuerit,
615 1970 804 2026 ipsemet
837 1977 922 2018 348
950 1973 1154 2029 superior
1180 1975 1342 2030 poterit
1370 1991 1473 2019 eum
1512 1977 1693 2032 alloqui,

9 2067 15 2080 ι
75 2044 166 2087 imo
193 2059 370 2101 semper
398 2046 482 2090 erit
519 2047 678 2090 melius
706 2055 751 2090 et
788 2049 954 2101 vtilius,
980 2057 1030 2092 vt
1062 2051 1265 2106 superior
1300 2060 1402 2108 post
1438 2068 1490 2096 ea
1528 2053 1693 2106 omnia,

69 2135 190 2176 quae
213 2123 269 2166 de
293 2122 364 2174 iis,
391 2123 467 2178 qui
491 2123 847 2179 interrogantur,
874 2126 1016 2178 nouit,
1042 2126 1165 2169 illum
1189 2128 1455 2183 alloquatur.

164 2199 363 2243 Examen
386 2200 473 2242 hoc
496 2214 672 2255 semper
696 2201 841 2245 facere
864 2202 998 2245 debet
1020 2202 1072 2254 is,
1098 2203 1171 2245 cui
1194 2204 1478 2248 examinandi
1501 2205 1696 2248 officium

7 2329 12 2334 1
69 2280 120 2317 et
143 2288 250 2317 cura
280 2290 305 2318 a
338 2276 568 2331 superiore
591 2276 828 2319 commissa
857 2285 940 2321 est.
972 2279 1093 2321 Idem
1132 2280 1296 2323 facient
1332 2282 1421 2324 duo
1454 2289 1604 2325 tresue
1626 2283 1699 2325 alii

12 2396 17 2405 ἱ
78 2351 251 2402 Patres,
278 2351 354 2407 qui
377 2353 463 2394 hac
486 2351 532 2393 in
554 2366 602 2395 re
631 2353 794 2395 iudicio
818 2354 1014 2407 valeant,
1039 2355 1115 2410 qui
1137 2356 1497 2412 designabuntur
1519 2373 1544 2400 a
1566 2373 1697 2414 supe-

81 2425 213 2469 riore:
239 2427 269 2470 ii
291 2442 390 2472 esse
412 2429 558 2472 solent
580 2429 836 2472 consiliarii.

166 2503 226 2546 Hi
250 2504 369 2547 enim
392 2519 548 2548 omnes
570 2507 766 2549 referent
794 2507 850 2548 ad
872 2507 1147 2563 superiorem
1171 2509 1531 2552 informationem
1554 2519 1597 2553 et
1627 2511 1696 2552 iu-

71 2579 242 2622 ·dicium
265 2595 413 2623 suum.
440 2583 540 2624 Hoc
564 2589 730 2634 tamen,
755 2584 903 2637 quoad
925 2583 1021 2628 fieri
1044 2585 1225 2639 poterit,
1250 2586 1696 2629 animaduertendum

46 2691 48 2693 >
74 2663 163 2708 est,
188 2672 245 2701 ne
274 2658 374 2711 quis
404 2658 459 2700 ad
496 2657 684 2713 primam
714 2659 1026 2714 probationem
1059 2661 1340 2714 admittatur,
1375 2670 1614 2717 antequam
1642 2664 1698 2707 de

75 2733 238 2775 eodem
261 2733 456 2788 inquirat
484 2749 602 2777 Vnus
625 2750 680 2778 ex
710 2735 779 2787 iis,
806 2735 882 2790 qui
914 2736 1188 2789 examinant,
1215 2739 1270 2780 ab
1298 2738 1510 2790 externis,
1536 2739 1572 2781 si
1603 2740 1697 2783 fieri

80 2808 236 2863 possit,
260 2817 306 2852 et
328 2818 573 2865 cognoscat
595 2811 651 2853 de
681 2812 958 2866 parentibus,
986 2820 1032 2854 et
1053 2813 1109 2857 de
1138 2814 1345 2856 omnibus
1368 2814 1480 2866 aliis,
1506 2829 1619 2870 quae
1653 2815 1697 2857 in

77 2884 267 2927 dub-ium
289 2879 444 2929 venire
466 2893 694 2942 poterunt,
720 2894 764 2930 et
782 2888 945 2931 referat
969 2889 1024 2930 ad
1048 2889 1337 2944 superiorem,
1360 2904 1416 2932 ne
1441 2891 1555 2933 forte
1578 2891 1698 2935 desi-

153 3058 169 3075 3
217 3050 354 3086 debent
369 3062 439 3086 ms.
