2028 3426
680 248 1109 293 INSTRUCTIONES—OI
1593 258 1660 294 597
1683 237 1685 240 ¹

71 350 325 405 parandum
349 348 393 390 in
416 348 593 404 spiritu;
621 362 737 403 quae
760 347 909 390 omnia
932 354 1064 390 erunt
1087 347 1172 390 sita
1195 348 1239 390 in
1262 347 1427 390 iudicio
1458 357 1502 391 et
1533 352 1701 405 guber-

79 425 263 469 natione
279 423 579 481 superiorum.

167 501 433 545 Mulieribus
455 516 511 545 ne
533 502 698 545 dentur
720 500 932 544 exercitia
955 500 1051 543 sine
1073 515 1300 543 consensu
1322 501 1602 555 maritorum,
1623 512 1702 545 aut

78 586 338 634 parentum,
378 585 455 621 aut
494 585 719 629 tutorum,
761 591 909 632 neque
951 577 1221 619 monialibus
1262 578 1433 631 absque
1476 592 1700 621 consensu

77 670 262 698 suorum
284 654 581 711 superiorum.
607 653 782 697 Liberis
804 669 912 697 vero
935 653 1198 696 mulieribus
1216 660 1263 695 vt
1280 655 1459 705 dentur,
1481 669 1535 697 eo
1560 655 1701 697 maius

71 733 159 777 erit
182 731 420 774 consilium
444 738 489 775 et
511 730 799 787 prouidentia
820 731 1089 774 adhibenda.
1117 732 1174 772 Et
1195 730 1293 773 aliis
1310 730 1489 784 quidem
1509 740 1526 755 ³
1544 731 1699 775 mulie-

76 810 199 851 ribus
222 810 387 851 dantur
416 809 508 851 fere
537 807 708 864 primae
736 809 1046 870 hebdomadae
1079 808 1212 862 paulo
1249 807 1440 862 amplius
1478 811 1574 850 sine
1607 809 1696 851 ele-

70 885 315 928 ctionibus.
343 884 618 928 Monialibus
640 892 789 927 autem
814 885 942 940 plura
963 884 1115 937 etiam,
1149 898 1252 926 curn
1282 884 1447 926 iudicio
1477 891 1626 926 tamen
1656 893 1701 928 et

72 962 170 1005 sine
193 961 506 1014 electionibus,
532 962 690 1004 saltem
713 968 874 1004 status.
903 960 1016 1003 Aliis
1045 960 1151 1003 item
1181 960 1461 1011 mulieribus,
1495 975 1583 1002 non
1613 961 1697 1003 nisi

72 1039 116 1081 in
141 1038 346 1091 ecclesia3
372 1037 657 1090 monialibus,
684 1038 760 1080 vbi
778 1038 1084 1094 designabunt
1101 1052 1256 1081 earum
1276 1037 1545 1092 superiores,
1568 1039 1699 1080 modo

73 1117 117 1158 in
142 1131 223 1159 sua
246 1120 313 1162 617
336 1116 545 1158 clausura
573 1114 697 1171 ipsae
725 1114 830 1166 sint,
855 1114 997 1156 nostri
1025 1113 1243 1167 exterius,
1267 1114 1577 1158 intercedente
1612 1115 1699 1157 fer-

73 1208 149 1236 reo
171 1193 389 1244 cancello,
415 1200 459 1235 et
482 1193 600 1244 velo,
629 1201 676 1234 vt
699 1193 828 1234 solet.

159 1269 395 1325 Eligantur
418 1269 474 1311 ad
496 1269 643 1311 danda
662 1268 891 1320 exercitia,
914 1268 990 1322 qui
1008 1269 1063 1310 ad
1080 1270 1166 1310 hoc
1186 1268 1403 1310 talentum
1422 1268 1692 1323 acceperint,

70 1354 114 1388 et
137 1347 302 1390 dentur
329 1360 431 1388 cum
466 1360 631 1401 magna
663 1346 899 1388 exactione
937 1359 1040 1387 cum
1078 1345 1243 1386 dantur
1280 1344 1473 1400 integra3
1515 1346 1695 1399 quando

69 1437 179 1466 vero
202 1422 380 1478 integra
403 1437 493 1464 non
516 1423 696 1471 dantur,
722 1429 960 1464 seruentur
983 1420 1165 1463 vltimae
1187 1422 1373 1476 regulae
1395 1436 1449 1463 ex
1479 1420 1548 1472 iis,
1581 1436 1695 1476 quae

70 1500 293 1542 habentur
316 1499 361 1541 in
384 1499 605 1555 principio
629 1499 962 1543 exercitiorum.

158 1575 250 1631 Qui
272 1577 495 1618 hactenus
520 1590 544 1617 e
567 1575 732 1618 nostris
754 1574 969 1618 exercitia
993 1589 1082 1617 non
1106 1573 1300 1630 egerint,
1334 1574 1408 1616 illa
1442 1573 1693 1630 transigant

68 1660 112 1695 et
152 1659 309 1695 exacte
347 1652 543 1707 quidem,
584 1652 621 1694 si
661 1667 814 1695 eorum
856 1651 1051 1707 patiatur
1088 1652 1299 1694 valetudo
1339 1652 1409 1694 vel
1449 1651 1689 1706 capacitas,

62 1728 269 1771 adhibito
286 1728 452 1771 iudicio
471 1728 731 1783 superioris,
752 1730 923 1783 absque
941 1728 1161 1772 electione
1177 1735 1337 1780 status3
1359 1727 1521 1783 poterit
1541 1734 1691 1770 tamen
1729 1725 1731 1728 ’

69 1804 165 1848 fieri
188 1804 352 1849 electio
376 1806 432 1847 de
454 1820 507 1848 eo
529 1806 909 1860 quemadmodum
939 1804 984 1846 in
1012 1803 1502 1859 Societateproficiant
1527 1804 1686 1859 magis,

67 1882 217 1924 omnia
239 1881 520 1925 subiiciendo
544 1881 825 1937 superiorum
856 1880 1055 1932 arbitrio,
1088 1880 1303 1935 quicquid
1332 1880 1377 1922 in
1410 1882 1494 1922 hoc
1524 1895 1692 1936 genere

65 1958 308 2014 elegerint.

155 2035 338 2078 Externi
363 2035 414 2092 (si
437 2035 534 2079 fieri
555 2036 717 2091 potest)
747 2034 868 2077 domi
897 2034 1110 2078 exercitia
1144 2049 1234 2076 non
1267 2033 1503 2089 accipiant,
1545 2033 1581 2075 si
1615 2033 1691 2087 qui

67 2118 215 2153 tamen
238 2111 359 2154 domi
383 2111 620 2166 accipiant,
645 2111 675 2153 ii
699 2112 878 2154 soluant
901 2111 1165 2166 impensam.

154 2193 225 2234 618
248 2189 384 2243 Quod
406 2197 455 2230 vt
478 2188 718 2244 plurimum
743 2189 840 2231 fieri
867 2188 928 2230 ita
951 2189 1131 2240 debere,
1157 2203 1213 2231 ex
1235 2202 1290 2230 eo
1313 2186 1530 2242 principio
1553 2187 1689 2228 dedu-

65 2264 196 2316 citur,
213 2266 333 2319 quod
352 2265 562 2307 nimirum
580 2266 844 2321 profitemur
860 2271 1184 2321 paupertatem.
1203 2264 1509 2319 Quamobrem
1527 2277 1689 2306 cauen-

65 2341 170 2383 dum
195 2348 262 2383 est
285 2355 342 2383 ne
364 2341 506 2383 simus
529 2341 699 2396 profusi
721 2341 768 2383 in
796 2341 1019 2396 expensis,
1056 2342 1113 2383 ad
1144 2355 1257 2395 quas
1288 2355 1378 2382 non
1417 2339 1686 2394 obligamur,

65 2416 353 2459 nihilominus
377 2425 542 2470 tamen,
568 2417 604 2459 si
628 2419 700 2461 vel
728 2418 970 2474 collegium
1000 2424 1118 2461 esset
1147 2416 1290 2468 diues,
1323 2417 1394 2458 vel
1428 2423 1577 2457 rector
1610 2417 1688 2457 ho-

65 2500 192 2535 nesta
216 2493 388 2536 ratione
410 2495 638 2549 agendum
662 2494 790 2538 aliter
813 2501 1033 2545 censeret,
1059 2494 1132 2537 vel
1154 2507 1245 2535 non
1274 2492 1556 2534 dubitaretur
1579 2491 1685 2545 quin

62 2567 135 2611 ille
157 2577 275 2613 esset
298 2570 501 2612 facturus
523 2570 631 2612 satis
654 2585 708 2613 ex
732 2586 796 2622 se,
823 2585 912 2613 non
936 2585 1050 2625 opus
1074 2571 1187 2613 foret
1217 2568 1456 2623 quicquam
1488 2568 1682 2622 exigere.

151 2646 448 2689 Consuetudo
472 2653 621 2688 tamen
650 2647 889 2690 exercendi
921 2647 1038 2688 intra
1066 2645 1245 2700 collegii
1274 2651 1400 2699 septa
1433 2642 1686 2685 meditatio*

64 2720 196 2763 nibus
216 2729 430 2765 externos
453 2722 597 2764 sicubi
617 2723 767 2774 suerit,
789 2738 877 2764 non
899 2723 1176 2774 immutetur,
1198 2721 1281 2763 nisi
1301 2728 1424 2763 extra
1443 2718 1685 2774 collegium

65 2796 179 2839 idem
203 2797 300 2841 fieri
323 2799 558 2841 commode
581 2807 731 2853 queat.
759 2800 895 2854 Quod
917 2798 953 2840 si
977 2798 1093 2840 intra
1115 2796 1356 2851 collegium
1375 2796 1537 2837 dentur
1556 2808 1686 2837 exer—

62 2871 182 2925 citia,
204 2873 248 2915 id
267 2874 344 2915 fiat
367 2882 576 2929 separato
598 2876 654 2917 ab
673 2874 952 2917 habitatione
974 2876 1160 2916 fratrum
1184 2874 1299 2923 loco,
1321 2871 1468 2926 quoad
1491 2885 1572 2912 eus
1589 2871 1684 2912 fieri

0 2996 1 3006 ἵ
64 2949 242 3002 poterit.

131 3048 147 3064 a
197 3037 337 3083 quibus
357 3049 444 3084 ms.;
464 3039 532 3073 sed
552 3040 690 3074 melius
710 3040 747 3074 in
770 3038 864 3073 Cod.
896 3039 1017 3072 Vatic.
1041 3047 1072 3081 ς,
1095 3036 1242 3070 Natalis
1263 3046 1377 3069 manu
1392 3034 1565 3078 quidem.
