2028 3426
629 252 755 290 INSTR
762 257 1060 292 UC'ronES-ol
1542 267 1609 305 579

119 361 290 403 Amare
313 365 358 402 et
380 363 535 413 optare
557 357 734 399 labores
757 357 813 399 ad
835 357 971 400 finem
995 357 1142 413 ipsum
1166 361 1552 414 consequendum,

124 433 400 479 Obedientia
423 434 639 489 perfecta.

124 511 288 556 'Oratio
310 510 510 566 practica
533 517 577 554 et
601 511 657 552 ad
680 524 793 566 opus
817 518 1019 555 extensa.

132 587 393 631 Humilitas.

126 664 420 720 Simplicitas.

131 744 274 786 Amor
296 739 674 784 mortificationis.

135 821 277 863 Amor
299 816 515 873 patiendi.

135 894 357 939 Modestia
379 902 423 936 et
446 893 698 938 aedificatio
721 893 768 937 in
790 894 1034 939 locutione.

137 973 281 1015 Amor
303 977 589 1026 contemptus
611 970 697 1016 sui.
883 961 886 971 Δ

139 1053 221 1096 566
252 1046 503 1102 Diligentia
526 1047 569 1088 in
593 1047 991 1091 obseruationibus
1015 1048 1307 1102 quotidianis.

142 1126 216 1169 Ob
239 1125 395 1167 oculos
417 1124 580 1168 mentis
604 1132 821 1180 perpetuo
844 1127 991 1167 Deum
1015 1126 1200 1169 habere.

143 1204 367 1245 Exereere
389 1201 586 1257 seipsum
611 1201 656 1243 in
685 1201 1023 1257 operationibus
1051 1201 1271 1245 virtutum
1301 1202 1676 1258 theologicarum,

54 1279 319 1335 praesertim
343 1278 589 1320 eharitatis.

147 1355 333 1398 Auxilio
356 1362 401 1398 et
423 1355 569 1410 gratia
591 1354 677 1398 Dei
701 1362 744 1398 et
768 1355 1032 1410 quotidiano
1056 1370 1141 1398 vsu
1169 1355 1254 1398 sibi
1283 1369 1543 1411 comparare
1571 1370 1681 1398 Con—

61 1432 344 1475 suetudinem
368 1433 516 1474 Deum
539 1431 773 1487 diligendi,
801 1431 929 1486 quasi
952 1439 1171 1487 perpetuo
1200 1432 1397 1486 quodam
1426 1439 1547 1485 actu,
1574 1439 1618 1475 et
1640 1448 1686 1475 re

63 1508 174 1564 ipsa,
200 1508 263 1550 ita
284 1499 331 1549 {rt
355 1522 532 1563 semper
553 1507 650 1550 eius
672 1522 824 1551 amore
847 1507 1036 1551 interius
1059 1523 1366 1561 commonear,
1394 1509 1461 1551 vel
1492 1517 1594 1551 actu
1618 1509 1690 1552 vel

14 1631 16 1634 ,
66 1586 222 1629 saltem
245 1584 428 1627 virtute.
454 1583 528 1628 Sic
551 1584 670 1627 enim
693 1585 771 1627 fiet
794 1584 925 1627 facile
947 1591 996 1626 vt
1019 1584 1158 1627 veluti
1180 1583 1434 1627 substantia
1454 1592 1531 1627 aut
1550 1586 1691 1627 forma

49 1648 265 1722 'omnium
290 1669 548 1704 nostrarum
577 1660 894 1716 operationum
923 1660 980 1703 sit
1009 1661 1220 1714 charitas,
1257 1661 1406 1704 omnia
1435 1676 1569 1718 opera
1599 1676 1693 1704 me-

23 1755 30 1767 ··
68 1739 219 1781 ritoria
248 1738 366 1781 vitae
395 1745 622 1781 aeternae.
657 1737 808 1781 Facile
837 1737 956 1780 enim
980 1737 1130 1780 omnia
1159 1753 1216 1781 ex
1237 1738 1313 1781 illo
1341 1738 1562 1795 principio
1585 1738 1693 1780 diri-

72 1823 255 1872 gentur.

41 1880 45 1886 ’
159 1892 325 1936 Omnia
347 1907 403 1935 ex
425 1891 585 1947 spiritu
608 1890 710 1942 Dei,
738 1907 793 1935 ex
815 1893 977 1943 corde,·
995 1900 1040 1936 et
1062 1892 1261 1948 practice
1283 1892 1502 1948 cogitare,
1524 1891 1696 1943 audire,

39 2020 42 2021 ⁷
66 1977 118 2013 -et
140 1969 278 2024 loqui:
306 1969 464 2024 spiritu
488 1968 668 2023 quidem
690 1968 794 2021 Dei,
822 1984 848 2010 a
871 1983 960 2023 quo
984 1968 1134 2012 omnia
1156 1969 1278 2011 bona
1302 1975 1452 2011 ortum
1470 1976 1515 2011 et
1532 1983 1700 2011 oonsu-

28 2037 29 2044 ἵ
75 2046 315 2089 mationem
353 2046 541 2097 habent,
582 2045 803 2099 cuiusque
840 2045 1022 2088 diuinae
1059 2045 1284 2089 maiestati
1323 2034 1562 2106 tribuenda
1599 2051 1703 2087 sunt

68 2123 239 2165 omnia.
272 2123 420 2165 Corde
451 2137 577 2174 vero,
609 2129 655 2164 vt
685 2136 853 2178 magno
881 2123 1076 2176 quodam
1107 2122 1342 2164 eharitatis
1372 2122 1552 2172 ardore,
1579 2128 1623 2164 et
1651 2135 1703 2163 eo

30 2188 46 2251 [j
75 2198 212 2241 animi
234 2199 308 2254 pio
331 2204 410 2245 567
433 2200 615 2250 affectu,
642 2199 820 2253 qualem
838 2213 910 2241 res
927 2199 1140 2254 postulat,
1161 2199 1218 2242 de
1241 2213 1330 2254 qua
1360 2198 1528 2254 agitur,
1554 2197 1703 2240 omnia

29 2265 44 2289 ³'
74 2275 347 2332 cogitemus,
389 2275 641 2327 audiamus,
683 2276 936 2330 loquamur,
980 2290 1186 2331 agamus.
1224 2274 1429 2318 Praetice
1458 2281 1626 2325 autem,
1658 2281 1705 2315 vt

50 2353 228 2395 *omnia
260 2352 514 2408 dirigantur
543 2353 599 2394 ad
628 2352 908 2407 operandum
939 2352 995 2393 ad
1018 2351 1240 2394 maiorem
1272 2351 1462 2406 gloriam
1493 2350 1577 2393 Dei
1605 2364 1707 2392 eum

34 2416 35 2421 ¹
78 2428 179 2470 eius
201 2429 347 2484 gratia
369 2436 414 2470 et
438 2428 603 2471 auxilio
632 2430 659 2470 ¹.

52 2564 55 2567 ἢ
172 2506 221 2547 In
243 2505 582 2560 operationibus
604 2504 815 2547 omnibus
839 2517 867 2557 4
891 2503 1110 2559 principia
1143 2517 1401 2557 sequemur.
1436 2503 1654 2556 Primum,
1685 2518 1710 2545 a

50 2603 58 2635 χ
87 2594 175 2635 quo
197 2581 346 2623 omnia
368 2582 640 2636 dependent,
667 2580 744 2635 qui
767 2587 835 2623 est
858 2582 984 2623 Deus
1006 2579 1119 2635 ipse,
1145 2579 1370 2630 Christus,
1396 2579 1583 2632 eiusque
1606 2593 1707 2634 gra-

51 2656 149 2699 “tia
170 2664 214 2700 et
236 2657 457 2700 doctrina.
485 2658 747 2701 Secundum
772 2664 841 2699 est
864 2655 1055 2700 ecclesia
1083 2663 1240 2698 sancta
1273 2669 1472 2697 romana.
1508 2655 1711 2698 Tertium

86 2741 195 2775 sunt
230 2733 421 2776 virtutes
459 2734 650 2776 morales
685 2748 933 2787 earumque
970 2747 1101 2775 Vsus.
1143 2733 1390 2786 Quartum,
1432 2730 1545 2772 ratio
1581 2731 1713 2785 plena

94 2810 232 2851 nostri
255 2810 448 2852 instituti
472 2817 516 2854 et
540 2809 810 2852 vocationis.

166 2933 174 2952 ¹
227 2934 334 2968 Haec
354 2933 500 2968 Natalis
517 2933 749 2968 documenta
768 2944 789 2967 a
807 2933 853 2968 V.
875 2933 918 2968 P.
938 2932 1157 2966 Baltassare
1185 2930 1352 2964 Alvarez
1378 2929 1416 2963 in
1445 2928 1523 2963 suis
1538 2929 1594 2963 'ad
1613 2929 1719 2964 novi-

92 2989 171 3025 “tios
188 2991 517 3026 adhortationibus
535 2996 717 3037 usurpata
736 2990 857 3025 fuisse
877 2996 1043 3025 testatur
1063 2987 1284 3023 Ludovieus
1303 2986 1351 3021 de
1371 2988 1405 3021 la
1425 2987 1588 3031 Puente,
1618 2989 1718 3023 Vida

93 3049 162 3084 del
188 3051 229 3085 V.
250 3051 298 3086 P.
319 3051 513 3085 Baltasar
531 3050 716 3090 Alvarez,
736 3060 820 3095 cap.
841 3049 946 3093 XXI,
967 3049 983 3094 ἒ
1008 3056 1037 3083 1.
