2028 3426
318 205 387 251 558
489 235 492 239 .
794 209 947 245 PATRis
975 211 1220 246 Hmnoxvmi
1249 211 1398 248 NADAL

360 310 488 354 Haec
510 309 842 367 intelligantur,
868 311 985 354 intra
1007 312 1287 367 prouinciam
1307 313 1342 356 si
1367 314 1444 356 fiat
1468 314 1638 358 missio.

360 387 559 441 Quando
591 401 698 430 vero
730 388 972 429 mittuntur
1000 387 1136 443 aliqui
1161 397 1287 433 extra
1313 390 1610 446 prouinciam,
1636 392 1673 434 si
1698 394 1905 455 Romam,

269 463 449 506 videtur
477 464 723 508 conuenire
756 472 803 506 vt
842 472 936 507 tota
973 465 1207 520 prouincia
1243 468 1413 519 soluat,
1454 468 1529 510 vbi
1567 469 1677 512 nulli
1711 470 1909 526 collegio

269 540 389 583 illius
411 541 670 596 prouinciae
694 549 762 583 est
786 542 956 584 bonum
980 543 1102 597 quod
1127 543 1381 590 mittantur.
1407 547 1536 589 quta
1559 561 1796 590 numerum
1820 562 1900 590 au-

269 624 358 661 tem
383 633 694 674 personarum,
722 633 837 673 quae
861 627 1176 664 sustentantur
1199 621 1243 663 in
1268 622 1472 678 collegiis
1494 639 1550 668 ex
1573 624 1808 677 reditibus,
1835 626 1908 668 vel

269 696 454 738 omnino
482 711 537 738 ex
566 696 882 751 eleemosynis,
915 698 1242 742 conferendum
1273 707 1340 743 est
1370 700 1604 743 viaticum.
1640 703 1770 745 Ratio
1801 717 1909 746 vero

271 773 480 816 habenda
502 781 570 815 est
593 788 749 816 eorum
778 773 1091 829 collegiorum,
1119 790 1235 830 quae
1257 791 1312 819 ex
1337 777 1636 833 eleemosynis
1658 778 1838 832 viuunt,
1859 786 1908 821 vt

269 848 356 891 illis
388 849 557 904 aliquid
596 850 905 905 indulgeatur.
936 851 1026 893 Iam
1059 851 1095 894 si
1134 853 1343 909 collegio,
1376 855 1496 898 vnde
1524 854 1686 910 aliquis
1715 855 1908 898 mittitur

270 927 473 977 Romam,
494 934 562 968 est
584 928 704 968 bono
728 933 776 968 vt
794 926 1016 980 mittatur,
1040 935 1189 973 tamen
1212 944 1304 972 non
1322 931 1540 973 continuo
1559 931 1740 974 videtur
1758 938 1907 975 toturn

267 1003 478 1047 viaticum
504 1005 559 1046 ab
589 1003 663 1046 illo
693 1004 886 1060 collegio
909 1006 1124 1049 dandum.
1153 1008 1267 1049 Nam
1297 1007 1472 1051 etiamsi
1495 1008 1553 1051 sit
1581 1008 1689 1052 vtile
1719 1008 1780 1050 illi
1814 1010 1908 1052 col-

266 1081 403 1137 legio,
430 1096 519 1122 non
543 1095 719 1136 semper
747 1088 835 1123 tarn
861 1082 932 1125 516
955 1083 1093 1138 longe
1118 1072 1306 1126 Romam
1333 1099 1496 1140 Vsque.

356 1160 509 1213 Quare
542 1158 626 1202 erit
665 1158 882 1201 iudicium
923 1160 1232 1215 prouincialis,
1270 1169 1318 1203 vt
1356 1164 1593 1205 conferant
1625 1162 1793 1217 aliquid
1824 1163 1909 1206 alia

267 1235 461 1289 collegia
490 1236 543 1276 ad
569 1237 650 1277 has
679 1235 928 1279 missiones.
958 1236 1007 1279 In
1033 1238 1189 1281 eadem
1222 1238 1456 1294 prouincia
1489 1239 1706 1282 iudicabit
1728 1240 1908 1283 ordina-

266 1311 329 1354 rie
358 1326 469 1355 suus
493 1312 783 1367 prouincialis
814 1313 870 1356 de
909 1313 997 1366 his,
1030 1328 1147 1369 quae
1176 1316 1398 1360 hactenus
1429 1315 1549 1358 dicta
1577 1324 1699 1368 sunt;
1727 1318 1909 1372 quando

266 1396 417 1432 autem
448 1389 692 1432 mittuntur
731 1390 875 1433 nostri
915 1392 972 1434 ad
1009 1391 1119 1434 alias
1148 1392 1421 1448 prouincias,
1453 1393 1554 1449 quis
1590 1394 1648 1437 sit
1675 1396 1908 1438 soluturus

267 1465 500 1517 viaticum,
528 1466 571 1508 id
597 1467 815 1522 pendebit
838 1483 892 1510 ex
917 1468 1103 1511 arbitrio
1121 1469 1506 1513 commissariivel
1528 1471 1754 1526 generalis
1776 1487 1883 1528 prae

268 1542 415 1598 positi3
443 1550 487 1585 et
514 1550 663 1586 tamen
691 1544 819 1587 facile
843 1545 928 1588 erit
951 1533 1069 1590 inter
1091 1561 1140 1589 se
1164 1547 1413 1592 conuenire
1437 1547 1754 1603 prouinciales.
1792 1551 1906 1592 Nam

266 1619 339 1661 cui
362 1621 482 1662 bono
506 1620 561 1662 sit
585 1628 653 1667 est
678 1621 1060 1677 prospiciendum,
1087 1631 1132 1665 et
1155 1623 1191 1666 si
1221 1624 1370 1667 neutri
1402 1624 1663 1680 prouinciae
1696 1627 1765 1668 vel
1797 1627 1907 1669 nulli

267 1697 461 1752 collegio
484 1705 604 1740 esset
633 1699 772 1752 bono,
800 1699 1104 1745 communiter
1141 1702 1197 1743 ab
1231 1709 1421 1756 Vtraque
1460 1702 1695 1758 prouincia
1726 1702 1907 1746 videtur

267 1775 593 1816 conferendum
613 1775 844 1818 viaticum.
1104 1828 1109 1830 .
1552 1825 1555 1828 Α

358 1851 433 1904 Iis,
465 1852 540 1906 qui
568 1860 749 1908 propter
780 1854 972 1910 negocia
1001 1855 1260 1908 mittuntur,
1287 1857 1422 1899 datur
1449 1857 1681 1910 viaticum;
1715 1857 1784 1909 iis,
1829 1858 1905 1914 qui

270 1928 314 1970 in
339 1929 766 1983 peregrinationem,
794 1946 884 1973 non
913 1933 1062 1985 datum
1088 1932 1157 1985 iis,
1187 1933 1262 1988 qui
1293 1933 1336 1975 in
1376 1934 1675 1983 ministerium
1717 1936 1787 1978 vel
1820 1935 1905 1979 alia

267 2005 440 2049 ratione
461 2006 716 2059 mittuntur,
739 2008 958 2063 siquidem
979 2018 1169 2064 possunt
1187 2012 1359 2065 absque
1377 2011 1541 2054 viatico
1559 2011 1643 2054 iter
1665 2013 1827 2064 facere,
1847 2027 1903 2055 ne

269 2083 415 2124 detur.

271 2195 345 2237 5¹7
830 2213 890 2241 DE
921 2212 1074 2242 socns
1106 2213 1423 2244 AssmNANms

357 2314 535 2356 Nostris
558 2315 900 2367 egredientibus
923 2318 1058 2359 domo
1081 2319 1246 2361 dentur
1268 2319 1377 2361 socii
1407 2335 1430 2361 a
1463 2320 1691 2375 superiore
1716 2322 1787 2364 vel
1818 2321 1902 2363 mi·-

272 2391 430 2444 nistro,
456 2391 491 2433 si
510 2393 671 2433 eodem
697 2393 796 2434 loco
818 2394 1082 2449 egrediendi
1107 2396 1330 2451 accipiant
1354 2398 1635 2442 facultatem.
1657 2400 1698 2441 A
1722 2399 1818 2440 solo
1839 2406 1903 2440 ta-

268 2482 371 2511 men
395 2468 631 2522 superiori,
658 2468 693 2510 si
718 2470 772 2510 ad
799 2470 935 2511 alium
966 2471 1114 2513 locum
1141 2471 1223 2514 iter
1247 2481 1354 2515 sunt
1378 2474 1554 2525 facturi3
1580 2483 1625 2517 et
1651 2474 1696 2516 hi
1720 2475 1898 2529 quidem

270 2545 450 2598 quando
476 2545 647 2600 possint
671 2545 734 2587 ire
759 2546 840 2588 soli
864 2547 1157 2602 prouidenter
1180 2549 1472 2604 praescribet,
1499 2551 1576 2605 qui
1600 2551 1697 2593 illos
1720 2559 1898 2599 euocat.

270 2622 342 2665 vel
365 2628 514 2665 rector
537 2636 591 2664 ex
615 2622 949 2666 commissione.
979 2626 1044 2666 Ex
1069 2625 1166 2667 aliis
1189 2641 1297 2669 vero
1314 2628 1438 2669 solus
1456 2636 1631 2682 emptor
1648 2629 1761 2693 solet
1778 2629 1901 2671 solus

271 2699 444 2753 egredi,
472 2707 516 2741 et
540 2699 583 2740 in
610 2699 789 2755 magnis
821 2701 1024 2756 collegiis
1049 2716 1168 2744 Vnus
1190 2710 1267 2745 aut
1291 2704 1402 2745 alter
1425 2704 1659 2747 coadiutor
1683 2706 1900 2760 probatus

271 2776 384 2818 solet
407 2776 677 2829 dessignari,
703 2776 779 2831 qui
803 2776 908 2819 item
933 2778 1074 2833 possit
1097 2780 1221 2821 solus
1244 2781 1417 2835 egredi.

361 2853 578 2907 Superior
600 2853 798 2909 collegii,
820 2853 854 2896 si
879 2855 1025 2897 socios
1048 2855 1350 2911 assignauerit
1373 2857 1570 2900 nouitios
1595 2857 1805 2901 Patribus
1829 2859 1898 2902 vel

268 2929 498 2982 fratribus,
524 2930 568 2971 id
601 2944 690 2972 non
722 2930 934 2986 poterunt
965 2931 1144 2986 quidem
1176 2931 1391 2988 impedire
1428 2934 1643 2988 praefecti
1675 2934 1896 2990 probatio-

268 3020 373 3047 num
399 3006 495 3048 eius
519 3007 715 3063 collegii.
749 3009 968 3052 Poterunt
994 3015 1142 3050 tamen
1167 3017 1210 3052 et
1233 3010 1465 3053 debebunt
1489 3012 1655 3054 referre
1678 3011 1898 3067 superiori
