2028 3426
398 288 671 323 MONUMENTA
697 295 951 323 PROVINCIAE
969 287 1266 326 ,FLANDRIAE—
1272 293 1316 329 59
1576 282 1644 327 3<9

1600 321 1616 328 v

16 423 34 435 -.
70 390 108 434 si
138 396 355 433 consueta
387 391 498 431 hora
529 389 674 431 oratio
705 389 777 431 vel
808 402 998 431 examen
1030 386 1127 429 fieri
1155 401 1245 428 non
1278 390 1442 441 potest,
1478 385 1571 435 fiat,
1608 398 1692 428 nec

71 472 251 523 propter
275 466 406 508 vllam
429 465 770 520 occupationem
794 463 1176 521 praetermittatur
1200 468 1377 517 tempus
1400 460 1631 505 orationis,

740 598 803 626 DE
837 596 1027 642 STUDns

161 697 321 741 Studia
353 696 442 739 sint
474 695 686 738 distincta
723 697 779 738 ab
816 695 1032 746 oratione,
1070 701 1116 736 vt
1148 693 1273 735 iuxta
1309 692 1493 748 regulas
1529 691 1696 746 primas

72 773 387 817 exercitiorum
417 773 559 816 oratio
588 774 644 816 ad
673 774 885 816 affectum
914 779 958 814 et
981 772 1233 827 profectum
1256 769 1483 811 internum
1508 774 1695 811 conten-

16 846 34 852 ”
74 851 165 894 dat:
192 857 343 893 Vtatur
364 866 472 893 vero
492 850 749 894 intellectus
773 848 1033 905 operatione
1055 848 1112 891 ad
1134 849 1258 890 hunc
1280 847 1432 890 finem.

31 985 34 988 .
163 928 293 970 Ratio
316 927 570 970 studiorum
596 928 647 969 P.
674 927 871 969 Acostae
893 924 976 968 erit
1000 925 1172 976 eadem,
1205 938 1339 978 quam
1369 922 1465 978 ipse
1494 921 1580 964 iam
1614 923 1697 963 ha—

76 1004 173 1047 buit
194 1004 240 1046 in
264 1019 364 1056 vsu,
388 1011 438 1046 vt
461 1004 516 1046 ad
539 1002 804 1045 concionem
828 1002 1082 1045 habendam
1104 1000 1297 1056 primum
1322 999 1697 1042 consideret‘con-

45 1108 50 1113 ·
77 1088 250 1124 textum
273 1080 499 1136 euangelii
521 1080 591 1122 vel
615 1079 830 1134 epistolae
854 1077 1159 1133 explicandae:
1191 1076 1355 1118 deinde
1383 1076 1584 1118 conferat
1613 1074 1700 1117 alia

77 1158 177 1201 loca
199 1157 462 1213 scripturae,
491 1171 607 1211 quae
633 1157 792 1199 eodem
816 1155 1054 1198 attineant.
1089 1156 1329 1197 Praeterea
1353 1151 1564 1195 adhibeat
1586 1166 1700 1193 con-

24 1289 27 1292 ⁶
74 1234 180 1277 'cilia
204 1242 236 1287 ⁸,
263 1234 300 1277 si
324 1248 439 1288 quae
461 1233 567 1285 sint,
583 1239 638 1276 ·et
659 1233 867 1275 doctores
896 1231 1176 1287 praecipuos,
1203 1237 1248 1273 et
1272 1229 1327 1271 ad
1350 1228 1591 1272 conciones
1617 1230 1700 1271 ha-

79 1312 249 1354 bendas
282 1310 429 1366 magis
462 1309 843 1352 accommodatos.
880 1310 1117 1350 Postremo
1148 1305 1334 1348 habebit
1361 1304 1700 1348 meditationem

78 1403 132 1431 ex
170 1387 246 1441 iis,
278 1401 393 1442 quae
425 1385 602 1437 viderit,
638 1386 758 1428 vnde
791 1384 954 1440 poterit
986 1383 1222 1438 disponere
1255 1375 1381 1424 suam
1415 1380 1697 1423 concionem.

78 1463 369 1520 Comparabit
391 1463 475 1505 sibi
504 1463 677 1518 copiam
706 1463 907 1504 locorum
937 1476 991 1503 ex
1016 1459 1154 1502 sacris
1182 1458 1321 1502 literis
1350 1465 1394 1502 et
1417 1457 1694 1500 doctoribus.

168 1541 304 1596 Quod
327 1554 435 1583 vero
457 1539 618 1582 attinet
639 1539 695 1582 ad
717 1538 917 1581 studium
940 1536 1147 1587 actionis,
1173 1535 1268 1591 ipse
1291 1534 1416 1577 dabit
1432 1548 1629 1589 operam,
1650 1540 1700 1575 vt

31 1616 34 1618 ’
78 1631 132 1660 eo
161 1616 306 1659 omnis
334 1617 719 1668 accommodetur,
752 1629 840 1670 qua
869 1620 1026 1670 gratus
1055 1613 1111 1655 sit
1140 1611 1436 1662 auditoribus,
1468 1618 1512 1653 et
1540 1611 1700 1654 efficax

80 1694 311 1750 presertim
336 1694 392 1736 ad
415 1692 766 1735 commonendos
790 1690 963 1733 animos
987 1690 1042 1733 ad
1060 1689 1290 1745 pietatem,
1311 1687 1380 1730 his
1398 1694 1549 1730 autem
1567 1686 1704 1728 initiis

79 1777 201 1813 totus
223 1770 280 1813 sit
302 1770 348 1812 in
370 1769 546 1821 studiis,
574 1783 690 1824 quae
712 1768 838 1810 Vtilia
866 1782 966 1811 esse
995 1773 1206 1822 poterunt
1235 1765 1291 1807 ad
1314 1764 1697 1806 concionandum:

78 1854 236 1904 postea
258 1847 465 1890 consulet
487 1845 825 1902 prouincialem,
852 1844 889 1887 si
912 1859 1000 1900 qua
1023 1842 1195 1899 possint
1218 1841 1366 1885 studia
1391 1840 1595 1896 adiungi.
1692 1843 1695 1846 ⁴

169 1927 221 1967 Ρ.
255 1925 427 1967 Acosta
455 1923 539 1966 erit
568 1916 789 1978 superior,
820 1930 966 1976 neque
996 1920 1172 1962 dicatur
1199 1912 1364 1970 rector,
1397 1931 1545 1972 neque
1573 1931 1701 1972 prae-

80 2001 269 2057 positus.

170 2078 305 2120 Pater
328 2076 498 2120 Xauier
519 2075 538 2101 b
560 2090 716 2118 curam
740 2073 931 2117 ministri
953 2072 1153 2116 habebit.

165 2154 221 2200 P.
262 2156 432 2197 Acosta
463 2152 707 2209 praecipue
745 2150 1042 2206 occupabitur
1079 2148 1279 2191 omnium
1313 2162 1439 2198 cura,
1477 2153 1703 2203 tamquam

79 2246 236 2275 eorum
265 2230 486 2286 superior;
526 2229 660 2272 simul
697 2228 832 2271 etiam
870 2226 1070 2269 omnium
1108 2224 1459 2268 ministeriorum
1488 2223 1704 2266 rationem

81 2307 282 2351 habebit.
319 2307 442 2350 Illius
470 2321 580 2349 vero
609 2304 837 2361 peculiare
860 2303 1089 2360 [officium]
1116 2301 1200 2345 erit
1227 2299 1525 2344 concionandi
1553 2300 1706 2356 hispa-

82 2384 199 2437 nice,
235 2384 435 2428 secundo
471 2384 574 2426 loco
606 2381 916 2425 confessiones
950 2379 1178 2431 audiendi,
1214 2376 1536 2428 conuersandi,
1573 2383 1617 2420 et
1649 2377 1704 2418 ad

81 2461 198 2504 bene
220 2461 500 2503 moriendum
524 2458 728 2510 iuuandi,
755 2464 800 2502 et
822 2458 979 2500 eadem
994 2440 1197 2510 denique
1215 2454 1380 2506 omnia,
1401 2468 1517 2508 quae
1535 2453 1590 2496 ad
1608 2466 1705 2508 pro-

83 2537 225 2581 fessos
247 2543 467 2593 spectant.

173 2616 308 2657 Pater
335 2628 443 2656 vero
473 2612 643 2655 Xauier
670 2625 936 2668 prempuum
965 2608 1158 2664 putabit,
1191 2609 1310 2663 quod
1340 2622 1475 2662 supra
1505 2605 1705 2649 secundo

83 2691 184 2734 loco
206 2689 260 2733 Ρ.
287 2691 484 2733 Acostae
507 2689 872 2744 iniungebamus:
899 2693 1033 2729 erunt
1055 2685 1249 2728 subinde
1271 2684 1419 2726 studia
1444 2682 1589 2725 Patris
1612 2682 1703 2723 Xa-

155 2851 172 2867 a
220 2839 388 2875 consilia
406 2849 476 2873 ms.
529 2837 595 2864 —b
621 2836 693 2870 Ms.
713 2834 847 2869 Xauir
865 2832 927 2868 hic
946 2838 985 2868 et
1004 2831 1102 2867 infra
1117 2841 1283 2876 semper.

84 2946 174 3005 anni
195 2970 298 3015 1568,
317 2974 359 3004 ut
383 2968 466 3014 ipse
491 2968 534 3005 P.
555 2965 705 3001 Natalis
723 2964 888 3009 Borgiae
908 2962 1110 2998 nuntiabat
1129 2960 1167 2994 in
1186 2959 1348 3005 epistola
1368 2956 1560 2991 Bruxellis
1578 2955 1640 2990 die
1660 2965 1704 2990 20

86 3028 176 3074 Maji
193 3028 294 3063 data.
315 3027 375 3063 Cf.
399 3027 524 3072 Epist.
547 3026 594 3059 P.
616 3023 763 3064 Nadal,
784 3022 856 3066 ΙΙΙ,
876 3020 957 3067 593,
980 3020 1059 3065 596.
1082 3019 1166 3053 Hoc
1185 3023 1358 3062 tempore
1383 3017 1478 3050 haec
1503 3013 1705 3049 instructio

85 3087 174 3122 data
191 3086 311 3122 fuisse
330 3085 495 3121 videtur,
