2028 3426
331 235 401 270 628
803 235 957 270 PA‘rms
985 235 1228 269 HiERoNYMi
1254 233 1406 269 NADAL

376 338 426 381 In
450 337 791 380 fundationibus
812 336 1104 392 collegiorum
1134 342 1310 379 tantum
1341 336 1417 378 fiat
1441 335 1610 379 mentio
1642 334 1913 378 ministerio—

287 429 404 466 rum,
426 415 481 457 ad
499 429 614 469 quae
633 414 899 470 praestanda
919 412 1092 469 obligat
1113 427 1162 456 se
1185 412 1405 467 Societas,
1424 420 1474 455 ut
1497 419 1676 455 constet
1699 411 1917 457 Societati

287 491 470 534 libertas
487 491 778 534 scholasticos
801 505 855 534 ex
878 489 1096 533 reditibus
1113 489 1409 546 collegiorum
1429 490 1547 532 alere
1570 490 1615 532 in
1642 488 1919 533 uniuersita-

288 568 425 620 tibus,
452 576 495 612 et
520 570 631 612 haec
655 568 854 618 libertas,
880 566 916 609 si
939 566 1034 609 fieri
1058 566 1215 622 possit,
1241 566 1492 623 explicetur
1515 566 1560 608 in
1587 565 1852 609 fundatione
1881 574 1917 608 ³.

378 645 451 687 Ad
476 645 656 687 titulum
681 643 962 687 uoluntariae
986 643 1277 699 paupertatis,
1305 651 1412 686 uoto
1435 643 1616 699 quidem
1651 650 1915 699 conceptae,

292 731 337 765 et
366 721 631 765 sufficientis
664 721 944 764 litteraturae
972 735 1027 764 ex
1056 719 1257 776 generali
1280 719 1574 764 concessione
1597 719 1717 764 sedis
1740 726 1924 776 aposto-

294 799 422 851 licae,
447 798 713 842 ordinentur
736 796 893 851 nostri,
921 797 992 841 uel
1016 796 1301 853 interpretari
1325 804 1473 853 potest
1502 798 1560 839 ad
1583 798 1707 839 hunc
1742 795 1923 839 titulum

295 876 510 928 ordinari;
538 875 690 930 itaque
714 874 750 917 si
773 874 1056 918 dimittantur
1079 890 1104 917 a
1126 873 1370 926 Societate,
1395 874 1455 917 nil
1479 882 1548 917 est
1576 875 1698 929 quod
1728 873 1925 930 episcopi

296 952 510 1008 conqueri
534 952 724 1008 possint;
744 951 789 994 in
807 959 1073 1008 paupertate
1095 951 1213 994 enim
1238 951 1393 995 uiuere
1414 953 1596 1003 debent,
1618 965 1703 995 nec
1724 950 1807 1006 ipsi
1827 950 1927 994 illos

298 1037 509 1074 tenentur
533 1030 666 1073 alere.

388 1109 448 1149 Vt
473 1113 742 1162 separentur
763 1106 1106 1149 concionatores
1127 1105 1272 1158 liberi,
1294 1105 1370 1161 qui
1393 1105 1689 1150 circumeant.

386 1185 489 1239 Que
512 1198 559 1226 se
582 1183 761 1226 atienda
783 1197 838 1226 en
863 1184 1043 1239 Espafia
1061 1187 1085 1226 a
1106 1185 1241 1226 hazer
1263 1182 1493 1227 subiectos
1516 1198 1624 1239 para
1647 1197 1735 1238 que
1753 1196 1802 1225 se
1820 1197 1931 1238 pue-

299 1262 355 1303 da
386 1269 528 1303 tornar
558 1267 790 1316 assumpto
821 1261 877 1303 de
908 1260 1206 1316 porcionistas
1235 1274 1364 1303 como
1386 1274 1442 1303 en
1468 1261 1626 1313 Roma;
1653 1273 1823 1316 porque
1846 1273 1931 1302 con
1988 1274 1993 1282 ·

302 1346 399 1381 esto
422 1353 470 1382 se
493 1340 601 1380 hara
623 1337 815 1380 seruicio
843 1339 884 1380 al
913 1339 1073 1391 Senor,
1100 1338 1250 1394 plazer
1277 1341 1302 1380 a
1330 1339 1520 1380 muchos
1549 1337 1790 1393 principes,
1823 1351 1852 1392 y
1885 1351 1933 1380 se

303 1419 504 1472 ganaran
529 1414 760 1457 subiectos
782 1414 838 1458 de
861 1416 1010 1458 buena
1032 1429 1230 1457 manera.

393 1492 646 1548 Diligenter
668 1498 790 1545 sunt,
823 1491 899 1547 qui
933 1491 1227 1548 recipiuntur,
1260 1491 1570 1547 interrogandi
1594 1506 1703 1534 num
1741 1490 1932 1548 diligant

303 1569 447 1626 magis
477 1576 688 1625 parentes
717 1584 849 1625 quam
882 1571 1040 1612 Patres
1062 1577 1106 1612 et
1136 1571 1312 1621 fratres,
1345 1577 1389 1612 et
1418 1584 1473 1611 an
1507 1569 1675 1628 uellent
1703 1569 1829 1611 illum
1864 1568 1934 1611 af-

304 1648 470 1691 fectum
495 1645 706 1689 abiicere.

394 1725 495 1767 Non
527 1723 588 1766 ita
617 1733 685 1767 est
715 1724 949 1766 tractanda
977 1723 1239 1776 Germania,
1271 1723 1399 1779 quasi
1428 1723 1706 1779 negligatur,
1733 1730 1778 1766 et
1808 1723 1942 1778 quasi>

306 1801 451 1845 aliena
475 1801 612 1854 natio;
640 1815 696 1844 ne
718 1800 862 1844 nostri
884 1800 1018 1855 etiam
1042 1800 1152 1843 illud
1176 1801 1321 1844 ferant
1339 1800 1577 1857 egerrime.

395 1878 646 1921 Iurisdictio
667 1877 901 1930 directiua,
927 1892 1060 1933 quarn
1084 1892 1298 1922 exercere
1320 1885 1468 1933 potest
1492 1877 1536 1920 in
1562 1876 1936 1920 universitatibus

308 1955 527 2005 Societas,
554 1955 808 1999 declaretur
832 1969 911 2010 pro
934 1954 1132 2011 collegio
1155 1955 1414 2011 dilingensi.

398 2031 596 2075 Nimium
620 2032 808 2075 delicate
832 2032 924 2075 fere
947 2032 1087 2075 nostri
1118 2031 1395 2084 nutriuntur,
1429 2045 1512 2076 nec
1535 2032 1706 2074 habent
1736 2031 1780 2073 in
1814 2030 1939 2073 uictu

309 2118 353 2153 et
379 2108 545 2153 uestitu
571 2117 614 2152 et
638 2109 736 2152 aliis
759 2108 949 2153 obiectis
973 2108 1216 2164 patientiae
1238 2108 1566 2165 probationem.

401 2188 461 2229 Vt
490 2200 580 2228 non
612 2185 907 2228 admittantur
937 2185 1192 2242 promiscue
1224 2186 1280 2228 ad
1312 2186 1479 2237 studia,
1507 2186 1579 2228 uel
1602 2184 1830 2241 grauiora,
1870 2184 1941 2226 uel

310 2263 494 2307 omnino
518 2264 574 2305 ad
599 2262 765 2315 studia,
792 2262 868 2318 qui
891 2264 947 2305 ad
969 2277 1021 2306 ea
1043 2262 1193 2308 idonei
1216 2277 1305 2306 non
1330 2272 1452 2306 sunt.

403 2342 464 2383 Vt
487 2354 661 2391 omnes,
688 2339 765 2394 qui
790 2339 937 2383 idonei
962 2339 1255 2391 uidebuntur,
1273 2340 1382 2384 dent
1401 2353 1582 2395 operam
1602 2338 1764 2382 litteris
1782 2339 1946 2380 huma-

315 2417 519 2461 nioribus
544 2417 797 2468 commode,
822 2416 1085 2471 praesertim
1109 2416 1153 2459 in
1173 2417 1419 2460 Germania
1442 2415 1471 2459 b.

403 2494 569 2537 Nullus
591 2500 805 2548 procuret
826 2507 850 2535 a
874 2492 966 2535 suis
989 2493 1193 2549 accipere
1214 2493 1333 2537 unde
1356 2494 1503 2536 alatur
1527 2493 1571 2535 in
1590 2492 1768 2545 studiis,
1789 2493 1945 2535 saltem

314 2586 398 2613 suo
422 2569 610 2613 consilio
631 2576 676 2612 et
699 2570 948 2620 voluntate,
974 2571 1094 2624 quod
1118 2585 1174 2614 ne
1198 2569 1382 2614 iubeant
1406 2578 1604 2614 rectores
1634 2569 1804 2624 absque
1834 2583 1964 2627 con-¹

317 2662 453 2691 sensu
482 2645 787 2703 prouincialis,
822 2645 896 2701 qui
927 2660 1016 2688 non
1048 2646 1316 2698 consentiet,
1342 2647 1379 2689 si
1408 2647 1512 2689 inde
1535 2653 1713 2689 nostros
1737 2645 1920 2689 debilita
1938 2639 1967 2674 -’

319 2733 413 2767 tum
437 2724 487 2767 iri
513 2724 670 2767 timeat
693 2723 735 2765 in
760 2722 997 2765 vocatione
1021 2724 1090 2766 vel
1113 2722 1324 2779 religiosa
1347 2723 1585 2779 disciplina
1608 2731 1638 2765 ⁰.

407 2804 552 2844 Detur
589 2799 821 2857 negotium
861 2799 1022 2842 rectori
1055 2790 1349 2856 maguntino,
1391 2807 1440 2842 ut
1478 2808 1598 2844 emat
1635 2801 1780 2842 bonos
1808 2799 1947 2841 libros

389 2939 406 2954 ³
456 2927 563 2961 Haec
589 2937 611 2970 9
635 2925 770 2960 ultima
793 2925 911 2959 verba
936 2935 956 2958 a
977 2923 1064 2960 Nat.
1085 2923 1215 2959 addita
1233 2930 1337 2960 sunt.
1391 2926 1456 2952 ——b
1485 2925 1591 2960 Haec
1615 2923 1637 2959 3
1662 2925 1782 2959 verba
1807 2935 1827 2958 a
1854 2924 1958 2958 Nat-2

321 2986 450 3021 addita
475 2992 576 3023 sunt.
631 2994 693 3011 —c
722 2984 829 3018 Haec
848 2983 1002 3028 ultima,
1031 2984 1079 3018 ab
1111 2983 1187 3018 illis
1220 2983 1351 3018 verbis
1369 2983 1511 3019 saltem
1538 2995 1607 3018 suo
1632 2982 1810 3024 consilio,
1832 2993 1947 3018 manu

323 3046 410 3079 Nat.
433 3044 561 3079 addita
581 3049 684 3080 sunt.
