2028 3426
326 229 399 275 408
797 230 951 266 PATms
977 229 1226 267 annoiwm
1253 230 1404 268 NADAL

369 332 534 375 Nullus
557 338 745 375 annotet
767 329 933 373 iudicia
956 345 1038 373 sua
1061 338 1220 374 contra
1248 331 1548 388 superiorem,
1581 333 1711 389 quasi
1740 333 1786 377 in
1814 333 1922 378 visi-

282 407 451 452 tatione
481 407 555 451 illa
587 409 810 452 relaturus
840 407 897 450 sit
925 398 1198 464 prouinciali
1225 409 1299 453 vel
1325 409 1653 453 commissario.
1686 411 1778 455 Sed
1801 410 1922 455 dicet

281 499 398 540 quae
430 499 670 529 occurrere
702 491 937 541 poterunt,
969 483 1045 526 vbi
1075 485 1281 528 fortassis
1309 485 1686 543 interrogabitur.
1722 488 1823 531 Hoc
1853 494 1923 531 ta-

282 576 387 606 men
410 562 600 606 concedi
624 568 772 618 potest
796 560 1079 614 consiliariis,
1103 561 1140 604 si
1165 562 1408 606 memoriae
1430 563 1621 606 difidant
1643 578 1769 608 suae.

372 640 442 683 Ne
464 640 542 681 fiat
571 639 683 681 ritus
707 639 777 680 vel
801 637 1019 682 tondendi
1042 639 1063 658 ‘²
1086 639 1311 682 nouacula
1339 640 1543 693 barbam,
1572 641 1646 685 vel
1669 640 1920 694 forficibuS,

284 715 418 759 modo
441 716 672 759 decretum
698 714 1070 771 congregationis
1092 715 1320 771 generalis
1342 717 1629 770 obseruetur,
1655 733 1714 762 ne
1735 719 1923 761 barbam

284 792 550 835 nutriamus.
582 791 654 836 105
678 791 833 834 Nostri
862 791 1059 848 cingulis
1082 807 1138 836 ne
1168 798 1352 836 vtantur
1381 807 1437 836 ex
1465 793 1605 848 corio,
1630 795 1711 855 sed
1733 809 1789 838 ex
1821 795 1925 837 fim-

285 869 393 912 briis
416 870 649 925 nigrorum
673 883 925 925 pannorum
948 876 1179 925 poterunt,
1206 870 1282 927 qui
1305 872 1455 915 solent
1472 885 1573 916 esse
1590 870 1828 924 firmiores,
1849 871 1923 915 vel

287 962 342 990 ex
366 946 508 1002 nigris
531 946 654 988 vittis
676 945 929 991 vilioribus,

376 1023 614 1067 interiores
636 1030 787 1067 vestes
811 1023 993 1076 talares,
1019 1039 1131 1080 quas
1161 1033 1364 1069 sottanas
1391 1024 1409 1050 ¹³
1433 1032 1598 1069 vocant
1626 1025 1738 1078 itali,
1773 1025 1812 1070 si
1843 1025 1926 1068 ali-

287 1100 392 1143 cubi
415 1101 596 1144 clausae
620 1101 730 1143 fiant
753 1108 797 1142 et
819 1108 1112 1157 vsurpentur,
1139 1103 1523 1158 quemadmodum
1547 1102 1594 1145 in
1612 1102 1833 1159 Hispania
1849 1117 1926 1146 so-

290 1178 399 1229 lent,
427 1193 484 1221 ne
507 1178 584 1219 fiat
607 1177 704 1221 eius
729 1177 791 1220 rei
815 1177 944 1230 ritus,
971 1179 1341 1235 quandoquidem
1365 1180 1458 1224 fere
1480 1179 1526 1222 in
1549 1179 1646 1222 aliis
1676 1179 1926 1236 prouinciis

291 1262 467 1310 apertas
491 1254 686 1297 induunt
709 1254 867 1308 nostri,
894 1269 985 1297 non
1009 1255 1204 1309 clausas,
1231 1263 1276 1299 et
1297 1256 1372 1299 hic
1398 1256 1482 1299 fuit
1510 1271 1619 1300 vsus
1651 1258 1706 1301 P.
1741 1256 1922 1313 Ignatii,

288 1339 333 1375 et
358 1331 602 1387 primorum
627 1332 830 1384 patrum,
857 1339 902 1376 et
925 1346 1139 1376 romanus
1161 1332 1269 1378 item
1298 1335 1326 1376 ¹.

380 1409 428 1453 Si
451 1408 678 1452 accideret
702 1408 897 1464 aliquem
921 1425 945 1454 e
974 1409 1140 1453 nostris
1173 1411 1309 1468 (quod
1341 1412 1468 1456 Deus
1501 1412 1692 1468 auertat)
1725 1426 1780 1455 ex
1813 1425 1927 1454 con-

289 1486 545 1530 uersatione
576 1487 648 1529 vel
681 1485 864 1530 aliunde
895 1487 1065 1531 versari
1099 1487 1144 1530 in
1166 1487 1368 1544 periculo
1401 1487 1593 1544 peccati,
1629 1494 1674 1531 et
1703 1487 1746 1530 id
1780 1489 1927 1532 solum

288 1563 456 1607 sciatur
485 1563 529 1605 in
559 1563 847 1608 confessione
870 1579 895 1606 a
923 1564 1201 1608 confessario
1230 1572 1468 1619 consueto,
1502 1564 1540 1608 is
1569 1566 1626 1609 ad
1647 1565 1928 1621 superiorem

291 1640 540 1683 mittendus
568 1647 652 1692 est,
678 1647 726 1682 vt
754 1640 817 1683 illi
845 1641 1117 1684 confiteatur
1139 1642 1172 1696 ³,
1199 1641 1277 1697 qui
1300 1641 1386 1685 nisi
1409 1641 1562 1686 videat
1584 1642 1834 1699 periculum
1859 1643 1927 1686 fa-

291 1717 376 1760 cile
398 1717 531 1760 vitari
552 1732 705 1774 posse,
732 1718 906 1762 iubebit
929 1718 992 1760 illi
1021 1718 1066 1761 in
1096 1718 1399 1773 confessione,
1431 1726 1478 1762 vt
1508 1726 1633 1776 petat
1662 1727 1790 1764 extra
1817 1734 1929 1764 con-

291 1795 533 1839 fessionem
563 1794 649 1837 alio
673 1794 807 1849 mitti,
834 1795 905 1840 106
929 1797 1050 1851 quod
1073 1796 1111 1839 si
1133 1795 1244 1839 nolit
1267 1798 1431 1849 facere,
1459 1811 1548 1839 non
1573 1797 1782 1841 absoluet
1804 1810 1926 1850 eum,

289 1871 334 1913 id
357 1870 476 1915 enim
502 1871 636 1914 faciet
659 1887 714 1916 ex
738 1872 834 1916 iure
858 1872 1100 1916 communi.
1135 1875 1252 1917 Nam
1277 1873 1352 1917 ille
1381 1881 1501 1917 esset
1530 1874 1575 1916 in
1604 1881 1809 1930 peccato,
1841 1876 1929 1917 hoc

287 1956 357 1992 est
381 1948 423 1990 in
447 1948 646 2004 periculo
670 1949 860 2005 peccati,
888 1951 1010 2006 quod
1037 1951 1180 1996 vitare
1203 1965 1293 1994 non
1320 1952 1432 2004 vult,
1459 1966 1598 2008 quare
1616 1952 1928 1995 absoluendus

291 2040 380 2067 non
403 2033 486 2068 est.
514 2026 637 2069 Idem
661 2026 780 2070 enim
804 2028 1035 2084 agendum
1057 2036 1178 2071 esset
1199 2042 1304 2071 cum
1327 2028 1490 2084 quouis
1512 2028 1720 2073 seculari.
1755 2030 1825 2074 De
1857 2028 1929 2072 his

289 2116 398 2145 vero
421 2101 631 2158 periculis
655 2103 994 2160 interrogentur
1017 2105 1158 2148 nostri
1187 2104 1234 2148 in
1257 2105 1546 2149 confessione
1575 2121 1600 2149 a
1629 2105 1724 2148 suis
1747 2107 1931 2151 confes-

291 2178 434 2231 sariis,
468 2181 731 2234 praesertim
761 2182 1048 2236 confessarii,
1081 2190 1125 2228 et
1155 2183 1232 2238 qui
1253 2190 1380 2226 extra
1403 2183 1587 2226 domurn
1611 2197 1694 2226 sua
1724 2183 1816 2226 fere
1845 2197 1930 2240 ge-

294 2264 399 2298 runt
424 2256 585 2308 officia,
612 2265 657 2301 et
679 2258 940 2314 obligentur
964 2261 1020 2302 ad
1042 2268 1296 2316 peccatum,
1317 2261 1402 2305 nisi
1426 2261 1471 2304 id
1489 2261 1698 2305 dixerint.
1722 2262 1800 2304 Illa
1817 2260 1932 2303 alio·
1984 2315 1987 2318 ψ

295 2330 374 2387 qui
398 2333 600 2388 pericula
623 2334 866 2390 diligenter
889 2336 1233 2394 inuestigabunt
1256 2337 1526 2395 superiores.

384 2410 574 2452 Nullum
614 2411 843 2466 permittat
882 2421 1028 2456 rector
1065 2415 1200 2458 domo
1232 2414 1389 2471 egredi
1422 2416 1594 2471 absque
1625 2414 1765 2468 socio,
1799 2421 1846 2458 et
1876 2428 1930 2459 eo

291 2486 494 2541 quidem,
518 2501 652 2541 quem
675 2488 864 2544 elegerit
887 2491 958 2532 vel
981 2490 1092 2547 ipse,
1118 2492 1189 2536 vel
1212 2506 1267 2535 ex
1290 2491 1432 2549 ipsius
1454 2492 1774 2536 commissione
1796 2490 1931 2534 mini—

363 2634 380 2650 ἃ
430 2623 610 2658 tontendi
629 2634 700 2659 ms.
754 2625 819 2651 —b
845 2628 1020 2660 sottonas
1040 2638 1111 2661 ms.

364 2743 372 2759 ⁴
426 2742 524 2777 Tota
543 2744 638 2778 haec
658 2745 922 2790 paragraphus
941 2745 1046 2781 edita
1064 2752 1124 2781 est
1143 2758 1163 2781 a
1182 2747 1541 2792 BRAUNSBMffiER,
1560 2749 1633 2784 loc.
1653 2747 1738 2791 cit..
1757 2748 1826 2793 JV,
1845 2746 1930 2792 348.

292 2801 372 2837 Sed
390 2812 478 2836 cum
504 2802 607 2837 illam
633 2802 895 2849 desumpserit
920 2816 967 2839 ex
994 2805 1252 2841 instructione
1277 2807 1315 2842 in
1341 2807 1552 2843 Germania
1576 2819 1597 2843 a
1623 2806 1754 2843 Natali
1780 2806 1930 2851 relicta,

292 2866 500 2907 antequam
520 2867 734 2897 extremam
762 2873 917 2897 manum
944 2863 1024 2898 suis
1049 2864 1373 2901 instructionibus
1398 2866 1631 2913 imponeret,
1659 2865 1932 2902 desiderantur

293 2919 333 2954 in
352 2930 397 2954 ea
416 2919 480 2955 illa
498 2921 618 2955 verba
636 2923 672 2956 et
689 2921 752 2956 hic
762 2921 854 2968 fuit
872 2933 976 2964 vsuS,
997 2928 1089 2966 etc.;
1109 2935 1208 2970 quae
1225 2924 1384 2971 quidem
1403 2925 1444 2960 in
1466 2924 1562 2961 Cod.
1587 2926 1711 2964 Vatic.
1730 2935 1765 2970 3,
1780 2925 1933 2962 Natalis

293 2991 411 3015 manu
429 2979 560 3015 addita
578 2981 887 3028 conspiciuntur,

364 3040 377 3060 ²
428 3038 527 3074 Vide
547 3045 689 3084 tamen,
710 3051 810 3087 quae
829 3053 958 3087 supra,
978 3053 1065 3089 pag.
1087 3053 1172 3090 402,
1191 3050 1323 3081 annot.
1348 3052 1380 3092 1,
1403 3045 1633 3082 monuimus.
