2028 3426
355 248 424 284 570
829 239 983 274 PATms
1006 238 1252 274 Hissnounn
1278 237 1429 273 NADAL

395 340 488 396 Qui
513 347 731 396 tempore,
757 354 847 395 quo
870 340 919 381 fit
951 339 1094 382 oratio
1124 340 1198 382 uel
1227 353 1437 392 examen,
1470 347 1754 396 occupantur
1784 354 1947 385 neces—
1996 327 2028 383 §.²³

309 417 444 470 sario,
469 417 524 460 iis
545 421 631 463 545
662 425 840 472 tempus
868 422 1175 472 opportunum
1214 415 1336 459 aliud
1375 415 1653 472 assignetur,
1694 431 1785 473 quo
1815 431 1945 461 suam
1997 408 2002 415 ⁴

309 493 562 538 orationem
586 495 783 538 habeant
806 500 851 537 et
874 507 1082 537 examen.

395 572 531 626 Quod
555 571 750 626 legimus
773 570 816 611 in
837 570 996 625 regula
1018 569 1265 621 communi,
1292 584 1383 613 non
1401 571 1569 615 debere
1589 585 1686 622 nos,
1707 572 1816 613 dum
1840 585 1942 614 ora-

307 663 420 700 mus,
447 655 624 704 praeter
647 648 855 689 decorem
878 646 1075 689 scamnis
1097 645 1376 700 incumbere,
1410 646 1680 703 intelligitur
1707 647 1783 690 vbi
1809 661 1940 691 corn·
1997 644 1999 647 ⁴

305 725 501 768 muniter
524 739 719 775 oramus,
746 732 794 766 vt
818 723 863 765 in
887 723 1039 774 missa,
1061 724 1132 765 vel
1155 723 1374 779 vesperis.
1400 725 1516 767 Nam
1535 724 1748 779 priuatim
1772 724 1940 781 singuli

304 802 440 845 situm
464 802 791 852 obseruabunt,
818 799 894 855 qui
918 799 1005 842 illis
1027 800 1110 843 erit
1133 800 1430 853 commodior,
1450 801 1577 843 iuxta
1600 802 1842 856 quamdam
1860 804 1941 845 ad—

303 879 518 922 ditionem
545 878 712 933 primae
731 878 1046 921 hebdomadae
1068 877 1403 920 exercitiorum.
1431 879 1569 933 Quod
1591 879 1628 920 si
1653 879 1836 932 fuerint,
1859 879 1936 934 qui

305 964 550 999 causentur
580 956 785 1009 regulam
819 956 1063 998 obseruare
1102 969 1192 998 non
1231 969 1381 1010 posse,
1423 955 1689 998 indicabunt
1717 956 1938 1011 superiori

303 1048 502 1084 causam,
529 1040 802 1088 quapropter
825 1033 887 1074 ita
908 1031 1078 1084 dicant,
1120 1033 1176 1076 de
1200 1047 1288 1088 qua
1324 1032 1540 1075 iudicabit
1579 1032 1799 1088 superior,
1826 1047 1937 1076 con-

301 1111 421 1153 sulto
444 1110 577 1153 etiam
603 1109 794 1162 medico,
820 1109 857 1172 si
881 1123 995 1164 opus
1019 1108 1169 1160 fuerit3
1196 1124 1313 1164 quae
1335 1109 1373 1151 si
1394 1111 1630 1165 probetur,
1655 1109 1932 1166 significabi-

304 1195 376 1230 tur
400 1187 629 1238 fratribus,
656 1202 714 1231 ne
737 1186 955 1229 mirentur
979 1187 1103 1241 quod
1131 1185 1335 1229 similiter
1364 1201 1520 1230 omnes
1551 1201 1641 1228 non
1672 1186 1861 1232 faciunt.
1887 1187 1933 1231 Si

302 1279 409 1307 vero
432 1278 568 1306 causa
591 1278 682 1306 non
706 1265 991 1319 probaretur,
1022 1270 1141 1307 esset
1171 1263 1530 1305 confirmandum
1560 1271 1606 1305 vt
1638 1278 1796 1306 omnes
1828 1278 1933 1306 ean-

300 1343 401 1385 dem
426 1341 645 1385 rationem
669 1342 982 1393 obseruarent3
1008 1347 1053 1383 et
1078 1347 1230 1383 tamen
1253 1340 1431 1382 curabit
1453 1340 1675 1396 superior,
1700 1348 1749 1382 vt
1771 1340 1848 1395 qui
1867 1355 1933 1383 re·

299 1419 452 1474 gulam
476 1419 596 1461 illam
620 1419 864 1462 obseruare
887 1431 976 1459 non
1001 1425 1166 1473 potest,
1192 1416 1415 1473 priuatam
1439 1417 1622 1460 missam
1653 1417 1822 1460 audiat.

387 1501 473 1543 546
513 1496 913 1551 Quemadmodum
957 1494 1002 1536 in
1050 1494 1408 1550 congregatione
1453 1494 1655 1551 generali
1702 1495 1937 1538 decretum

297 1581 365 1617 est
394 1575 421 1625 ¹,
443 1588 527 1616 nec
551 1574 746 1616 orabunt
771 1572 930 1616 fratres
959 1586 1043 1615 nec
1072 1586 1263 1615 examen
1287 1571 1454 1615 facient
1484 1572 1800 1624 communiter,
1837 1571 1934 1616 siue

296 1651 340 1693 in
364 1651 523 1694 eodem
548 1651 662 1703 loco,
690 1657 1005 1706 praeterquam
1039 1664 1142 1692 cum
1174 1649 1366 1691 audiunt
1396 1649 1578 1692 missam
1609 1650 1680 1692 vel
1704 1664 1932 1705 vesperas,

298 1729 366 1770 vel
388 1729 569 1783 quando
592 1727 742 1783 aliqua
770 1726 1025 1770 communis
1053 1726 1196 1769 oratio
1225 1725 1437 1769 indicitur
1466 1726 1603 1778 domi,
1636 1727 1927 1782 quemadmo-

292 1806 401 1847 dum
423 1806 571 1849 solent
608 1804 807 1856 litaniae,
849 1805 921 1848 vel
943 1819 1083 1846 vnum
1120 1804 1420 1859 quadrantem
1445 1811 1574 1846 orant
1614 1805 1777 1847 fratres
1807 1812 1934 1860 post·
1969 1820 1974 1825 ·

296 1897 431 1937 quam
456 1882 822 1925 communionem
846 1880 1122 1937 acceperint.
1642 1942 1645 1944 ‚

382 1959 697 2011 Ceremoniae,
723 1973 840 2014 quae
862 1957 1093 2002 obseruari
1117 1959 1264 2000 solent
1288 1957 1333 2000 in
1364 1957 1517 2000 offitiis
1547 1965 1732 2001 sanctae
1755 1959 1932 2002 hebdo-

297 2038 468 2088 madae,
495 2044 706 2092 petentur
744 2051 799 2079 ex
835 2036 1019 2078 Missalz·
1056 2036 1278 2077 Romano.
1306 2034 1354 2079 Si
1377 2049 1492 2090 quae
1517 2042 1667 2078 tamen
1697 2036 1926 2078 obseruari

294 2115 489 2157 debeant
516 2112 871 2156 consuetudines
899 2126 1164 2155 communes
1194 2111 1474 2167 prouinciae,
1508 2119 1553 2154 et
1584 2126 1642 2153 an
1666 2113 1836 2167 absque
1859 2113 1924 2155 of-

295 2190 497 2234 fensione
535 2190 765 2246 praeteriri
805 2197 1050 2245 nequeant,
1077 2188 1121 2231 id
1143 2188 1227 2232 erit
1249 2188 1445 2244 positum
1477 2188 1520 2230 in
1552 2188 1720 2231 iudicio
1742 2188 1930 2244 prouin-

294 2267 434 2319 cialis,
461 2268 840 2322 quemadmodum
865 2266 1064 2309 iudicare
1086 2281 1143 2309 an
1167 2265 1212 2307 in
1236 2265 1309 2308 die
1331 2273 1620 2321 pentecostes
1643 2266 1851 2308 columba
1869 2266 1927 2309 sit

292 2345 553 2389 emittenda.
576 2346 691 2387 Nam
711 2344 748 2386 si
766 2359 923 2388 omnes
940 2344 1159 2388 ecclesiae
1177 2343 1296 2387 illam
1315 2344 1512 2386 habeant
1531 2343 1926 2397 consuetudinem,

295 2430 341 2464 vt
363 2421 594 2466 emittatur
617 2422 825 2464 columba
848 2421 893 2462 in
918 2421 1223 2465 celebratione
1254 2419 1507 2462 officiorum
1531 2420 1630 2462 eius
1657 2419 1762 2472 diei,
1789 2420 1928 2463 nostri

294 2499 338 2541 in
362 2499 519 2542 eadem
544 2498 851 2541 celebratione
881 2498 1086 2542 emittere
1109 2505 1301 2553 possunt
1326 2498 1357 2540 ².

382 2580 467 2622 547
502 2577 726 2619 Poterunt
765 2575 907 2618 nostri
930 2575 1122 2618 recitare
1149 2576 1283 2617 horas
1311 2589 1417 2617 suas
1445 2574 1686 2617 canonicas
1708 2574 1926 2617 deambu-

293 2653 444 2705 lando,
472 2652 557 2695 nisi
580 2652 699 2694 forte
721 2666 773 2694 ea
796 2651 1103 2694 deambulatio
1127 2653 1297 2695 faceret
1319 2659 1367 2693 vt
1389 2651 1579 2695 attentio
1612 2650 1923 2707 impediretur:

293 2736 449 2785 posset
471 2729 606 2772 etiam
630 2728 868 2772 intermitti
891 2728 966 2771 illa
989 2728 1311 2780 deambulatio,
1343 2727 1380 2770 si
1416 2729 1534 2771 forte
1565 2729 1744 2771 adesset
1766 2727 1927 2783 aliquis

292 2806 525 2861 secularis,
567 2806 644 2862 qui
682 2805 911 2850 videretur
949 2806 1273 2858 offendendus,
1313 2807 1698 2859 quemadmodum
1736 2805 1925 2849 fortasse

289 2883 562 2940 contingere
586 2891 738 2940 posset
761 2883 807 2925 in
831 2882 1066 2938 Hispania.

365 2992 373 3011 ¹
425 2990 691 3035 Congregatio
711 2990 778 3033 1.⁸,
797 2988 906 3024 decr.
931 2988 995 3034 98.
1019 2987 1082 3024 Cf.
1104 2987 1234 3023 Jnstit.
1269 2989 1354 3025 Soc.
1368 2988 1469 3034 Jesu
1499 2987 1610 3032 (edit.
1642 2988 1741 3033 cit.)‚
1761 2987 1812 3031 11,
1843 2995 1920 3032 177.

360 3049 375 3067 ²
425 3049 525 3084 Vide
546 3060 676 3096 supra,
695 3059 784 3096 pag.
805 3057 888 3084 202.
