2028 3426
352 285 418 331 164
822 286 975 323 Parius
1003 288 1245 322 HmRoNYm
1273 271 1423 322 NAD'AL

301 388 451 432 statim
479 394 527 431 ut
550 387 719 431 scimus
748 402 848 432 esse
877 396 1050 441 curata,
1082 387 1324 444 diligenter
1353 401 1565 430 curamus
1593 388 1667 431 illa
1695 373 1970 445 resignari..>

301 467 356 508 Et
379 465 588 520 quamuis
610 480 666 508 ex
689 465 857 521 duplici
875 466 1123 521 diplomate
1141 464 1388 520 apostolico
1405 465 1630 520 possimus
1647 465 1840 522 collegia
1858 467 1939 509 ad-

298 541 476 586 mittere
497 557 523 586 e
546 542 786 597 quibusuis
802 542 936 585 bonis
952 543 1122 594 dotata,
1144 542 1280 584 modo
1303 541 1480 584 illorum
1498 541 1681 585 collatio
1702 542 1760 586 ad
1781 543 1936 586 sedem

297 619 590 675 apostolicam
615 633 705 662 non
729 619 970 675 pertineat,
996 633 1085 661 non
1117 617 1399 661 admittimus
1428 626 1579 662 tamen
1609 618 1831 663 beneficia
1853 633 1934 664 cu·
1962 618 1966 666 s
2016 618 2021 623 ⁴

296 704 391 739 rata
413 696 618 752 collegiis
635 695 767 748 vniri,
790 695 874 738 nisi
892 695 1017 751 prius
1035 694 1281 751 apostolica
1298 695 1593 748 authoritate,
1622 696 1694 739 uel
1712 695 1800 739 alio
1823 710 1939 743 cura.
1967 741 1970 747 ,

297 774 594 816 transferatur
616 787 719 815 cum
736 772 948 815 omnibus
966 771 1302 824 emolumentis,
1329 773 1402 816 uel
1426 771 1608 815 vicariis
1635 771 1841 829 legitime
1862 773 1932 816 in·
1966 794 1970 799 ·

295 850 481 902 stitutis,
507 864 609 892 cum
651 849 990 892 abundantibus
1027 848 1344 904 prouentibus,
1385 848 1462 905 qui
1493 863 1647 892 curam
1678 849 1929 915 animarum

293 928 476 979 obeant,
499 934 546 969 ut
565 943 620 971 ex
639 926 811 981 reliquo
830 926 975 969 nostri
992 925 1251 970 scholastici
1269 925 1516 970 sustentari
1533 926 1724 982 possint,
1745 926 1822 982 qui
1841 940 1930 971 non

293 1005 438 1047 solum
461 1013 563 1060 post
585 1004 754 1056 studia,
779 1004 859 1048 sed
883 1003 926 1046 in
946 1003 1109 1046 studiis
1131 1003 1266 1048 etiam
1291 1003 1399 1060 ipsis
1420 1003 1593 1047 animas
1610 997 1972 1048 ecclesiasticis<
2011 1062 2013 1066 ι

293 1080 551 1124 ministeriis
580 1081 738 1144 iuuare
777 1081 961 1124 student
992 1080 1122 1124 iuxta
1152 1080 1402 1123 uocationis
1430 1095 1541 1125 suae
1570 1064 1846 1124 institutum.
1874 1081 1933 1124 Et

291 1157 401 1200 illud
429 1157 610 1213 quidem
640 1159 725 1200 hoc
754 1158 853 1201 loco
883 1172 974 1200 non
1003 1157 1087 1202 erit
1119 1157 1315 1200 alienum
1339 1157 1646 1202 admonuisse:
1672 1157 1850 1201 Inuidia
1871 1158 1932 1202 de*
1966 1144 1970 1151 ⁸

291 1235 361 1277 his
392 1236 526 1278 rebus
555 1236 760 1278 laborare
789 1234 1064 1279 Societatem
1092 1242 1277 1291 propter
1300 1234 1526 1278 meritum.
1555 1234 1779 1291 Cogimur
1807 1234 1931 1281 enim

290 1311 446 1354 audire
470 1311 690 1354 infinitam
715 1327 936 1356 summam
960 1326 1016 1355 ex
1037 1311 1269 1355 beneficiis
1287 1311 1518 1368 possidere
1541 1311 1834 1356 Societatem:
1855 1311 1928 1356 fu-

291 1398 440 1431 turum
460 1389 587 1433 breui
606 1396 655 1432 ut
673 1389 824 1432 omnia
841 1389 1103 1445 possideant
1121 1389 1291 1433 teatini.
1315 1389 1444 1441 Rem,
1460 1395 1509 1431 ut
1526 1404 1635 1433 uere
1651 1396 1737 1442 est,
1755 1389 1929 1442 audite,

292 1467 448 1508 Patres
477 1465 604 1507 Illmi.
639 1466 758 1509 Sunt
786 1465 831 1508 in
861 1465 1090 1510 Societate
1118 1465 1217 1510 siue
1245 1466 1424 1518 domus,
1459 1465 1557 1508 siue
1586 1464 1793 1522 collegia,
1826 1465 1924 1509 siue

288 1541 556 1585 residentiae
579 1543 635 1584 ad
664 1553 760 1596 150.
788 1543 855 1584 Ex
878 1541 949 1585 his
973 1556 1028 1597 30
1050 1542 1231 1586 circiter
1258 1542 1304 1585 in
1328 1541 1464 1585 Indiis
1485 1550 1530 1590 et
1559 1542 1713 1598 regnis
1736 1542 1833 1586 aliis
1855 1556 1927 1586 se-
1992 1589 1998 1599 ,

286 1619 507 1662 senissimi
533 1620 654 1676 regis
686 1619 1009 1676 Portugalliae.
1042 1621 1111 1663 De
1135 1619 1206 1663 his
1231 1633 1287 1674 30
1309 1619 1418 1662 nihil
1449 1628 1518 1664 est
1546 1621 1669 1675 quod
1698 1619 1919 1664 dicamus.
1954 1651 1959 1657 -
1994 1658 1997 1666 .

288 1698 383 1740 Rex
416 1697 502 1740 274
525 1699 728 1754 Joannes
761 1699 788 1749 ¹,
814 1696 987 1741 foelicis
1018 1697 1275 1749 memoriae,
1307 1704 1353 1740 et
1381 1697 1479 1740 eius
1510 1698 1646 1740 frater
1683 1696 1924 1740 cardinalis
1949 1725 1955 1732 ·

286 1773 435 1816 infans
464 1775 496 1827 ²,
531 1774 605 1817 illa
634 1773 830 1831 collegia
858 1783 1077 1817 curarunt
1106 1774 1326 1827 dotanda,
1359 1774 1490 1817 nobis
1518 1774 1630 1816 nihil
1658 1773 1923 1830 agentibus„

286 1851 489 1906 Reliquis
527 1853 621 1896 fere
665 1865 746 1907 130
785 1860 801 1876 ³
839 1852 1164 1894 confirmamus
1201 1853 1330 1908 plura
1368 1867 1460 1895 non
1497 1866 1597 1895 esse
1619 1851 1747 1894 unita
1773 1834 1918 1906 xquarn

285 1928 485 1983 quinque
508 1928 727 1972 beneficia
749 1936 921 1972 curata.
949 1930 1045 1972 Nec
1069 1929 1196 1984 plura
1215 1928 1398 1972 omnino
1416 1943 1590 1980 eorum,
1612 1943 1729 1985 quae
1753 1929 1808 1972 ad
1828 1929 1919 1971 col—

284 2005 495 2048 lationem
531 2003 651 2048 s'edis
696 2005 971 2062 apostolicae
999 2005 1237 2059 attineant,
1270 2020 1326 2049 ex
1359 2005 1643 2063 benignitate
1672 2005 1940 2067 apostolica..
1985 2004 1989 2009 ”

286 2082 410 2125 unita
432 2091 555 2135 sunt,
582 2098 715 2138 quam
740 2097 856 2138 quae
879 2083 1108 2140 attingant
1127 2084 1182 2126 ad
1199 2096 1317 2137 4000
1335 2091 1654 2126 coronatorum
1674 2097 1914 2127 summam.
1943 2103 1947 2118 τ

284 2158 523 2213 Reliquum
562 2159 844 2201 dotationum
885 2160 977 2202 fere
1000 2173 1055 2201 ex
1087 2159 1416 2215 temporalibus
1445 2159 1576 2202 bonis
1606 2165 1800 2212 constat,
1829 2159 1915 2211 uel,
1943 2166 1946 2169 ’
1984 2207 1987 2217 y

283 2234 319 2277 si
343 2237 464 2290 quod
487 2235 758 2279 beneficium
781 2237 837 2279 de
859 2236 956 2279 iure
979 2243 1244 2298 patronatus
1261 2236 1456 2292 collegio
1479 2235 1612 2279 alicui
1644 2235 1819 2279 unitum
1842 2235 1921 2288 sit,

282 2312 340 2355 de
362 2319 656 2367 patronorum
681 2313 930 2366 voluntate;
957 2320 1002 2357 et
1021 2321 1175 2357 tamen
1200 2314 1343 2356 multo
1368 2312 1590 2356 maximus
1619 2311 1934 2371 collegiorum]
1983 2343 1985 2347 -

285 2403 503 2432 numerus
527 2390 597 2431 uel
622 2390 745 2432 nulla
768 2397 874 2432 sunt
900 2391 971 2432 uel
989 2389 1239 2446 perexigua
1256 2390 1507 2434 dotatione.
1529 2391 1679 2445 Quam
1698 2389 1920 2434 rationem
1939 2407 1941 2410 ·
1976 2439 1978 2444 ,

285 2465 375 2509 leui
399 2465 595 2520 negocio
618 2465 730 2508 inire
759 2481 995 2521 possemus
1025 2474 1162 2523 atque
1189 2468 1462 2519 subducere,
1494 2466 1531 2509 si
1560 2466 1605 2509 id
1634 2467 1812 2510 luberet
1839 2467 1914 2509 do·
1939 2469 1942 2477 '

288 2541 612 2584 minationibus
634 2543 796 2586 vestris
820 2544 971 2586 lllmis.
998 2544 1167 2587 audire.
1933 2544 1936 2546 ’
1976 2531 1981 2536 .

370 2619 505 2662 Certe
528 2619 770 2674 collegium
795 2634 1046 2672 romanum,
1075 2620 1152 2663 ubi
1182 2628 1271 2664 tam
1301 2621 1468 2663 multos
1491 2621 1787 2676 professores,
1817 2603 1937 2663 tan-⁵¹
1976 2637 1978 2643 ’

281 2702 369 2738 tam
394 2695 571 2751 copiam
595 2696 968 2739 scholasticorum
994 2698 1172 2750 alimus,
1198 2698 1347 2741 nullos
1370 2697 1531 2741 habuit
1563 2699 1786 2742 hactenus
1814 2697 1930 2763 red-⁹
1970 2753 1977 2769 ‚

279 2772 500 2815 ditus:'ex
518 2773 818 2828 eleemosynis
843 2773 937 2817 S.¹¹¹i
964 2774 1133 2817 domini
1163 2774 1303 2818 nostri
1333 2783 1378 2818 et
1407 2774 1589 2818 aliunde
1617 2790 1673 2819 ex
1702 2773 1917 2818 omnibus,
1968 2770 1978 2834 f

351 2919 367 2935 ³
418 2908 496 2944 Sic.

351 3036 359 3055 ¹
413 3034 584 3079 Joannes
604 3033 672 3079 111,
691 3044 759 3067 rex
780 3033 1022 3068 Lusitaniae.

346 3093 359 3114 ²
410 3091 618 3135 Henricus,
640 3091 864 3126 Lusitaniae
884 3091 1080 3138 princeps,
1104 3092 1266 3135 Joannis
1285 3093 1340 3128 III
1357 3093 1492 3129 frater.
