2028 3426
492 266 767 302 MONUMENTA
793 265 1048 301 GERMANIAE
1073 273 1412 310 SUPER10R18—42
1650 274 1717 310 255

169 380 172 384 ·
227 367 363 411 Nullo
384 374 520 423 pacto
545 367 773 422 permittat
797 369 850 410 P.
876 366 1086 410 Canisius
1109 372 1159 408 ut
1181 365 1322 408 nostri
1340 366 1589 421 suscipiant
1607 381 1760 410 curam

134 443 329 488 docendi
352 458 516 500 pueros
538 451 738 486 cantum.
765 443 956 495 Deinde,
984 443 1020 486 si
1043 443 1193 498 aliqua
1215 442 1273 485 sit
1291 457 1401 485 cura
1419 457 1670 498 pauperum
1692 446 1764 488 vel

133 520 323 563 aliorum
347 520 623 576 accipienda,
655 520 716 563 ita
744 521 1007 576 accipiatur,
1034 520 1413 575 quemadmodum
1443 534 1469 562 a
1497 519 1663 562 nostris
1685 535 1761 563 ac-

134 604 264 653 cepta
287 604 355 641 est
377 596 657 653 Ingolstadii,
686 604 750 648 ut,
781 598 903 652 quod
931 596 1089 640 attinet
1118 597 1175 639 ad
1203 597 1387 639 alendos
1416 597 1757 648 commensales,

131 688 290 718 eorum
306 688 459 716 curam
479 673 552 717 alii
568 673 834 729 suscipiant,
857 688 938 716 nos
956 680 1105 717 tamen
1123 688 1200 717 eos
1218 672 1427 716 iuuemus
1446 673 1594 727 quoad
1614 688 1761 716 mores

132 757 178 794 et
200 750 349 793 studia
372 750 550 794 attinet.

881 881 985 923 Δ42

874 975 1000 1067 Jh†us.

510 1107 684 1161 QUAE
713 1106 882 1148 DIXIT
915 1107 969 1148 R.
1007 1107 1065 1147 P.
1102 1104 1370 1149 NATALIS

588 1215 827 1250 AUGUSTAE,
847 1207 870 1240 o
889 1214 1130 1241 NOUEMBrus
1153 1206 1242 1250 1566
1266 1209 1289 1242 ¹.

213 1290 343 1333 Ratio
366 1290 710 1346 gubernationis
733 1292 796 1334 M.
821 1289 1037 1345 Gregorii
1060 1290 1092 1340 ⁶²,
1118 1290 1262 1333 donec
1284 1291 1374 1332 huc
1398 1289 1552 1332 redeat
1576 1290 1630 1333 P,
1663 1290 1752 1332 Ca—

123 1366 282 1419 nisius,
307 1369 419 1410 haec
442 1367 607 1422 poterit
628 1381 743 1410 esse:
770 1374 819 1408 vt
846 1367 963 1409 sinat
996 1369 1175 1409 Patrem
1206 1365 1530 1409 Wendelinum
1563 1367 1576 1386 ⁵
1612 1372 1752 1408 totam

122 1459 217 1487 rem
254 1445 545 1487 domesticam
583 1459 766 1500 gerere,
807 1444 1191 1499 quemadmodum
1229 1444 1450 1486 hactenus
1494 1442 1622 1494 fecit,
1664 1443 1749 1485 sub

121 1520 240 1564 illius
263 1528 414 1564 tamen
443 1520 860 1577 superintendentia
889 1529 934 1565 et
962 1519 1233 1564 obedientia.
1267 1521 1421 1574 Itaque
1445 1521 1581 1562 Pater
1603 1520 1747 1562 Wen-

118 1597 296 1640 delirius
320 1598 497 1641 curabit
519 1599 575 1642 de
597 1598 709 1641 cibis
732 1597 1006 1653 quotidianis
1029 1603 1074 1641 et
1096 1597 1152 1640 de
1174 1596 1271 1639 aliis
1294 1596 1428 1639 etiam
1446 1595 1641 1652 negotiis
1663 1596 1745 1639 do-

119 1674 333 1718 mesticis:
375 1674 591 1730 suscipiat
627 1675 760 1718 etiarn
794 1674 1089 1730 collegiorum
1122 1672 1322 1729 negotia:
1359 1672 1526 1715 scribat
1558 1687 1668 1715 uero
1691 1687 1747 1715 ex

117 1751 436 1795 commissione
459 1751 606 1794 Patris
629 1750 843 1807 Gregorii
865 1750 1097 1807 praefecti.
1118 1751 1167 1792 Iri
1190 1750 1259 1792 his
1283 1756 1434 1792 tamen
1457 1749 1682 1801 omnibus,
1709 1749 1746 1791 si

116 1841 206 1882 qua
234 1827 358 1869 illum
388 1835 514 1883 parte
542 1828 695 1872 leuare
722 1835 873 1884 potest
903 1829 1039 1870 Pater
1062 1825 1331 1882 Gregorius,
1358 1839 1449 1868 non
1472 1825 1662 1868 omittet.
1690 1818 1745 1868 Et

118 1905 229 1946 haec
256 1918 391 1960 supra
414 1904 534 1948 dicta
564 1912 713 1947 tamen
742 1904 874 1947 faciet
903 1906 1038 1947 Pater
1066 1902 1385 1954 Wend'elinus,
1417 1917 1507 1944 non
1537 1917 1635 1955 suo,
1666 1903 1745 1946 sed

115 1980 330 2036 praefecti
353 1981 537 2025 nomine
560 1988 604 2025 et
627 1997 683 2025 ex
705 1981 802 2024 eius
825 1980 1116 2024 authoritate.

204 2057 385 2101 Habeat
406 2057 540 2101 etiam
565 2060 700 2102 Pater
727 2057 979 2113 Gregorius
1008 2064 1148 2100 totam
1178 2040 1403 2099 summam*
1428 2055 1739 2111 pecuniarum,

114 2148 170 2176 ex
202 2148 290 2189 qua
317 2134 509 2190 singulis
547 2135 861 2186 hebdomadis,
898 2135 970 2179 uel
1004 2135 1186 2189 quando
1220 2132 1461 2189 oportebit,
1503 2133 1579 2176 det
1618 2133 1741 2175 Patri

114 2211 388 2255 Wendelino
410 2212 625 2267 pecunias
643 2226 724 2267 pro
740 2211 951 2267 expensis
968 2210 1255 2267 quotidianis.
1278 2210 1367 2253 Hic
1387 2224 1497 2252 uero
1513 2216 1619 2265 aget
1637 2223 1740 2252 cum

114 2295 318 2343 emptore
340 2288 612 2331 immediate.

165 2377 169 2383 ’
203 2365 454 2409 Seruentur
475 2365 661 2420 regulae
685 2378 841 2407 omnes
864 2364 1120 2417 Societatis;
1146 2370 1191 2406 et
1213 2363 1250 2406 si
1280 2378 1368 2418 qua
1401 2362 1628 2407 uidebitur
1658 2362 1741 2404 ob-

109 2440 283 2484 seruari
316 2455 408 2483 non
441 2455 588 2496 posse,
624 2442 680 2485 de
711 2440 786 2484 illa
818 2430 1039 2483 referatur
1070 2440 1127 2483 ad
1159 2439 1482 2496 prouincialem
1513 2439 1546 2492 ⁴,
1572 2446 1620 2480 vt
1643 2438 1738 2493 ipse

109 2540 223 2575 unius
243 2541 467 2576 Monasterii
485 2540 763 2576 Confessiones
780 2542 829 2576 ob
854 2541 1045 2587 speciales
1069 2552 1206 2576 causas
1230 2540 1402 2575 audire.»
1431 2539 1740 2574 constitutiones

106 2599 181 2635 lat.
201 2602 236 2634 et
253 2600 371 2646 hisp„
389 2606 498 2646 parte
517 2601 582 2643 VI,
604 2611 689 2646 cap.
709 2599 779 2645 111,
801 2602 822 2641 ,S
841 2608 873 2646 5,
896 2611 983 2646 pag.
1008 2599 1087 2645 198.

180 2658 192 2678 ¹
241 2658 299 2692 Ex
317 2659 541 2705 archetypo⁷
560 2670 581 2693 a
599 2660 643 2697 Β.
664 2659 707 2697 Ρ.
728 2658 886 2694 Canisio
905 2664 1062 2693 exarato
1081 2663 1121 2693 et
1144 2669 1166 2693 a
1190 2658 1233 2693 P.
1260 2656 1387 2692 Natali
1412 2657 1450 2691 in
1476 2656 1648 2700 margine
1673 2667 1738 2689 an-

106 2721 253 2761 notam,
272 2716 417 2763 duplici
436 2717 503 2754 fol.
523 2726 583 2762 20,
602 2726 661 2762 29,
681 2717 823 2764 quibus
842 2716 915 2752 alia
934 2716 1025 2752 folia
1044 2717 1190 2751 inserta
1208 2722 1247 2751 et
1271 2721 1402 2750 assuta
1420 2715 1588 2759 fuerunt,
1616 2714 1654 2748 in
1673 2725 1736 2747 co-

103 2774 192 2810 dice
207 2775 345 2810 Natal.
361 2777 480 2811 instr.
502 2777 639 2811 Germ.
655 2777 808 2811 Titulus
823 2781 884 2810 est
899 2775 1023 2811 Patris
1037 2775 1213 2820 Jimenez
1228 2786 1344 2809 manu
1359 2773 1538 2818 scriptus.
1556 2773 1733 2806 Alterum

105 2835 341 2880 exemplum,
361 2835 499 2869 eodem
518 2835 600 2870 fere
619 2840 794 2881 tempore
812 2848 833 2870 a
852 2835 1030 2881 Jimenez
1049 2834 1250 2880 scriptum,
1270 2834 1434 2867 habetur
1454 2832 1492 2866 in
1518 2831 1652 2865 eodem
1672 2842 1734 2865 co-

102 2892 204 2937 dice,
224 2893 290 2929 fol.
314 2902 368 2939 19,
388 2905 476 2929 cum
495 2894 811 2930 annotationibus
830 2895 869 2929 in
888 2895 1062 2939 margine
1081 2905 1102 2927 a
1121 2894 1288 2928 Polanco
1307 2890 1488 2925 exaratis.

175 2954 189 2973 ⁹
239 2952 446 2987 Roseffius.
466 2952 527 2988 Cf.
548 2954 678 2998 Epist.
699 2954 747 2987 P.
769 2953 920 2992 Nadal,
941 2953 1008 2998 ΙΙΙἾ
1031 2961 1113 2997 292.

176 3012 191 3031 ⁵
240 3011 283 3046 P.
304 3011 561 3048 Wendelinus
576 3012 713 3058 Volck,
735 3012 801 3058 qui
814 3011 946 3046 domui
960 3016 1199 3056 augustanae
1215 3015 1304 3044 ante
1319 3008 1529 3043 Roseffium
1541 3012 1733 3053 praeerat.

175 3071 190 3090 ⁴
239 3070 284 3104 Β.
304 3070 348 3105 Ρ.
368 3070 507 3106 Petrus
526 3070 721 3106 Canisius.
