2028 3426
275 204 344 249 276
746 206 898 243 PArms
925 205 1166 239 Hissnotwm
1193 204 1345 240 NADAL

229 307 459 362 agendum
484 314 666 351 censeat
688 308 744 351 de
767 305 1007 358 exercitiis,
1033 319 1123 360 quo
1146 319 1334 348 numero
1351 312 1396 348 et
1415 320 1505 361 quo
1528 305 1619 349 sint
1642 307 1869 352 mittenda·

234 382 310 425 ubi
332 383 523 439 primum
548 383 637 426 sint
660 385 866 426 absoluta
894 385 919 424 ¹.

320 460 523 516 Singulis
559 460 790 504 mensibus
828 459 1027 501 scribant
1065 459 1121 501 ad
1159 459 1338 503 Patrem
1377 459 1636 516 generalem
1675 461 1732 506 de
1769 461 1875 505 suis·

233 536 439 593 collegiis
468 544 666 583 rectores
699 535 999 591 collegialium
1032 543 1077 580 et
1109 536 1451 590 comensalium,
1487 552 1579 580 non
1619 545 1768 582 tamen
1807 539 1865 583 de

232 614 446 670 negotiis,
472 613 527 658 (le
551 614 714 669 quibus
739 613 929 669 primum
954 613 1151 656 referent
1173 614 1230 656 ad
1253 612 1435 670 collegii
1453 614 1594 658 nostri
1618 623 1861 669 rectorem,

233 691 395 735 deinde
417 693 472 734 ad
499 690 838 747 prouincialem3
865 705 967 732 nam
999 704 1116 744 quae
1145 697 1356 746 poterunt
1384 706 1464 747 per
1496 692 1581 734 hos
1603 692 1717 744 fieri,
1750 692 1865 735 nihil

236 768 320 811 erit
342 770 463 824 quod
488 769 727 811 consulant
751 768 929 810 Patrem
952 767 1230 823 generalem;
1263 767 1437 812 etiamsi
1465 783 1643 824 semper
1674 769 1779 824 illis,
1815 777 1866 813 ut

235 845 444 888 omnibus
478 845 656 896 nostris,
693 844 776 887 erit
808 844 998 888 liberum
1033 843 1231 889 scribere
1268 845 1323 888 ad
1363 846 1544 888 Patrem
1583 847 1862 902 generalem,

234 937 520 979 quacumque
543 923 597 965 de
621 937 667 965 re
690 921 887 964 scribere
911 920 1066 964 uelint.

325 1000 440 1041 Cum
465 1014 554 1054 ego
577 998 875 1049 discesserim,
901 1005 1048 1042 rector
1070 997 1262 1054 singulis
1289 999 1588 1043 hebdomadis
1619 1001 1787 1044 scribet
1809 1002 1877 1046 de*

239 1077 373 1119 rebus
403 1077 562 1118 horum
593 1075 906 1131 collegiorum,
938 1075 995 1118 de
1022 1075 1235 1132 negotiis,
1261 1077 1318 1121 de
1349 1078 1483 1120 Patre
1516 1077 1734 1130 Victoria,
1775 1085 1865 1124 etc.

237 1153 351 1195 Cum
378 1149 464 1194 hoc
488 1139 644 1196 fecerit
668 1159 734 1196 ter
758 1151 830 1196 uel
854 1159 1028 1206 quater,
1053 1152 1220 1208 poterit
1241 1153 1438 1197 scribere
1462 1155 1555 1208 15.⁰
1574 1168 1756 1210 quoque
1773 1155 1863 1200 die.

235 1231 304 1271 De
333 1231 419 1271 hac
450 1229 621 1272 ratione
649 1228 876 1273 scribendi
905 1228 1025 1273 dicet
1058 1229 1212 1285 primis
1240 1229 1380 1274 literis
1407 1229 1532 1273 Patri
1570 1231 1788 1288 generali,
1829 1232 1874 1276 si·

236 1305 356 1348 aliud
386 1306 493 1349 uelit
515 1306 627 1349 fieri.

326 1383 533 1428 Minister
556 1398 613 1427 ne
637 1391 831 1440 occupet
855 1385 1015 1428 fratres
1035 1384 1083 1426 in
1111 1384 1420 1428 exscribendis
1442 1387 1596 1439 rebus,
1622 1387 1794 1442 absque
1816 1387 1871 1430 li-

239 1459 386 1502 centia
409 1460 668 1516 superioris,
700 1475 784 1504 nec
814 1460 1019 1517 superior
1049 1460 1180 1505 facile
1218 1476 1399 1517 operam
1434 1463 1621 1506 fratrum
1655 1471 1866 1520 occupet,

238 1536 298 1578 ita
323 1544 372 1578 ut
396 1537 566 1594 negligi
591 1537 830 1581 uideantur
850 1537 1057 1583 studia...

330 1614 566 1658 Habeatur
595 1615 707 1658 ratio
731 1617 946 1660 Besserer
975 1615 1008 1670 ²,
1040 1615 1117 1671 qui
1144 1630 1235 1659 non
1265 1615 1448 1661 uidetur
1481 1631 1581 1661 esse
1611 1633 1782 1674 pronus
1811 1620 1868 1662 ad

235 1691 612 1745 concionandum;
655 1692 840 1735 iuuetur
878 1699 1029 1736 tamen
1065 1707 1119 1736 ea
1155 1693 1200 1736 in
1239 1708 1302 1748 re,
1347 1702 1395 1736 ut
1423 1694 1520 1737 fieri
1553 1696 1685 1748 solet,
1718 1695 1763 1738 in
1795 1711 1870 1740 re-

237 1769 443 1812 fectorio.

325 1845 556 1890 Obseruet
593 1854 741 1890 rector
777 1854 827 1889 ut
864 1861 1020 1890 omnes
1057 1848 1236 1891 easdem
1276 1848 1556 1892 ceremonias
1588 1849 1787 1893 habeant
1821 1849 1867 1892 in

237 1922 372 1965 missa
394 1923 640 1975 recitanda,
667 1938 719 1966 ea
741 1925 880 1968 uerba
897 1925 1057 1969 eadem
1076 1927 1323 1969 obseruent
1341 1925 1386 1968 in
1404 1926 1707 1970 absolutione:
1731 1927 1869 1970 verba

236 2007 386 2043 autem
410 2001 524 2043 haec
548 2000 637 2043 sint
660 2001 887 2054 comunia‚
913 2009 958 2045 et
980 2016 1033 2045 ea
1054 2010 1246 2058 possunt
1263 2002 1411 2059 accipi
1434 2017 1489 2046 ex
1513 2002 1754 2046 directorio
1778 2005 1869 2048 Pa-

240 2076 319 2118 tris
344 2076 563 2119 Polanchi
586 2078 652 2122 ⁵...

327 2155 671 2197 Procuratorem
694 2155 830 2199 huius
848 2155 1042 2212 collegii,
1075 2170 1180 2199 cum
1210 2157 1337 2200 adest
1360 2158 1411 2200 P.
1432 2157 1649 2211 Victoria,
1670 2165 1778 2214 agat
1801 2172 1878 2202 re·

235 2236 333 2272 ctor
356 2229 467 2285 ipse,
494 2231 570 2286 qui
594 2238 744 2275 tamen
766 2232 812 2275 in
835 2233 972 2277 rebus
989 2232 1319 2276 difficilioribus
1342 2234 1528 2278 habebit
1547 2236 1599 2278 P.
1622 2234 1877 2279 Victoriam

238 2313 460 2360 paratum,
487 2308 563 2362 qui
586 2308 788 2361 adiuuet,
814 2317 859 2353 et
888 2310 1043 2362 alium,
1067 2317 1154 2354 etc.

311 2419 318 2438 ¹
373 2419 434 2454 Cf.
463 2420 592 2466 Epist.
616 2421 663 2455 P.
690 2421 841 2463 Ναάαί,
860 2422 910 2467 11,
930 2421 1013 2467 319,
1034 2432 1104 2467 404
1123 2428 1162 2457 et
1179 2422 1263 2468 641,
1285 2422 1351 2458 ubi
1373 2422 1421 2458 de
1445 2424 1517 2459 hac
1542 2423 1713 2460 editione
1738 2424 1876 2460 vindo·

238 2478 402 2512 bonensi
421 2478 509 2514 libri
528 2479 803 2516 exercitiorum
819 2481 975 2527 saepius
989 2481 1131 2527 agitur.

310 2539 323 2557 “-’
374 2537 416 2571 In
440 2539 617 2584 catalogo
642 2539 949 2575 vindobonensis
972 2540 1130 2586 collegii
1154 2541 1244 2576 anni
1272 2541 1361 2586 1566
1388 2542 1485 2577 haec
1511 2541 1560 2577 de
1591 2543 1778 2579 Besserer
1807 2543 1876 2578 ha-

239 2596 393 2630 bentur:
428 2596 648 2642 «Georgius
679 2599 877 2642 Besserer,
904 2610 1066 2644 sueuus,
1087 2598 1160 2635 fuit
1183 2606 1411 2646 praeceptor
1437 2600 1592 2636 infimae
1618 2601 1795 2638 classis.»
1827 2602 1873 2637 In

242 2655 363 2689 altero
381 2657 559 2701 catalogo
578 2668 646 2691 seu
666 2657 935 2704 instructione,
955 2659 1050 2694 haec
1069 2664 1200 2695 notata
1219 2659 1478 2705 reperiuntur:
1496 2660 1716 2707 «Georgius
1735 2662 1877 2697 Besse-

242 2723 301 2747 rer
321 2713 462 2748 missus
482 2720 541 2749 est
561 2714 599 2750 in
620 2715 859 2751 Poloniam.»

311 2773 324 2791 ⁷¹
375 2772 635 2808 Directorium
663 2775 786 2810 Patris
807 2775 963 2811 Polanei
989 2782 1050 2811 est
1077 2776 1175 2812 liber
1193 2777 1242 2812 ab
1265 2777 1338 2812 hoc
1363 2777 1492 2821 Patre,
1519 2777 1605 2814 aliis
1625 2778 1881 2825 juvantibus*

234 2828 347 2873 jussu
367 2831 407 2865 S.
430 2832 570 2876 Ignatii
590 2833 849 2879 conscriptus,
868 2835 930 2870 cui
950 2835 1100 2871 titulus:
1122 2835 1406 2871 «Directorium
1426 2837 1546 2871 breve
1572 2837 1619 2872 ad
1643 2837 1880 2874 confessarii-

237 2899 281 2922 ac
306 2889 530 2925 confitentis
558 2903 696 2926 munus
727 2899 833 2927 recte
865 2894 1127 2932 obeundum.»
1159 2895 1218 2930 De
1249 2895 1321 2930 hoc
1351 2896 1539 2941 opusculo
1568 2897 1618 2931 cf.
1654 2895 1800 2932 Φανίας
1826 2898 1876 2932 de

240 2950 279 2980 S.
317 2948 499 2993 sgnum),
535 2950 608 2993 IV,
643 2959 819 2997 411·4123
857 2951 1186 3000 SomtERVOGEL,
1220 2954 1490 2999 Bibliotdque,
1522 2955 1590 3001 VI,
1622 2954 1800 3001 939-9443
1835 2961 1882 2991 et

238 3005 594 3052 Bmussemom,
612 3011 684 3046 loc.
705 3009 788 3054 cit.‚
810 3011 840 3055 I,
860 3019 944 3055 450.
