2028 3426
723 217 1151 254 INSTRUCTmNEs-or
1633 226 1697 263 471

123 317 420 372 peccauerim,
448 333 581 374 quam
607 319 802 362 tenuiter
824 327 902 363 aut
919 320 1028 362 nihil
1051 319 1317 376 profecerim
1338 327 1463 362 tanto
1483 328 1682 375 tempore
1700 320 1744 361 in

123 394 367 438 Societate.
390 396 459 438 De
480 395 550 437 his
573 395 771 439 dolorem
796 397 1044 452 concipiam
1067 397 1381 440 vehementem
1405 401 1488 441 288
1510 410 1565 438 ex
1588 395 1745 438 intimo

122 471 272 522 corde,
300 472 417 514 vnde
434 471 686 526 concipiam
709 474 977 534 profundam
995 472 1293 516 humilitatem
1315 480 1450 527 atque
1469 472 1744 528 agnitionem

119 561 245 590 meae
275 547 592 590 imbecillitatis
621 562 672 590 ac
702 548 920 600 miseriae,
953 563 1004 592 ac
1042 549 1286 604 profitebor
1318 563 1453 604 egere
1486 563 1557 591 me
1589 547 1743 590 diuino

119 623 352 677 auxilioet
374 623 536 680 gratia,
563 631 608 668 et
630 625 807 667 veniam
831 640 855 667 a
876 627 974 668 Deo
999 625 1228 669 humiliter
1250 633 1416 681 petam.

208 701 438 742 lnuocabo
480 700 684 744 diuinum
729 701 970 754 auxilium,
1016 701 1384 745 intercessionem
1428 708 1742 744 sacrosanctae

119 775 307 832 virginis
339 777 506 820 Mariae
535 777 690 820 matris
717 777 819 829 Dei,
856 778 1055 820 omnium
1089 779 1353 834 angelorum
1385 787 1430 821 et
1463 784 1738 828 sanctorum,

118 858 163 895 et
185 853 515 908 particulariter
538 855 595 896 D.
623 854 746 896 Petri
769 861 814 896 et
839 855 984 906 Pauli,
1005 855 1156 911 angeli
1173 856 1259 899 mei
1277 855 1494 906 custodis,
1516 861 1560 896 et
1578 855 1736 905 sancti,

118 943 226 985 erga
249 944 382 985 quem
406 929 622 985 peculiari
645 930 815 973 afficior
847 931 1103 983 deuotione,
1141 938 1186 973 vt
1219 931 1437 975 innouare
1470 945 1526 973 ex
1558 931 1739 986 integro

118 1005 283 1061 possim
313 1004 435 1048 vitae
463 1020 589 1049 meae
618 1006 814 1050 rationes
841 1021 1013 1060 omnes,
1050 1015 1093 1050 et
1126 1021 1178 1049 ea
1215 1007 1364 1050 omnia
1402 1008 1657 1058 emendare,
1694 1007 1739 1048 in

118 1082 281 1136 quibus
303 1082 486 1134 offendi,
513 1090 648 1138 atque
671 1083 727 1126 ad
749 1083 978 1127 meliorem
1002 1083 1404 1140 perfectioremque
1422 1084 1543 1127 vitae
1561 1085 1738 1140 frugem

116 1173 187 1201 me
210 1159 470 1202 extendere.
499 1161 753 1215 Proponam
777 1160 939 1204 deinde
961 1160 1132 1204 efficaci
1155 1162 1387 1204 voluntate
1410 1162 1464 1204 ad
1490 1163 1605 1204 haec
1630 1175 1740 1203 con-
1758 1174 1767 1182 ¹

118 1235 302 1279 tendere
324 1235 369 1277 in
393 1235 589 1287 Christo,
616 1250 668 1279 ac
690 1236 836 1280 media
866 1226 1014 1280 omnia
1046 1237 1276 1290 adhibere,
1303 1252 1418 1292 quae
1449 1238 1537 1280 sint
1567 1239 1622 1279 ad
1653 1239 1739 1279 hoc

116 1311 369 1355 necessaria
393 1312 464 1355 vel
486 1312 626 1364 Vtilia,
653 1312 779 1355 iuxta
803 1328 927 1357 meae
950 1314 1200 1356 vocationis
1222 1314 1500 1358 institutum.

204 1387 289 1430 His
317 1389 436 1444 apud
464 1403 535 1433 me
572 1389 847 1442 constitutis,
884 1391 1067 1433 induam
1106 1405 1316 1446 magnam
1354 1391 1490 1434 animi
1529 1406 1653 1446 spem
1694 1401 1739 1435 et

113 1463 451 1516 confidentiam,
476 1465 764 1521 singularem.
787 1466 970 1522 spiritus
1003 1467 1280 1509 alacritatem
1313 1476 1358 1509 et
1387 1467 1739 1523 magnanimita-

113 1547 203 1585 tem
226 1540 271 1582 in
294 1541 549 1584 humilitate
571 1542 718 1585 cordis
741 1542 786 1584 in
808 1543 1008 1594 Christo,
1030 1545 1150 1598 quod
1172 1559 1241 1595 ea,
1268 1558 1382 1599 quae
1407 1559 1625 1599 proponO,
1652 1545 1734 1588 sim

112 1622 196 1663 289
226 1625 517 1670 executurus,
542 1633 631 1661 non
661 1635 715 1663 ex
745 1634 830 1671 me,
857 1621 936 1662 sed
965 1636 1019 1664 ex
1049 1620 1132 1663 Dei
1162 1620 1483 1672 misericordia,
1515 1635 1617 1663 cum
1640 1621 1738 1664 eius

111 1694 278 1738 auxilio
301 1701 345 1738 et
367 1694 515 1750 gratia
537 1702 581 1739 et
603 1703 863 1738 sanctorum
887 1696 1176 1739 inuocatione
1199 1698 1243 1739 in
1267 1698 1379 1753 ipso.

199 1772 300 1813 Hac
337 1770 482 1826 gratia
520 1785 571 1814 ac
609 1772 772 1815 mentis
807 1773 1062 1816 constantia
1099 1781 1144 1816 et
1181 1774 1431 1829 proposito,
1475 1776 1561 1816 hac
1599 1775 1734 1818 animi

110 1847 424 1903 magnitudine
445 1848 687 1903 aggrediar
708 1849 764 1892 ad
782 1849 1065 1904 operationes
1084 1865 1209 1893 meas
1227 1845 1271 1892 in
1293 1851 1494 1902 Christo,
1521 1852 1577 1894 ad
1599 1866 1729 1894 reno-

112 1923 339 1967 uationem
361 1938 488 1968 meae
517 1924 821 1969 conscientiae
850 1933 895 1970 et
926 1926 1063 1979 vitae;
1106 1928 1161 1969 ad
1190 1927 1512 1982 perfectionem
1542 1927 1736 1971 instituti

110 2001 455 2044 obseruandam.
493 2002 549 2043 Et
585 2000 874 2057 peculiariter
912 2002 1003 2044 duo
1036 2003 1278 2048 adhibebo.
1319 2005 1527 2048 Alterum
1563 2012 1646 2057 est,
1688 2013 1735 2047 vt

108 2064 404 2120 consideratis
433 2077 502 2131 iis,
537 2078 593 2122 de
620 2077 786 2133 quibus
815 2093 916 2121 sum
950 2080 1201 2132 confessus,
1239 2094 1370 2135 agam
1409 2082 1507 2123 Deo
1544 2081 1730 2137 gratias,

108 2154 231 2208 quod
260 2153 367 2195 mihi
405 2154 481 2196 illa
518 2154 668 2197 omnia
700 2155 1024 2198 condonauerit
1057 2158 1198 2208 Deus;
1235 2157 1503 2208 secundum,
1544 2165 1592 2198 vt
1629 2172 1732 2200 cum

108 2229 387 2285 propositum
408 2231 600 2273 habeam
625 2231 776 2274 omnia
798 2218 1084 2284 emendandi,
1111 2233 1346 2288 designem
1380 2241 1528 2277 tamen
1562 2234 1734 2289 aliquot

106 2305 348 2361 praecipua
370 2307 533 2362 capita,
555 2308 612 2352 de
634 2307 800 2362 quibus
822 2308 1115 2351 emendandis
1138 2309 1254 2352 serio
1278 2324 1428 2365 agam:
1451 2310 1666 2364 quaesitis
1690 2320 1735 2354 et

106 2382 321 2439 appositis
344 2383 503 2428 mediis
525 2384 735 2426 omnibus
758 2392 801 2428 et
823 2370 1088 2429 necessariis
1107 2393 1151 2429 et
1172 2386 1373 2428 vtilibus.

238 2514 528 2545 INSTRUCTIO
553 2515 644 2545 PRO
667 2516 769 2554 HIS,
797 2516 878 2554 QUI
905 2516 1027 2546 SUNT
1052 2517 1101 2545 IN
1127 2517 1274 2547 PRIMA
1298 2517 1605 2546 PROBATIONE

193 2614 337 2655 Erunt
360 2613 462 2656 soli.

192 2689 408 2732 Visentur
432 2697 580 2734 tamen
604 2690 845 2745 aliquando
868 2706 892 2734 a
921 2692 1137 2747 magistro
1160 2696 1243 2737 290
1267 2692 1559 2734 nouitiorum.
1588 2694 1725 2735 Pote-

105 2772 210 2807 runt
231 2765 365 2808 etiam
388 2766 523 2809 inuisi
545 2768 600 2810 ab
623 2767 773 2822 aliquo
795 2769 984 2823 probato
1008 2782 1070 2810 ex>
1086 2768 1419 2810 commissione.

192 2842 585 2885 Commendabunt
606 2858 654 2886 se
676 2845 775 2887 Deo
798 2843 1039 2899 diligenter
1061 2843 1105 2885 in
1130 2843 1331 2886 oratione
1355 2859 1409 2887 ex
1432 2844 1598 2899 pietate
1623 2859 1724 2887 cor-

103 2917 187 2969 dis,
213 2917 258 2960 in
281 2918 549 2970 humilitate,
575 2934 627 2963 ac
649 2919 945 2976 simplicitate.

191 2993 474 3050 Cogitabunt
495 2995 735 3051 diligenter
757 2997 811 3039 de
834 3011 915 3039 sua
938 2995 1188 3049 vocatione,
1214 3010 1304 3037 non
1328 2996 1453 3050 quasi
1472 2997 1528 3039 de
1545 2996 1618 3039 illa
1636 2998 1723 3039 du-
