2028 3426
439 250 712 286 MONUMENTA
736 258 991 286 Pnovmcmr:
1016 251 1353 293 RHENANAE-52
1592 249 1661 284 313

166 352 217 395 In
238 351 509 408 recipiendis
531 351 714 394 nouitiis
736 343 846 395 haec
885 359 992 395 sunt
1024 351 1428 395 animaduertenda
1466 357 1511 395 et
1549 352 1704 394 obser-

19 425 30 460 ?
78 430 244 472 uanda:

164 505 382 556 Primum,
409 511 459 547 ut
481 504 565 547 sibi
588 506 889 560 persuadeant
912 520 1084 557 omnes,
1111 511 1337 559 quotquot
1367 510 1473 547 sunt
1496 504 1541 546 in
1566 505 1702 548 colle-

75 582 170 638 gio,
196 581 243 624 in
265 581 492 637 operibus,
519 596 633 636 quae
661 596 715 624 ex
743 581 950 624 instituto
978 580 1216 626 Societatis
1244 580 1375 623 nobis
1406 589 1514 623 sunt
1542 596 1703 637 procu-

78 659 233 710 randa,
267 659 442 700 nullum
465 672 564 702 esse
587 657 876 713 prestantius,
908 659 1083 701 nullum
1108 657 1278 711 utilius,
1306 672 1442 712 quam
1474 658 1511 700 si
1537 659 1592 701 ad
1616 659 1704 702 So-
1757 698 1759 700 ,

72 734 283 778 cietatem
309 742 508 778 nostram
534 734 726 790 operarii
749 742 970 778 vocentur
991 734 1311 791 quamplurimi
1335 743 1379 779 et
1403 749 1538 789 quam
1562 735 1702 791 aptis-

79 811 196 864 simi;
227 826 328 854 nam
353 812 490 867 longe
517 811 678 854 melius
707 818 774 854 est
798 812 1025 867 operarios
1049 814 1200 855 facere
1233 813 1288 854 ad
1312 811 1535 854 iuuandas
1558 812 1700 867 pluri-

75 902 171 930 mas
194 887 380 940 animas,
407 902 540 943 quam
570 887 873 944 singularibus
903 888 1140 931 animabus
1173 888 1388 931 iuuandis
1417 888 1697 931 incumbere.

160 966 440 1017 Secundum,
481 964 631 1028 cautio
667 965 873 1008 adhiberi
910 966 1060 1017 debet,
1087 972 1132 1009 et
1170 964 1350 1020 quidem
1382 973 1610 1018 accurata,
1644 980 1701 1008 ne

70 1042 318 1085 vehemens
341 1041 613 1084 desiderium
636 1041 829 1084 vocandi
861 1042 1216 1097 quamplurimos
1246 1043 1302 1084 ad
1333 1038 1607 1086 Societatem
1633 1043 1700 1085 fa-

68 1117 160 1159 ciat
184 1125 230 1160 ut
255 1119 437 1160 modum
462 1118 683 1161 excedant
705 1117 862 1169 nostri3
899 1132 1033 1172 quem
1052 1126 1069 1143 ³
1091 1126 1139 1160 vt
1156 1133 1213 1161 ne
1236 1120 1474 1170 excedant,
1495 1118 1693 1162 animad-

74 1195 343 1237 uertendum
367 1201 436 1237 est
453 1201 498 1237 et
516 1194 782 1236 curandum.

158 1270 378 1323 Tertium,
405 1285 462 1313 ne
490 1285 647 1314 omnes
675 1269 983 1314 indifferenter
1013 1271 1118 1313 huic
1147 1270 1331 1326 negotio
1358 1272 1465 1313 dent
1495 1286 1694 1327 operam3

68 1361 172 1389 nam
211 1347 435 1404 intelliget
477 1347 682 1403 superior
708 1347 883 1402 aliquos
906 1361 1006 1390 esse
1035 1350 1245 1400 fortasse,
1279 1348 1444 1403 quibus
1468 1363 1558 1390 non
1588 1363 1696 1391 con-

69 1423 195 1466 uenit
218 1423 263 1466 id
285 1439 438 1480 agere,
462 1425 534 1468 vel
558 1424 634 1478 qui
657 1439 709 1467 ea
748 1425 963 1468 facultate
1001 1439 1092 1467 non
1114 1425 1312 1469 valeant.
1346 1426 1503 1480 Itaque
1526 1425 1695 1467 consti-

68 1508 180 1554 tuet,
207 1501 284 1556 qui
306 1501 452 1543 sciant
474 1516 572 1545 earn
594 1502 679 1544 sibi
709 1516 807 1546 esse
836 1516 1017 1557 operam
1047 1503 1424 1553 commendatam,
1463 1509 1512 1544 ut
1535 1517 1668 1557 quam
1684 1528 1694 1531 -

67 1578 282 1633 plurimos
303 1577 589 1620 lucrifaciant
611 1578 844 1623 Societati.

154 1656 396 1710 Quartum,
421 1654 468 1696 hi
505 1655 706 1697 omnium
744 1655 938 1711 primum
975 1670 1066 1698 non
1104 1656 1251 1698 solum
1289 1656 1374 1711 ipsi
1405 1657 1616 1708 orabunt,
1645 1664 1694 1698 ut

63 1733 175 1774 haec
197 1746 324 1774 sacra
345 1732 573 1787 praecatio
594 1732 704 1788 ipsis
727 1732 944 1776 foeliciter
966 1733 1114 1785 cedat,
1141 1734 1220 1776 sed
1248 1734 1555 1788 procurabunt
1578 1734 1692 1776 mul-

63 1814 131 1851 tas
153 1807 171 1833 ¹³
194 1808 351 1851 missas
373 1809 562 1851 aliorum
585 1817 631 1851 et
649 1809 874 1852 orationes
896 1810 952 1852 ad
976 1811 1061 1852 hoc
1084 1823 1199 1865 opus
1220 1809 1430 1853 conferri.

152 1884 392 1940 Quintum,
417 1885 658 1941 diligenter
674 1893 719 1928 et
745 1893 920 1930 mature
943 1887 1253 1929 obseruabun't
1281 1886 1538 1929 auditorum
1562 1887 1691 1943 inge-

63 1960 152 2013 nia,
179 1961 413 2016 presertim
437 1962 749 2004 conuictorum
773 1970 804 2014 ⁰,
830 1971 874 2006 et
897 1978 978 2018 pro
1003 1962 1119 2005 uirili
1141 1978 1222 2005 sua
1245 1964 1560 2019 explorabunt,
1582 1978 1689 2006 num

64 2037 200 2079 animi
223 2038 351 2081 dotes
373 2053 449 2081 eas
477 2038 749 2095 acceperint,
775 2053 890 2094 quae
912 2039 1078 2082 faciant
1100 2039 1221 2095 ipsos
1243 2039 1430 2082 idoneos
1453 2041 1509 2082 ad
1531 2040 1687 2084 Socie-

63 2121 218 2157 tatem.

148 2184 354 2244 Sextum,
379 2206 483 2234 cum
505 2191 626 2235 nacti
648 2191 735 2235 iam
758 2192 952 2248 aliquem
970 2192 1154 2245 fuerint,
1175 2193 1252 2248 qui
1274 2193 1481 2237 videatur
1499 2193 1689 2236 idoneus

3 2258 13 2264 “
61 2267 118 2310 ad
141 2268 431 2322 Societatem,
456 2270 512 2312 de
536 2284 589 2312 eo
610 2271 806 2313 referent
827 2271 882 2312 ad
906 2270 1197 2326 superiorem,
1218 2270 1295 2325 qui
1316 2270 1434 2313 illius
1451 2278 1687 2326 precepto—

3 2375 6 2378 .
60 2357 161 2386 rum
185 2345 325 2400 possit
347 2345 590 2390 constitere
612 2353 656 2390 et
679 2347 827 2389 facere
849 2345 867 2371 d
889 2346 1087 2401 animum
1111 2354 1264 2390 nostro
1280 2347 1542 2404 promotori‚
1565 2356 1614 2390 ut
1631 2349 1687 2390 ad

60 2418 186 2463 illum
208 2421 458 2465 iuuandum
482 2422 732 2466 incumbat.

148 2498 415 2554 Septimum,
450 2499 655 2554 jamuero
678 2513 782 2542 cum
811 2499 1061 2542 constiterit
1090 2500 1285 2555 aliquem
1314 2515 1413 2544 esse
1436 2500 1685 2544 iuuandum

61 2574 116 2616 ad
137 2574 262 2617 illum
281 2590 482 2631 scopum,
502 2575 672 2631 primus
689 2576 773 2619 erit
789 2577 974 2630 gradus,
990 2576 1027 2619 si
1044 2576 1106 2618 illi
1123 2578 1448 2633 persuadeatur
1470 2579 1684 2631 frequen-

61 2650 121 2693 tia
143 2651 441 2695 confessionis
477 2659 523 2695 et
560 2653 905 2706 communionis3
931 2660 976 2696 et
1004 2661 1137 2697 erunt
1164 2653 1389 2710 designati
1422 2653 1465 2695 in
1489 2652 1684 2708 collegio

129 2826 146 2844 a
172 2817 245 2852 Ms.
265 2829 400 2863 quam.
453 2820 519 2846 —b
546 2819 619 2856 Ms.
640 2822 682 2854 ut
701 2819 864 2863 multas,
881 2819 951 2854 sed
972 2823 1015 2854 ut
1033 2820 1270 2866 superfluum
1291 2827 1363 2856 est.
1417 2828 1479 2846 -0
1506 2819 1577 2853 ΜΞ.
1598 2830 1685 2853 con-

61 2874 304 2911 iunctorum.
357 2897 391 2902 -—
404 2878 422 2904 d
449 2877 514 2912 Sic
533 2879 810 2924 apographum,
833 2878 901 2913 sed
915 2890 937 2912 a
951 2878 1108 2913 librario
1127 2878 1263 2913 vitiata
1282 2879 1376 2912 haec
1390 2878 1563 2912 clausula
1579 2876 1683 2912 vide-

59 2936 134 2977 tur,
152 2944 251 2979 quae
269 2933 323 2969 ita
342 2934 566 2970 concinnari
585 2940 729 2981 potest:
755 2935 933 2980 referent
954 2937 1008 2970 ad
1031 2936 1280 2981 superiorem
1307 2935 1372 2969 illi
1387 2937 1683 2980 praeceptores,

48 2990 191 3035 -quibus
209 2993 432 3028 constiterit
450 2994 568 3028 illum
587 3005 666 3029 esse
685 2995 873 3029 idoneum
898 2996 952 3029 ad
977 2994 1226 3035 Societatem,
1247 2994 1390 3039 quique
1405 2993 1684 3039 possintface-

54 3061 102 3086 Vre
121 3056 196 3086 etc.
