2028 3426
335 189 403 234 582
806 195 960 231 PATRls
987 197 1232 234 HuznoNYm
1259 199 1410 234 NADAL

289 293 482 348 pacifici,
507 296 594 339 hoc
616 304 701 349 est,
734 296 925 340 ministri
954 307 1091 354 atque
1124 300 1438 365 conciliatores
1467 302 1590 358 pacis
1625 303 1740 346 inter
1774 304 1924 348 Deum
1973 289 2005 354 ,Γ

291 378 336 414 et
364 371 587 416 homines.
626 375 945 419 Incumbamus
976 376 1114 433 igitur
1147 386 1242 421 toto
1270 387 1453 435 pectore
1491 380 1536 423 in
1569 381 1754 424 Christo
1783 382 1839 424 ad
1872 398 1926 426 ea
1988 367 2005 433 ἶ,

291 462 444 503 opera,
470 463 586 505 quae
607 452 731 493 dedit
756 452 885 495 nobis
913 455 1057 507 Deus,
1089 455 1254 511 quibus
1282 458 1399 500 hanc
1435 457 1848 501 reconciliationem
1882 467 1927 503 et
1991 445 1997 497 s

292 539 447 580 pacem
472 527 778 572 conficiamus.
808 535 891 576 573
911 527 1306 576 Proueniet'nobis
1330 534 1471 576 maior
1495 534 1562 577 vis
1579 535 1761 579 diuinae
1779 534 1824 577 in
1843 550 1926 578 no-

291 601 360 644 bis
378 603 605 647 filiationis
623 612 758 660 atque
777 607 1100 663 generationis,
1117 611 1235 654 vnde
1252 610 1298 652 in
1313 611 1409 654 dies
1427 612 1538 654 fiant
1556 619 1710 655 nostra
1726 612 1927 657 ministe-
1980 646 1982 650 .

294 679 357 722 ria
380 682 580 724 efficacia
610 683 772 739 magis,
799 698 850 727 ac
873 685 1080 740 proximo
1105 687 1249 745 magis
1267 687 1409 741 vtilia,
1431 696 1475 732 et
1492 690 1590 732 Deo
1609 697 1739 744 grata
1762 690 1926 746 magis.
1972 683 1980 691 ’

387 760 541 803 «Beati
565 761 641 814 qui
664 763 1066 818 persequutionem
1090 766 1327 821 patiuntur
1345 774 1530 823 propter
1552 767 1792 819 iusticiam,
1818 782 1932 823 quo-

295 835 415 878 niam
439 836 637 892 ipsorum
663 848 731 881 est
755 854 948 896 regnum
972 843 1246 886 coelorum.»
1274 845 1597 900 Agnoscamus
1625 844 1755 887 nobis
1783 858 1883 887 esse
1905 859 1930 887 a

295 915 395 956 Deo
417 929 682 958 concessum
706 918 976 960 beneficium
1001 919 1111 961 illud
1143 921 1372 972 eximium,
1405 930 1453 963 vt
1483 937 1573 964 non
1601 923 1746 964 solum
1776 921 1823 964 in
1844 923 1929 964 hac
1983 964 1985 966 ,

297 992 536 1036 vocatione
559 1008 610 1035 ac
633 994 794 1048 gratia,
822 995 866 1037 in
885 995 955 1038 his
972 996 1248 1049 ministeriis,
1269 1013 1352 1041 nos
1370 1013 1679 1051 exerceamus,
1699 999 1779 1042 secl
1796 998 1931 1042 etiam

298 1070 674 1124 persequutiones
697 1079 935 1128 propterea
958 1074 1197 1129 patiamur,
1225 1075 1391 1130 quibus
1410 1076 1565 1119 terreri
1585 1089 1675 1118 non
1694 1076 1930 1127 debemus,

299 1147 370 1188 vel
394 1161 419 1188 a
443 1148 622 1191 feruore
645 1148 830 1204 spiritus
858 1158 903 1192 et
932 1151 1163 1194 actionum
1199 1160 1456 1196 nostrarum
1489 1153 1723 1205 deterreri,
1755 1153 1835 1196 sed
1863 1153 1933 1194 in·
1980 1198 1985 1202 ,

299 1225 517 1267 flammari
555 1226 708 1281 potius
744 1228 801 1270 ad
843 1242 1022 1272 omnem
1062 1229 1241 1285 pietatis
1278 1230 1618 1286 perfectionem.
1661 1231 1931 1274 Desiderare

300 1302 434 1345 etiam
458 1317 509 1344 ac
533 1304 777 1359 deposcere
799 1318 853 1347 eo
875 1305 1056 1350 nomine
1075 1321 1252 1349 omnem
1272 1307 1361 1362 pati
1380 1307 1795 1363 persequutionem,
1817 1321 1935 1350 mor-

302 1387 390 1423 tem
409 1380 543 1423 etiam
567 1389 783 1437 oppetere
804 1382 848 1424 in
870 1383 1071 1426 Christo.
1101 1385 1199 1439 Ipse
1216 1384 1335 1427 enim
1348 1387 1500 1442 Jesus,
1520 1384 1731 1427 dominus
1748 1392 1793 1428 et
1810 1386 1938 1429 Deus

302 1465 469 1510 noster,
497 1466 683 1514 reponet
705 1459 836 1502 nobis
863 1461 1070 1504 coelestis
1099 1461 1270 1517 patriae
1299 1462 1534 1518 gaudium,
1566 1463 1801 1513 honorem,
1836 1462 1935 1517 glo-

302 1535 412 1578 riam
436 1550 489 1578 ac
513 1536 648 1579 vitam
671 1537 1006 1593 sempiternam.
1035 1540 1200 1620 Arnen.

303 1661 389 1703 574
473 1671 534 1700 DE
568 1671 816 1702 ORATIONE
849 1672 1084 1703 DOMINICA
1118 1673 1471 1703 PECULIARITER
1506 1673 1598 1703 PRO
1629 1673 1770 1704 Noms

394 1771 657 1814 Orationem
690 1771 961 1814 dominicam
992 1787 1239 1827 numquam
1274 1773 1535 1815 omittamus
1572 1787 1626 1816 eo
1665 1773 1800 1816 animi
1831 1788 1939 1829 pro-

307 1849 451 1903 posito
473 1857 609 1904 atque
638 1849 892 1913 intentione
913 1850 1080 1903 dicere,
1107 1864 1194 1905 qua
1217 1849 1326 1893 dicit
1355 1850 1546 1894 ecclesia
1575 1850 1675 1904 Dei,
1709 1865 1940 1917 nunquam

306 1940 396 1968 non
420 1927 475 1968 ad
499 1941 676 1969 ornnem
701 1926 957 1982 proximum
980 1929 1164 1979 referre,
1192 1928 1271 1972 sed
1296 1935 1447 1971 tamen
1471 1928 1527 1970 ad
1556 1942 1639 1970 nos
1669 1927 1804 1972 etiam
1834 1941 1942 1971 con-

307 2002 422 2045 ferre
445 2004 663 2047 debemus
687 2004 987 2060 peculiariter.
1015 2004 1139 2048 Modi
1163 2019 1286 2056 vero,
1313 2005 1479 2060 quibus
1502 2006 1558 2047 ad
1581 2019 1663 2047 nos
1691 2006 1946 2048 referamus

307 2080 575 2132 orationem,
601 2081 713 2124 varii
737 2078 836 2126 esse
858 2089 1064 2137 possunt.
1093 2084 1224 2125 Vnus
1248 2090 1396 2126 tamen
1421 2082 1495 2125 hic
1519 2097 1610 2125 non
1643 2081 1728 2124 erit
1751 2081 1941 2135 inutilis,

309 2165 373 2212 vt,
400 2172 504 2200 eum
528 2157 738 2201 dicimus:

402 2237 564 2278 «Pater
587 2244 759 2289 noster,
792 2236 868 2291 qui
898 2251 946 2281 es
974 2236 1018 2278 in
1051 2237 1235 2289 coelis»,
1277 2251 1581 2293 agnoscamus
1619 2236 1801 2291 quidem
1839 2250 1943 2279 cum

306 2312 519 2356 'vniuersa
553 2313 743 2356 ecclesia
775 2314 1015 2358 coelestem
1046 2321 1235 2370 patrem3
1271 2314 1395 2356 illum
1435 2314 1701 2357 inuocemus
1734 2321 1778 2358 et
1811 2312 1945 2356 simul

311 2390 582 2433 innouemus
604 2390 807 2446 spiritum
832 2391 1082 2434 vocationis
1105 2400 1301 2444 nostrae,
1334 2392 1599 2448 profitentes
1631 2405 1714 2434 nos
1743 2405 1832 2433 non
1862 2392 1944 2434 ha-

311 2468 418 2512 bere
439 2474 629 2524 patrem,
661 2482 753 2511 non
782 2477 1019 2525 cognatos,
1046 2483 1135 2512 non
1161 2469 1367 2525 patriam3
1399 2468 1615 2520 breuiter,
1642 2468 1753 2510 nihil
1781 2467 1827 2510 in
1855 2469 1946 2510 hoc

311 2545 483 2597 seculo,
509 2559 656 2600 neque
678 2552 851 2601 patrem
875 2554 1101 2590 nostrum.
1135 2547 1385 2603 Cognatos,
1413 2545 1618 2602 patriam,
1651 2545 1834 2588 diuitias
1863 2558 1945 2587 no-

312 2630 428 2666 stras
465 2622 511 2664 in
544 2623 671 2666 coelo
703 2636 819 2675 esse,
855 2623 1102 2666 viuendum
1135 2638 1234 2667 esse
1269 2623 1405 2666 vitam
1445 2624 1704 2675 coelestem,
1746 2630 1794 2664 vt
1832 2621 1946 2665 nihil

312 2703 495 2743 haereat
519 2699 650 2743 nobis
672 2699 837 2752 carnis,
863 2700 974 2742 nihil
998 2700 1181 2745 terreni.

402 2782 483 2824 575
519 2777 865 2822 «Sanctificetur
888 2792 1053 2822 nomen
1078 2785 1253 2820 tuum.»
1281 2777 1369 2820 Hic
1388 2777 1524 2821 finem
1544 2784 1747 2820 nostrum
1769 2776 1946 2832 praeci-

314 2868 454 2909 puum
479 2861 685 2910 petamus
707 2854 898 2911 impleri,
923 2862 970 2896 vt
995 2854 1147 2898 omnia
1170 2855 1281 2897 fiant
1310 2855 1365 2896 ad
1399 2853 1613 2897 maiorem
1643 2853 1728 2896 Dei
1757 2852 1946 2909 gloriam

315 2939 358 2973 et
382 2933 617 2984 honorem3
642 2939 693 2974 vt
714 2931 1012 2984 santificetur,
1045 2930 1342 2987 glorificetur,
1374 2938 1510 2986 atque
1543 2929 1868 2972 honorificetur
1900 2928 1947 2972 in

315 3009 412 3051 dies
434 3008 580 3065 magis
603 3009 686 3053 Dei
712 3023 894 3063 nomen,
921 3016 1016 3051 tum
1039 3007 1085 3051 in
1116 3007 1263 3062 nobis,
1295 3017 1389 3050 tum
1419 3007 1464 3049 in
1495 3007 1706 3050 Vniuersa
1735 3005 1944 3050 ecclesia.
