2028 3426
326 211 397 258 698
799 211 954 246 PATms
980 210 1224 246 HIERONYM1
1251 210 1402 247 NADAL

371 313 441 358 165
474 313 758 358 Aedificatur
781 312 985 357 Societas
1007 311 1286 356 exultatione
1309 311 1496 368 spiritus
1518 319 1563 356 et
1586 313 1821 356 feruore...

368 391 439 435 170
472 391 588 434 Alae
610 392 729 434 duae
752 388 995 434 Societatis
1018 395 1125 432 sunt
1144 396 1295 445 partes
1316 388 1574 441 Societatis,
1596 404 1713 444 quae
1730 389 1776 432 in
1794 391 1920 435 India

280 476 325 511 et
349 467 598 512 Germania
620 467 665 510 in
689 466 906 509 auxilium
935 465 1184 509 animarum
1215 465 1487 509 incumbunt
1516 465 1562 508 in
1586 465 1769 509 Christo
1789 469 1918 524 Jesu,

284 559 336 588 ac
359 545 622 601 prouehunt
646 542 889 588 Societatis
912 557 1131 598 corpus...

372 622 538 665 Nullus
561 621 784 664 desideret
808 619 972 662 imitari
995 627 1178 664 sanctos
1196 619 1241 661 in
1259 618 1329 662 his
1346 618 1615 676 priuilegiis,
1638 619 1803 675 quibus
1820 620 1923 664 illos

283 700 429 754 XpuS.
457 699 502 741 in
527 700 612 741 hac
636 698 770 741 etiam
795 696 889 739 vita
911 697 1219 753 prosequitur,
1245 698 1326 740 sed
1347 711 1456 740 vera
1478 696 1670 740 imitatio
1692 705 1736 740 et
1760 698 1919 742 efficax

282 776 355 819 illa
379 784 463 827 est,
490 776 525 819 si
550 775 696 818 media
720 774 963 826 imitemur,
996 774 1162 829 quibus
1191 775 1249 816 ad
1278 773 1353 817 illa
1380 773 1620 830 priuilegia
1650 773 1915 830 attigerunt.

282 854 383 896 Hoc
421 852 645 895 succurrit
679 851 875 903 cuidam,
917 866 1020 894 cum
1059 851 1337 895 desideraret
1375 850 1524 894 Patris
1557 850 1723 907 Ignatii
1756 851 1920 894 imitari

283 929 712 985 contemplationem
736 943 787 972 ac
811 943 960 972 rerum
985 928 1243 971 diuinarum
1266 943 1468 972 sensum.

373 1008 472 1050 Lux
507 1020 673 1062 magna
705 1006 751 1049 in
785 1006 1022 1051 vocatione
1055 1006 1111 1048 ad
1144 1006 1296 1058 fidem,
1332 1005 1542 1062 gratiam,
1578 1020 1631 1048 ac
1663 1005 1917 1061 veritatem,

285 1099 400 1140 quae
424 1100 501 1140 per
524 1086 683 1141 Jesum
708 1083 940 1127 Christum
972 1084 1090 1126 facta
1118 1090 1204 1128 est.
1235 1082 1309 1126 Ad
1332 1083 1467 1126 huius
1494 1083 1608 1126 lucis
1639 1082 1919 1139 agnitionem

285 1161 601 1218 perfectiorem
640 1160 879 1204 videbatur
915 1161 992 1203 lux
1031 1160 1285 1205 vocationis
1322 1161 1378 1203 ad
1416 1159 1689 1205 Societatem
1726 1167 1771 1203 et
1812 1166 1918 1202 vota

284 1253 421 1281 manu
443 1239 626 1282 ducere.

372 1316 641 1359 Addebatur
664 1315 721 1357 ad
744 1316 860 1357 hanc
884 1315 1031 1359 lucem
1061 1315 1138 1357 lux
1162 1316 1382 1370 quaedam
1409 1313 1466 1358 171
1491 1314 1668 1357 interna
1691 1313 1734 1355 in
1760 1313 1917 1369 spiritu

283 1393 328 1434 in
353 1407 489 1436 sensu
513 1392 679 1444 cordis,
705 1407 823 1448 quae
845 1392 913 1434 vis
936 1392 1091 1435 diuina
1113 1391 1296 1447 quidem
1321 1392 1480 1436 efficax
1503 1390 1743 1434 videbatur
1765 1391 1822 1434 ad
1844 1390 1917 1434 illa

284 1470 460 1525 agenda
492 1469 538 1512 in
567 1471 667 1513 Deo
696 1484 775 1525 per
803 1471 994 1525 Xpum.,
1027 1484 1145 1525 quae
1178 1469 1397 1525 perfectio
1432 1468 1506 1512 illa
1539 1468 1654 1511 lucis
1687 1482 1918 1511 common-

283 1548 470 1589 strabat.

374 1623 606 1686 Mirandae
630 1625 816 1666 Patrum
840 1623 1082 1668 Societatis
1104 1623 1311 1676 virtutes,
1338 1623 1558 1679 imprimis
1582 1624 1633 1666 Ρ.
1663 1622 1841 1679 Ignatii.

373 1701 507 1743 Fides
531 1701 674 1757 aperit
697 1701 878 1744 ianuam
902 1701 1084 1745 diuinae
1108 1700 1375 1746 reuelationi
1397 1709 1534 1756 atque
1557 1699 1856 1755 inspirationi.

372 1780 432 1821 Vt
456 1778 739 1822 xenodochia
762 1779 819 1821 ad
842 1792 998 1821 curam
1021 1793 1196 1831 eorum,
1223 1778 1300 1834 qui
1323 1778 1445 1820 omni
1468 1777 1635 1820 auxilio
1664 1776 1922 1820 destituun-

283 1864 371 1907 tur,
394 1855 601 1898 instituta
625 1864 749 1908 sunt,
770 1855 832 1898 ita
854 1855 1060 1900 Societas
1082 1855 1129 1897 in
1152 1855 1406 1899 animarum
1430 1854 1667 1906 auxilium,
1688 1868 1804 1909 quae
1821 1869 1921 1910 per—

282 1940 409 1984 eunt,
437 1946 521 1975 nec
544 1940 613 1976 est
637 1933 714 1987 qui
738 1932 782 1974 id
806 1932 1044 1989 recogitet3
1072 1932 1230 1988 quanti
1252 1946 1361 1976 vero
1383 1934 1470 1975 hoc
1499 1932 1573 1984 sit,
1600 1946 1655 1974 ex
1688 1932 1921 1974 voluntate

284 2010 385 2061 Dei,
412 2023 466 2052 ex
490 2010 700 2065 passione
724 2010 850 2066 Xpi.,
870 2025 926 2053 ex
949 2010 1201 2063 nobilitate,
1223 2025 1277 2054 ex
1298 2008 1514 2066 praemio,
1536 2009 1656 2065 quod
1680 2007 1916 2059 amittitur,

283 2094 327 2129 et
350 2101 514 2142 poena,
541 2087 586 2128 in
610 2091 745 2141 quam
769 2087 1034 2140 incurritur,
1059 2088 1196 2131 corde
1217 2086 1506 2143 intelligitur.

372 2165 508 2218 Quod
533 2164 569 2207 si
593 2164 690 2208 sine
713 2164 1009 2208 sacramentis
1031 2164 1193 2208 obierit
1225 2166 1360 2208 Pater
1390 2163 1613 2220 Ignatius,
1645 2162 1921 2218 dispensatio

285 2240 368 2283 fuit
392 2240 492 2293 Dei;
519 2255 608 2283 non
633 2241 751 2285 enirn
775 2241 998 2297 potuisset
1021 2241 1064 2284 id
1092 2241 1201 2298 pati,
1228 2241 1335 2296 quin
1355 2240 1516 2284 fuisset
1533 2247 1740 2283 mortuus
1756 2254 1811 2283 ex
1829 2240 1921 2295 ple-

286 2316 494 2361 nitudine
522 2317 793 2370 deuotionis,
826 2319 871 2360 in
897 2326 1021 2361 tanta
1050 2318 1313 2374 praesertim
1337 2316 1539 2373 corporis
1561 2316 1806 2360 debilitate.
1839 2317 1920 2358 Et-

284 2394 404 2436 enim
428 2408 483 2436 ex
508 2393 672 2438 missae
695 2395 998 2439 celebratione
1022 2396 1094 2439 vel
1116 2410 1171 2439 ex
1195 2394 1515 2437 communione
1535 2393 1606 2438 172
1624 2393 1717 2435 sola
1734 2392 1780 2435 in
1798 2406 1920 2435 amo·

285 2485 376 2514 rem
403 2471 474 2514 vel
497 2471 738 2514 lachrimas
761 2472 951 2525 solebat,
978 2472 1107 2515 firmo
1136 2471 1270 2516 etiam
1305 2472 1412 2514 dum
1442 2485 1648 2526 corpore,
1683 2469 1849 2512 resolui
1877 2478 1921 2514 et

284 2548 579 2591 vehementer
602 2549 882 2592 commoueri
906 2563 957 2592 ac
980 2548 1222 2601 debilitari,
1249 2557 1386 2603 atque
1408 2547 1543 2592 etiam
1562 2547 1611 2589 in
1633 2546 1790 2590 febrim
1809 2545 1920 2589 inci-

282 2624 405 2676 dere;
428 2639 544 2679 quae
567 2633 663 2668 erat
686 2639 823 2667 causa
841 2626 962 2680 quod
982 2640 1069 2668 non
1090 2625 1152 2668 ita
1169 2626 1264 2680 freq
1273 2632 1429 2669 uenter
1447 2624 1628 2667 missam
1648 2624 1914 2668 celebraret.

284 2701 416 2745 Adde
455 2702 577 2756 quod
609 2701 706 2746 eius
736 2710 831 2745 erat
864 2702 956 2745 vita
986 2718 1125 2759 supra
1154 2716 1442 2746 communem
1472 2701 1705 2744 hominum
1734 2707 1916 2756 captum

284 2792 338 2819 ex
363 2778 530 2822 selecta
553 2778 699 2834 gratia
722 2793 772 2821 ac
795 2779 1052 2835 priuilegio.
1075 2781 1231 2835 Itaque
1253 2779 1504 2835 accipiebat
1522 2777 1718 2834 gratiam
1741 2776 1917 2820 solitam

282 2853 416 2895 etiam
441 2863 825 2899 sacramentorum
855 2857 1027 2910 absque
1048 2856 1202 2899 sensili
1225 2863 1610 2899 sacramentorum
1640 2853 1915 2909 receptione,

283 2943 337 2971 ex
362 2930 538 2972 illorum
568 2932 812 2976 deuotione
840 2940 885 2975 et
914 2941 1035 2976 voto.
1066 2932 1276 2988 Denique
1305 2933 1361 2975 ad
1391 2931 1694 2974 humilitatem
1725 2944 1796 2974 res
1825 2937 1920 2973 tota

284 3007 439 3049 referri
471 3015 636 3062 potest,
662 3016 708 3050 vt
747 3009 791 3051 in
821 3008 919 3052 eius
953 3018 1095 3052 morte
1128 3010 1185 3052 ab
1219 3023 1273 3052 eo
1306 3016 1428 3051 totus
1462 3010 1654 3053 affectus
1686 3013 1839 3050 noster
1873 3005 1919 3048 in
