2028 3426
355 251 427 286 400
830 245 984 282 PATms
1011 246 1254 281 H1ERONYM1
1281 245 1432 282 NADAL

307 344 540 398 valetudo,
566 354 751 403 propter
773 362 908 402 quam
938 346 1104 389 dimitti
1135 345 1173 390 is
1204 347 1346 403 possit
1369 355 1449 390 aut
1481 348 1661 392 debeat:
1697 349 1861 394 deinde
1890 365 1959 394 an-

308 422 616 466 scholasticus
640 425 694 466 ad
726 424 812 467 alia
840 423 990 466 officia
1021 423 1262 467 Societatis
1291 424 1476 467 humilia
1508 425 1653 480 possit
1681 440 1780 470 esse
1807 425 1971 480 vtilis,'

307 512 364 540 an
388 498 523 542 etiam
548 501 604 542 ad
627 516 679 544 ea
703 500 760 543 sit
784 514 1052 556 propensus.
1079 500 1402 544 Consulendus
1431 508 1582 546 autem
1617 517 1794 559 semper
1821 503 1948 547 vide-

308 581 382 617 tur
404 576 625 629 medicus,
652 585 893 632 antequam
918 576 1156 632 quisquam
1181 584 1366 633 propter
1387 577 1611 622 infirmam
1639 575 1947 624 valetudinem

306 651 575 696 dimittatur.
604 655 741 709 Quod
764 653 922 708 siquis,
954 667 1037 696 nec
1067 653 1286 706 nouitius,
1319 668 1402 697 nec
1431 655 1747 708 scholasticus,
1779 655 1951 701 incidet
1978 695 1983 701 .

308 727 351 770 in
376 730 578 785 corporis
602 730 927 781 infirmitatem,
954 742 1144 786 propter.
1161 744 1260 774 eam
1284 732 1425 774 solam
1449 746 1633 775 causam
1661 732 1828 775 dimitti
1855 747 1947 776 non

307 807 458 850 debet:
487 815 624 861 atque
648 809 761 851 adeo
786 809 821 851 si
846 808 1064 860 nouitius,
1090 809 1164 853 vel
1187 809 1501 862 scholasticus,
1527 810 1573 852 in
1602 811 1810 853 morbum
1832 811 1947 854 inci-

306 883 438 934 derit,
465 893 648 939 propter
672 885 903 937 exercitia,
930 900 1046 941 quae
1069 885 1320 929 nouitiatus
1342 887 1415 930 vel
1437 886 1690 930 studiorum
1720 901 1811 930 non
1839 896 1948 932 sunt

307 960 501 1015 propria,
529 975 627 1004 eam
652 962 709 1003 ob
733 976 916 1005 causam
940 977 1031 1006 non
1054 969 1124 1005 est
1146 962 1460 1007 dimittendus.

395 1037 487 1091 Qui
510 1037 645 1079 animi
672 1040 828 1081 morbo
850 1040 1055 1083 laborant
1077 1039 1140 1082 ita
1162 1040 1380 1096 grauiter,
1405 1048 1455 1083 vt
1479 1040 1620 1085 uideri
1644 1042 1821 1098 possint
1842 1056 1947 1088 esse

306 1113 580 1166 dimittendi,
606 1116 642 1157 si
666 1116 922 1159 voluntaria
944 1125 1014 1160 est
1036 1117 1289 1169 infirmitas,
1321 1117 1378 1161 85
1402 1133 1446 1162 V.
1472 1133 1518 1175 g.
1551 1118 1589 1162 si
1617 1120 1813 1176 fingeret
1842 1119 1946 1175 quis

304 1204 503 1243 causam,
538 1201 583 1233 vt
613 1191 932 1246 dimitteretur,
965 1195 1036 1238 vel
1065 1195 1102 1237 si
1131 1194 1278 1237 iuuari
1302 1195 1457 1247 nollet,
1484 1202 1528 1239 et
1551 1195 1749 1239 animum
1781 1197 1942 1240 volens
1980 1242 1982 1244 ,

303 1267 532 1320 abiiceret,
559 1270 630 1311 vel
654 1270 777 1313 nulla
810 1270 1012 1327 agitatus
1045 1271 1296 1316 tentatione
1327 1280 1406 1316 aut
1438 1273 1721 1325 difficultate,
1757 1281 1836 1317 aut
1869 1288 1941 1327 ea,

304 1359 438 1399 quam
471 1344 651 1389 vincere
674 1361 810 1402 posse
835 1347 1082 1400 videretur,
1115 1348 1423 1392 dimissionem
1447 1349 1690 1406 flagitaret,
1716 1350 1779 1392 illi
1807 1349 1942 1394 disci-

305 1422 427 1478 plina
450 1422 604 1465 durior
633 1424 704 1477 (de
734 1439 823 1480 qua
846 1425 966 1482 alibi)
990 1425 1276 1478 adhibeatur,
1308 1441 1452 1482 Vsque
1482 1428 1538 1470 ad
1567 1442 1772 1472 seueram
1796 1427 1944 1470 inclu-

306 1499 481 1542 sionem
511 1499 556 1542 in
589 1500 771 1555 aliquod
800 1501 1080 1554 cubiculum,
1105 1516 1197 1545 non
1219 1510 1269 1545 vt
1291 1502 1337 1545 in
1361 1517 1606 1557 carcerem,
1631 1504 1711 1548 sed
1734 1514 1782 1546 vt
1805 1503 1847 1546 in
1872 1503 1943 1547 di·-

305 1576 561 1633 sciplinam,
602 1586 648 1623 et
680 1579 736 1622 ad
769 1579 986 1621 auxilium
1020 1579 1254 1635 spirituale
1291 1579 1353 1622 illi
1386 1580 1563 1623 animae
1596 1581 1853 1625 ferendum.
1895 1581 1943 1626 Si

305 1664 513 1711 pergeret
536 1656 722 1699 omnino
746 1670 847 1700 esse
870 1656 1103 1709 molestus,
1129 1664 1174 1701 et
1197 1657 1354 1701 melior
1376 1659 1431 1700 de
1454 1657 1530 1700 illo
1552 1671 1656 1714 spes
1672 1657 1851 1714 concipi
1868 1658 1944 1702 vix

306 1741 471 1787 posset,
498 1732 534 1775 si
558 1732 742 1788 quidem
766 1732 935 1787 alioqui
958 1747 1050 1776 non
1073 1732 1255 1790 ineptus
1283 1733 1515 1778 videretur
1545 1735 1601 1777 ad
1635 1742 1840 1777 nostrum
1871 1734 1944 1777 in-

306 1808 533 1863 stitutum,
561 1810 926 1853 confirmandum
956 1818 1076 1854 esset
1109 1810 1171 1853 illi
1203 1810 1570 1859 constantissime
1603 1826 1835 1866 nunquam
1859 1811 1946 1868 ipsi

304 1887 501 1929 solutum
525 1887 576 1929 iri
600 1895 721 1939 vota,
760 1888 881 1943 quod
916 1888 1040 1930 nulla
1071 1887 1128 1931 sit
1162 1901 1314 1940 causa,
1351 1896 1626 1945 quapropter
1656 1888 1838 1932 liberari
1859 1889 1943 1934 de-

304 1964 426 2015 beat,
453 1978 535 2007 nec
559 1978 691 2019 posse
713 1978 796 2007 nos
818 1963 938 2007 illius
961 1973 1148 2020 peccato
1172 1965 1447 2009 consentire.
1475 1965 1522 2009 Si
1547 1972 1697 2008 tamen
1721 1965 1849 2010 fieret
1872 1965 1943 2008 in-

307 2040 567 2090 tolerabilis,
595 2040 711 2083 mitti
733 2049 887 2096 posset
910 2041 953 2084 in
978 2041 1407 2098 peregrinationem,
1433 2042 1703 2098 exponendo
1725 2057 1816 2085 non
1840 2057 1940 2087 esse

307 2116 367 2158 illi
403 2125 507 2159 vota
536 2118 700 2169 soluta,
726 2132 810 2160 nec
840 2119 1058 2161 soluenda
1091 2133 1340 2175 nunquam,
1370 2133 1606 2162 necessum
1637 2133 1736 2163 esse
1765 2120 1822 2162 ad
1850 2119 1942 2164 sei—
1980 2147 1983 2150 -

310 2207 440 2248 psum
475 2193 634 2245 redire,
671 2202 715 2238 et
748 2202 897 2237 tamen
931 2195 1194 2239 huiusmodi
1228 2197 1409 2239 tandem
1433 2203 1620 2252 possent
1652 2198 1714 2251 (vt
1747 2195 1853 2238 alibi
1884 2195 1941 2240 86
1982 2229 1987 2234 -

310 2268 489 2325 dicitur)
520 2270 702 2314 dimitti.
727 2271 806 2315 Sin
839 2280 958 2314 esset
987 2271 1148 2327 aliquis
1177 2273 1222 2315 in
1244 2274 1330 2315 hoc
1359 2287 1544 2329 genere,
1571 2272 1648 2328 qui
1670 2272 1851 2328 ineptus
1873 2273 1934 2315 vi-

313 2346 496 2390 deretur
525 2348 581 2388 ad
613 2347 907 2400 Societatem,
943 2348 1093 2391 statim
1127 2348 1253 2392 initio
1286 2356 1471 2406 accepta
1503 2348 1743 2392 occasione
1775 2349 1939 2392 dimitti

309 2430 477 2478 posset.

395 2499 636 2544 Praeterea
659 2500 696 2543 si
719 2501 819 2556 quis
842 2502 887 2543 in
911 2503 1070 2546 eodem
1095 2517 1264 2559 genere
1286 2502 1432 2559 magis
1465 2503 1664 2559 seipsum
1698 2502 1937 2559 affligeret,
1983 2528 1985 2531 ·

306 2590 442 2630 quam
467 2576 564 2619 aliis
587 2586 706 2621 esset
729 2580 961 2630 molestus,
996 2588 1040 2623 et
1070 2580 1180 2622 nihil
1214 2580 1335 2623 aliud
1368 2595 1503 2636 quam
1537 2580 1724 2632 diceret,
1759 2595 1808 2623 se
1840 2594 1939 2624 esse

306 2652 527 2708 ineptum,
563 2654 633 2696 vel
666 2669 756 2696 non
790 2668 922 2710 posse
955 2656 1046 2711 pati
1071 2664 1240 2699 tantam
1270 2656 1558 2702 seueritatem
1583 2657 1841 2713 regularum
1867 2657 1940 2699 vel
1982 2651 1983 2654 ¹

307 2729 704 2786 multiplicitatem,
719 2738 826 2783 etc.,
839 2740 883 2773 et
903 2739 1052 2776 tamen
1072 2733 1211 2776 nollet
1229 2734 1423 2778 deficere
1440 2749 1465 2776 a
1482 2733 1725 2785 Societate,
1738 2733 1818 2777 sed
1836 2747 1948 2788 ape—

308 2806 414 2850 siret
445 2821 573 2849 suam
608 2807 921 2859 tentationem,
951 2815 995 2851 et
1029 2816 1202 2863 peteret
1233 2809 1414 2864 dimitti,
1449 2809 1724 2862 huiusmodi,
1757 2809 1795 2852 si
1817 2815 1940 2854 esset

308 2883 490 2938 ineptus
523 2884 579 2925 ad
603 2890 807 2926 nostrum
841 2883 1117 2937 institutum,
1154 2885 1284 2930 facile
1316 2894 1469 2942 posset
1501 2885 1681 2938 dimitti;
1717 2885 1787 2929 sin
1819 2892 1939 2928 esset
1980 2910 1994 2946 ⁴.

305 2966 454 3014 aptus,
482 2960 653 3015 absque
675 2959 827 3016 rigore
850 2959 1031 3015 quidem
1057 2961 1127 3004 vel
1151 2961 1367 3005 seueriori
1385 2962 1622 3019 disciplina
1640 2969 1760 3006 esset
1777 2961 1947 3005 iuuan-

304 3037 406 3087 dus;
434 3043 477 3079 et
501 3035 611 3078 illud
634 3050 722 3079 non
749 3036 1065 3088 omittendum,
1092 3044 1141 3078 vt
1164 3038 1296 3092 plane
1320 3038 1611 3094 intelligeret,
1637 3045 1856 3095 negatum
1885 3037 1939 3081 iri
1987 3036 1989 3038 ’
