2028 3426
445 260 718 296 MONUMENTA
744 266 998 295 PRoleclAE
1026 262 1339 301 AUSTR1AE—47
1594 258 1663 303 267

167 360 431 406 Benedictio
456 360 710 417 vespertina
731 367 886 404 sextae
902 358 1027 411 ferie,
1054 359 1235 414 quando
1252 358 1302 399 fit
1320 357 1608 410 abstinentia,
1633 359 1708 411 sit,

78 446 126 481 vt
149 438 247 481 dari
269 439 398 489 solet,
423 436 618 481 breuior.
660 436 893 481 Scribatur
916 442 1067 479 tamen
1090 435 1147 478 ad
1176 435 1230 478 P.
1262 434 1487 485 Natalem,
1521 434 1621 489 quis
1652 435 1712 477 sit

75 530 188 558 -vsus
212 517 383 557 Romae
396 515 434 565 ‚¹.

173 592 456 634 Obseruetur
479 590 652 645 regula,
687 604 802 644 quae
828 588 1094 645 praescribit
1123 594 1171 629 vt
1199 600 1331 629 nemo
1358 585 1642 641 ingrediatur
1664 587 1710 629 in

79 668 287 712 cubicula
310 667 498 711 aliorum
521 666 618 709 sine
641 667 857 710 facultate
879 664 1124 721 superioris
1154 663 1361 716 alicuius;
1389 670 1435 707 et
1463 663 1619 706 habita
1642 664 1712 706 fa

79 746 264 797 cultate,
286 760 376 787 non
398 743 678 799 ingrediatur
701 743 786 785 nisi
811 742 933 798 prius
949 741 1102 785 audiat
1124 741 1436 797 «ingredere»,
1457 748 1502 783 et
1519 741 1628 782 dum
1649 740 1710 782 ibi

78 822 154 867 ille
175 829 259 873 est,
285 824 342 864 sit
365 834 540 876 semper
563 827 689 875 porta
713 805 1091 874 omnino'patens.

169 899 313 942 Nemo
337 896 517 952 quidem
540 903 690 952 potest
713 902 871 938 mutuo
898 897 1005 938 dare
1029 893 1156 937 alteri
1179 893 1274 936 sine
1306 892 1491 935 licentia
1513 893 1586 935 vel
1608 907 1709 935 car-

82 983 190 1028 tam,
216 982 323 1027 etc.;
356 973 413 1016 sit
442 980 591 1016 tamen
619 970 800 1016 licentia
829 972 1020 1027 quedam
1050 969 1275 1026 generalis
1304 970 1453 1024 quoad
1482 985 1553 1013 res
1579 969 1710 1025 parui

82 1051 318 1094 momenti.

169 1127 262 1184 Qui
284 1134 390 1170 sunt
418 1125 558 1169 futuri
595 1125 868 1177 sacerdotes,
900 1124 944 1166 id
982 1123 1275 1166 committitur
1311 1122 1592 1179 prouinciali.
1627 1122 1705 1165 Vi-

79 1205 244 1249 dentur
287 1203 522 1246 ordinandi
559 1201 802 1253 Henricus,
844 1200 1170 1252 Theodoricus,
1211 1201 1305 1242 Ioh.
1347 1199 1577 1242 Antonius
1606 1207 1711 1255 post

81 1296 281 1334 cursum3
307 1296 362 1324 ex
385 1280 482 1322 aliis
505 1279 562 1322 sit
584 1278 800 1321 iudicium
820 1276 1125 1334 prouincialis.
1145 1276 1375 1332 Georgius
1393 1277 1586 1320 Scherer
1604 1276 1618 1295 ²
1638 1275 1708 1317 vi-

79 1359 212 1401 detur
233 1371 364 1413 posse
387 1355 582 1399 ordinari
605 1355 740 1400 etiam
763 1361 867 1398 ante
889 1368 1088 1405 cursum,
1113 1361 1157 1396 et
1181 1355 1244 1396 Io.
1271 1353 1507 1397 Matthias,

169 1436 271 1477 Hoc
304 1441 503 1489 tempore
540 1447 631 1474 non
671 1431 880 1474 videntur
912 1430 1133 1473 formandi
1163 1429 1461 1481 baccalaurei,
1497 1428 1711 1484 quamuis

81 1526 171 1554 non
195 1510 284 1553 sint
306 1509 641 1553 intermittende
658 1507 986 1564 disputationes
1008 1515 1040 1549 a.

170 1590 250 1630 Est
275 1586 538 1643 papiraceus
575 1584 757 1640 quidam
785 1584 962 1627 libellus
1000 1583 1042 1625 in
1084 1583 1206 1636 folio,
1248 1583 1377 1626 cuius
1407 1581 1583 1624 initium
1623 1589 1707 1626 est:

86 1666 375 1720 «Sequuntur
394 1669 563 1720 puncta
579 1662 773 1716 quedam
790 1660 1031 1704 memoriae
1042 1675 1202 1703 causa»
1224 1666 1310 1703 etc.
1332 1661 1434 1701 Hoc
1450 1659 1602 1702 libello
1620 1673 1713 1701 non-

80 1740 385 1784 necessarium
422 1739 506 1784 erit
545 1738 609 1782 uti
647 1739 702 1781 ad
746 1737 1123 1793 gubernationem
1168 1737 1421 1780 scholarum
1441 1770 1450 1789 ,
1492 1751 1594 1778 nam
1628 1749 1714 1791 pro

77 1833 237 1862 eorum
277 1815 610 1873 gubernatione
645 1821 753 1858 sunt
789 1815 990 1870 regulae,
1027 1821 1122 1856 tum
1162 1813 1397 1879 generales
1420 1827 1500 1868 pro
1523 1811 1735 1864 scholis,'

82 1903 178 1938 tum
202 1894 315 1937 aliae
335 1908 417 1950 pro
441 1892 661 1935 classibus
682 1898 727 1935 et
749 1891 973 1935 exercitiis
994 1890 1217 1942 literariis3
1245 1898 1339 1933 tum
1363 1904 1444 1945 pro
1468 1888 1714 1933 Societatis

81 1970 379 2015 scholasticis.

169 2047 360 2102 Reliqua
381 2046 644 2102 pendebunt
666 2061 721 2090 ex
743 2045 967 2101 praesenti
978 2044 1324 2101 gubernatione,
1345 2051 1390 2086 et
1408 2051 1559 2085 tamen
1577 2057 1709 2098 prae-

83 2125 252 2181 scripto
288 2123 456 2175 libello,
483 2137 616 2177 quem
641 2130 791 2166 tamen
815 2124 869 2166 P.
892 2122 1070 2165 Natalis
1093 2136 1183 2164 non
1215 2120 1341 2176 legit,
1374 2119 1538 2175 poterit
1569 2119 1634 2161 uti
1665 2127 1709 2162 et

82 2199 370 2258 prouincialis
392 2207 436 2242 et
454 2206 602 2242 rector
624 2198 680 2241 ad
703 2198 1080 2255 gubernationem
1104 2197 1373 2249 studiorum,
1398 2196 1436 2239 si
1455 2196 1562 2251 quid
1581 2195 1710 2239 uide-

81 2279 203 2321 bitur
224 2278 332 2334 ipsis
360 2292 451 2320 non
488 2291 588 2320 esse
624 2277 819 2320 alienum
848 2290 873 2318 a
910 2274 1198 2331 praescriptis
1235 2273 1422 2331 regulis,
1457 2280 1503 2316 et
1542 2282 1712 2325 tamen,

81 2355 245 2410 quibus
267 2354 496 2397 uidebitur
518 2354 754 2405 utendum,
775 2367 828 2395 ea
850 2367 941 2394 non
965 2353 1162 2395 referant
1184 2351 1229 2393 in
1258 2349 1497 2394 numerum
1527 2351 1686 2406 regula
1701 2376 1712 2380 -

82 2446 198 2484 rum,
224 2439 268 2475 et
291 2431 328 2474 si
350 2430 458 2486 quid
480 2430 765 2474 referendum
789 2429 1035 2481 uideretur,
1072 2427 1116 2470 id
1138 2442 1228 2470 non
1258 2427 1442 2480 facient,
1470 2426 1554 2469 nisi
1583 2426 1711 2482 prius

82 2509 290 2551 consulto
312 2507 517 2563 generali
539 2505 810 2562 praeposito.

153 2649 171 2665 a
219 2639 332 2683 Quae
356 2641 585 2684 sequuntur,
610 2648 734 2683 usque
760 2636 808 2671 ad
836 2636 1013 2671 consulto
1034 2635 1224 2682 generali
1244 2634 1474 2680 praeposito
1505 2632 1711 2672 inclusive,

85 2697 291 2732 obliterata
308 2701 399 2731 sunt
417 2696 456 2730 in
475 2707 546 2730 ms.

155 2820 163 2839 ¹
216 2819 446 2855 Benedictio
470 2831 628 2855 mensae
652 2820 701 2855 ab
725 2819 876 2865 Ignatio
900 2819 1077 2865 usurpari
1103 2817 1218 2853 solita
1243 2817 1347 2851 edita
1371 2822 1430 2851 est
1457 2816 1495 2850 in
1523 2815 1705 2849 Monam.

88 2879 235 2926 Ignat„
255 2890 330 2914 ser.
350 2878 418 2923 IV,
439 2879 469 2920 Ι,
492 2887 572 2923 245;
593 2884 632 2913 et
650 2878 764 2924 infra,
784 2878 885 2913 inter
904 2878 1053 2913 Natalis
1073 2876 1363 2911 instructiones.

154 2940 167 2959 2
218 2937 413 2983 Georgius
432 2937 611 2983 Scherer,
631 2937 679 2972 de
698 2949 774 2984 quo
792 2936 882 2971 vide
901 2937 1099 2981 catalogos
1117 2934 1272 2979 collegii
1289 2932 1594 2968 vindobonensis
1614 2930 1713 2965 infra

85 2996 295 3042 exhibitos,
328 3002 367 3032 et
398 2997 729 3039 SOMMERVOGEL‚
763 2996 832 3031 Les
853 2995 1021 3041 je'szfzites
1051 2995 1097 3030 de
1128 2995 1250 3028 Rome
1281 2995 1316 3027 et
1342 2993 1388 3027 de
1427 2992 1631 3032 Viemze...,
1665 3001 1713 3024 en

84 3055 314 3097 M‚D.LXI‚
334 3067 422 3102 pag.
443 3065 557 3099 xxlx3
578 3060 617 3090 et
636 3056 922 3100 Bibliotlze‘que‚
943 3054 1002 3092 tit,
1025 3053 1251 3088 «Scherer».
