2028 3426
327 238 396 282 462
799 240 952 275 PATRts
979 240 1226 276 Hfflnonvm
1254 239 1404 276 NADAL

277 339 408 394 quasi
430 341 486 383 ad
509 340 634 384 illum
657 341 809 384 veniat
832 340 1123 397 prouincialis
1145 355 1226 397 pro
1255 348 1487 384 reseruato
1509 355 1634 384 casu.
1663 343 1823 385 Posset
1847 342 1910 385 fa-

279 415 410 459 cilius
431 417 720 469 dissimulari,
748 418 783 460 si
807 425 928 462 esset
951 418 1068 461 idem
1087 418 1185 462 eius
1207 418 1476 462 admonitor.

367 494 567 536 Casuum
592 510 699 538 vero
722 493 1002 550 particularis
1024 494 1325 539 consideratio
1347 509 1427 551 pro
1451 494 1807 551 prouincialibus
1829 495 1916 539 erit

281 570 371 614 fere
399 572 573 623 eadem,
606 580 741 627 atque
772 571 856 613 fuit
885 586 966 627 pro
996 560 1248 615 rectoribus
1280 579 1548 616 annotatum
1571 576 1657 618 270
1687 572 1913 628 superius.

278 648 395 689 Tum
419 649 507 690 hoc
530 649 628 691 loco
650 648 760 690 illud
783 649 1058 700 addendum,
1085 656 1147 700 vt,
1173 648 1210 691 si
1234 662 1326 704 quo
1349 649 1484 692 modo
1506 648 1553 692 in
1581 663 1736 692 casum
1767 663 1917 694 reser-

281 732 434 766 uatum
466 725 751 767 manifestum
781 725 1000 770 incideret
1030 725 1334 781 prouincialis,
1366 726 1517 769 statim
1546 727 1602 769 de
1630 740 1684 770 eo
1714 726 1919 769 scribant

279 801 517 843 consiliarii
558 801 696 857 ipsius
735 803 792 844 ad
825 803 1083 858 generalem
1122 802 1442 858 praepositum,
1478 810 1525 845 vt
1555 803 1725 848 iudicet
1754 818 1864 847 num
1899 812 1915 828 ³
1979 856 1982 859 .

279 879 569 934 abrogandus
590 879 663 930 sit,
690 880 761 922 vel
784 879 892 934 quid
912 879 1165 923 faciendum
1185 894 1287 922 cum
1312 894 1365 924 eo
1388 880 1460 932 sit,
1488 888 1533 924 et
1556 895 1609 924 eo
1631 879 1915 937 diligentius,

281 954 316 996 si
341 955 401 997 ita
422 955 505 998 erit
529 970 598 998 res
621 955 874 1008 manifesta,
900 964 949 998 vt
972 971 1087 1011 quae
1109 956 1288 1012 probari
1312 957 1447 1001 etiarn
1478 957 1522 999 in
1551 957 1718 1000 iudicio
1740 957 1909 1013 possit.

370 1032 437 1076 De
460 1033 755 1076 commissarii
778 1047 965 1076 casuum
991 1034 1298 1078 reseruatione
1326 1034 1436 1076 nihil
1465 1041 1685 1077 statutum
1713 1042 1798 1087 est,
1834 1049 1919 1078 nec
1984 1023 1988 1030 ¹

282 1110 325 1151 in
349 1124 535 1153 casuum
555 1110 877 1162 reseruatione,
899 1125 983 1154 nec
1001 1112 1204 1154 hocloco
1221 1119 1290 1154 est
1307 1119 1591 1156 annotatum.
1617 1113 1749 1165 Nam,
1770 1119 1819 1154 vt
1841 1127 1918 1155 ex-

283 1187 628 1230 traordinarium
652 1195 720 1231 est
737 1187 935 1230 officium
953 1188 1260 1240 commissarii,
1282 1203 1365 1232 nec
1385 1190 1586 1241 modum,
1606 1203 1690 1233 nec
1710 1190 1916 1245 regulam

282 1265 414 1306 vllam
437 1273 603 1307 certam
629 1266 780 1316 habet,
807 1264 892 1307 nisi
915 1279 1049 1320 quam
1074 1265 1320 1308 constituet
1342 1264 1387 1307 in
1411 1279 1459 1309 re
1476 1265 1701 1321 praesenti
1723 1280 1919 1322 genera·
1978 1300 1993 1308 ,

282 1341 349 1383 lis.
375 1341 532 1397 Itaque
554 1342 611 1383 de
634 1342 926 1385 commissarii
948 1356 1136 1385 casuum
1160 1342 1467 1386 reseruatione
1489 1342 1766 1387 constituere
1784 1351 1916 1400 pote-

284 1418 339 1460 rit
361 1419 601 1475 generalis,
628 1418 703 1460 vbi
725 1418 931 1463 instituet
953 1419 1307 1462 commissarium
1332 1420 1404 1463 vel
1426 1420 1685 1476 generalem
1710 1420 1782 1463 vel
1813 1435 1918 1476 par-

287 1495 537 1539 ticularem.

547 1623 841 1653 INSTRUCTIO
873 1623 963 1653 PRO
992 1623 1335 1653 CONFESSARIIS
1368 1623 1662 1654 NOSTRORUM

373 1729 509 1783 Quod
532 1730 588 1772 ad
611 1728 922 1773 confessiones
944 1729 1121 1780 attinet,
1142 1728 1252 1770 nihil
1270 1742 1454 1772 necesse
1472 1737 1540 1773 est
1557 1729 1709 1773 dicere
1727 1730 1785 1774 de
1803 1730 1920 1773 obli-

282 1805 466 1859 gatione
488 1805 735 1850 confitendi
759 1805 962 1849 mortalia
985 1813 1183 1861 peccata;
1211 1820 1313 1848 nam
1336 1805 1380 1848 id
1402 1810 1471 1851 271
1497 1814 1541 1850 et
1564 1821 1721 1851 omnes
1744 1807 1913 1859 sciunt,

280 1891 324 1924 et
350 1897 584 1938 speramus
607 1883 652 1926 in
674 1883 886 1935 Domino,
911 1898 991 1939 pro
1012 1882 1232 1939 singulari
1254 1882 1352 1926 eius
1375 1883 1657 1939 benignitate
1679 1891 1724 1928 et
1749 1885 1919 1941 gratia,

281 1973 369 2014 qua
394 1959 666 2003 Societatem
691 1960 997 2015 prosequitur,
1028 1960 1252 2003 neminem
1283 1967 1382 2015 post
1411 1960 1756 2005 conuersionem
1785 1976 1916 2005 suam

283 2036 327 2077 in
353 2051 406 2079 ea
430 2037 748 2092 collapsurum.

372 2113 614 2156 Caeterum
639 2115 940 2157 confiteantur
973 2129 1128 2158 omnes
1165 2115 1221 2156 de
1258 2113 1509 2157 venialibus
1546 2114 1761 2169 periculis
1801 2115 1914 2158 inci-

283 2189 420 2233 dendi
444 2190 487 2232 in
514 2198 696 2245 peccata
722 2191 940 2233 mortalia.
1155 2243 1157 2246 Ι

371 2269 439 2310 De
462 2267 601 2309 dubio
624 2256 875 2311 consensus
898 2268 943 2310 in
968 2269 1173 2312 mortale.

370 2345 507 2399 Quod
539 2344 658 2399 passi
690 2344 778 2386 sint
810 2344 1106 2387 tentationem
1129 2345 1375 2399 quamlibet
1407 2346 1503 2389 sine
1535 2346 1718 2403 speciali
1759 2347 1920 2404 displi-

284 2422 449 2464 centia.

371 2501 440 2542 De
465 2498 626 2553 quauis
647 2498 797 2554 specie
821 2498 1041 2551 luxuriae,
1068 2499 1202 2543 etiam
1228 2499 1405 2543 veniali.

369 2578 439 2619 De
462 2589 641 2618 morosa
663 2575 981 2629 delectatione,
1002 2575 1135 2619 etiam
1155 2576 1334 2629 veniali,
1355 2577 1490 2620 etiam
1508 2592 1625 2633 quae
1644 2578 1918 2623 determina-

283 2661 327 2696 ta
353 2667 444 2695 non
469 2653 541 2694 sit.

370 2732 438 2774 De
463 2744 601 2785 parua
624 2728 936 2772 aestimatione
959 2729 1219 2776 venialium.

370 2807 439 2850 De
463 2806 585 2849 omni
609 2805 857 2850 tentatione
879 2806 1064 2859 carnali3
1090 2806 1134 2848 in
1165 2822 1254 2862 quo
1285 2822 1452 2863 genere
1483 2809 1575 2852 fere
1606 2823 1784 2865 semper
1815 2822 1919 2865 pec-

283 2893 434 2927 catum
459 2884 588 2926 inest,

331 3062 345 3077 ³*
398 3063 501 3086 nunc
522 3063 592 3086 mS.
