2028 3426
687 260 1027 295 SUPPLEMENTUM
1040 267 1123 303 -25
1601 258 1671 303 835

94 362 433 412 confirmantur,
458 360 533 403 illo
555 360 815 412 adiuuante,
837 360 1090 403 subiturum
1116 375 1165 403 se
1187 369 1353 414 speret.
1380 361 1506 404 Haec
1530 375 1633 402 cum
1658 362 1720 402 ita

93 439 306 490 habeant,
346 437 585 481 consulere
618 439 786 493 Xpum.
820 436 1129 492 intelligimus,
1163 450 1278 491 quae
1307 437 1719 492 supererogationis

94 523 216 568 sunt3
245 515 316 559 183
339 516 418 558 sed
440 514 502 556 ita
525 515 776 566 consulere,
803 521 850 556 vt
872 528 956 557 nec
980 513 1241 569 praecipiat,
1274 528 1357 556 nec
1385 515 1590 556 consulat
1622 529 1720 557 esse

94 592 381 647 suscipienda
405 599 588 642 temere,
614 592 694 633 sed
717 606 819 633 cum
845 590 1102 633 maturitate
1126 589 1299 632 consilii
1322 598 1366 633 et
1383 590 1544 632 virium
1568 591 1720 646 explo-

94 667 266 710 ratione
295 668 340 709 in
370 667 529 724 spiritu
559 675 604 710 et
634 667 837 710 veritate.
881 669 997 727 Huc.
1022 667 1139 709 enim
1178 674 1399 722 spectant,
1441 681 1558 722 quae
1595 682 1719 710 com-

94 752 355 788 mentantur
378 744 492 787 sacri
515 745 722 786 doctores
746 744 788 785 in
819 758 917 799 cap.
958 756 1005 799 19
1037 743 1268 786 Matthaei.
1298 742 1517 785 Chrisost.
1555 743 1716 798 inquit:

99 822 225 864 «Non
252 835 407 864 omnes
431 820 615 875 capiunt
639 822 823 863 verbum
849 821 984 871 istud,
1012 820 1056 861 id
1085 826 1168 871 est,
1201 834 1291 861 non
1315 834 1472 862 omnes
1500 822 1586 862 hoc
1616 835 1718 875 pos-

94 905 244 940 sunt.»
273 899 328 939 Et
352 897 674 951 Hieronymus:
706 897 821 951 «Qui
847 904 992 952 potest
1017 910 1176 951 capere
1199 896 1361 951 capiat:
1388 896 1718 950 vnusqfflsque,

94 975 255 1029 inquit,
277 974 530 1018 consideret
548 973 665 1016 vires
683 988 803 1025 suas,
825 981 974 1015 Vtrum
995 973 1134 1028 possit
1152 972 1388 1028 virginalia
1407 980 1451 1014 et
1475 972 1720 1027 pudicitiae

95 1052 278 1107 implere
300 1058 556 1106 praecepta3
584 1064 661 1105 per
684 1065 731 1092 se
754 1050 871 1093 enim
897 1049 1079 1092 castitas
1102 1050 1265 1092 blanda
1287 1056 1372 1102 est,
1400 1055 1444 1092 et
1468 1049 1720 1103 quemlibet

95 1129 151 1171 ad
173 1142 221 1170 se
244 1127 459 1178 alliciens;
486 1128 564 1170 sed
588 1126 939 1169 considerandae
957 1134 1062 1168 sunt
1079 1126 1213 1177 vires,
1235 1135 1283 1167 vt
1301 1126 1377 1180 qui
1396 1132 1542 1181 potest
1561 1140 1721 1181 capere

93 1205 283 1260 capiat.»
321 1205 460 1259 Quod
493 1210 537 1247 et
574 1204 743 1245 Paulus
776 1210 943 1246 monet:
976 1210 980 1258 1
1013 1202 1201 1245 «Melius
1234 1210 1317 1254 est,
1354 1202 1514 1256 inquit,
1551 1203 1722 1246 nubere

95 1296 227 1336 quam
251 1281 319 1323 vri
353 1284 408 1325 ’.ο
444 1282 593 1338 (Tho.,
632 1294 667 1323 Ι.
702 1293 742 1331 2,
776 1295 818 1334 q.
860 1281 954 1332 108,
987 1296 1028 1324 a.
1063 1292 1124 1333 2.,
1159 1280 1215 1321 ad
1244 1279 1472 1335 primum.)
1514 1281 1570 1321 Et
1608 1281 1721 1323 haec

95 1358 274 1413 quidem
299 1366 404 1400 sunt
434 1357 478 1399 in
511 1356 709 1400 consiliis
738 1357 963 1407 omnibus,
1005 1356 1047 1398 in
1089 1356 1172 1398 illis
1206 1356 1467 1411 praesertim
1502 1355 1723 1411 primariis

94 1434 328 1486 castitatis,
356 1434 649 1490 paupertatis,
676 1442 721 1476 et
744 1433 1042 1484 obedientiae,
1069 1434 1125 1474 ad
1143 1447 1258 1487 quae
1279 1432 1448 1487 reliqua
1468 1433 1560 1475 fere
1583 1433 1721 1475 redu·

94 1521 272 1554 cuntur.

184 1589 337 1642 Itaque
360 1587 706 1631 indifferentiam
729 1588 784 1630 ad
815 1602 866 1630 ea
896 1600 1091 1642 quoque,
1129 1600 1244 1640 quae
1277 1587 1331 1628 ad
1365 1585 1550 1628 consilia
1585 1585 1721 1640 perti-

96 1672 220 1717 nent,
248 1679 332 1707 nos
361 1665 586 1707 adducere
615 1665 780 1707 debere
809 1664 1042 1715 docemur,
1074 1670 1119 1704 et
1148 1677 1237 1704 non
1267 1662 1417 1704 subito
1450 1663 1518 1704 ad
1538 1677 1591 1704 ea
1623 1676 1722 1704 esse

94 1740 450 1796 irrumpendum,
477 1740 559 1782 nisi
585 1741 750 1784 selecta
784 1746 935 1782 nostra
958 1748 1076 1783 esset
1099 1739 1289 1791 vocatio,
1326 1746 1372 1780 et
1404 1739 1477 1781 cui
1513 1739 1742 1782 resistere·

93 1817 166 1859 vix
190 1831 444 1873 possemus,
472 1817 625 1859 diuino
649 1816 865 1858 instinctu
891 1818 1111 1867 trahente3
1139 1830 1227 1870 quo
1251 1815 1296 1856 in
1325 1830 1495 1870 genere
1525 1829 1607 1857 nos
1631 1822 1722 1856 tra-

95 1894 244 1936 dimus
268 1894 461 1949 primum
486 1895 667 1935 modum
689 1893 975 1944 electionum;
1002 1892 1048 1934 in
1071 1892 1168 1934 aliis
1190 1907 1312 1943 vero,
1339 1892 1413 1933 vbi
1438 1906 1529 1934 non
1563 1892 1720 1946 liquet,

94 1972 233 2026 longe
250 1978 317 2013 est
337 1971 497 2013 melius
515 1970 568 2022 si,
585 1972 810 2025 proposita
823 1969 1136 2020 indifferentia,
1154 1969 1431 2011 voluntatem
1450 1968 1534 2011 Dei
1553 1967 1723 2022 disqui—

94 2062 259 2100 ramus3
286 2062 443 2090 verum
466 2061 519 2089 eo
542 2046 707 2098 animo,
734 2046 791 2091 181
822 2055 838 2070 ³
862 2053 908 2088 vt
937 2060 1229 2100 quocumque
1251 2044 1482 2087 vocauerit
1505 2046 1647 2096 Deus,
1669 2059 1723 2087 eo

95 2139 337 2180 sequamur
368 2138 608 2179 propense,
644 2123 754 2165 illud
786 2123 986 2166 suauiter
1019 2136 1236 2165 amemus.
1275 2123 1427 2176 Atque
1460 2122 1573 2164 adeo
1611 2120 1723 2163 ratio

95 2200 268 2242 consilii
292 2200 337 2241 in
364 2200 625 2242 vniuersum
649 2199 881 2254 propositi,
919 2199 1297 2253 quemadmodum
1330 2196 1594 2253 euangelica
1618 2211 1721 2251 pro-

95 2277 244 2332 posuit
268 2279 433 2331 Xpus.,
460 2276 570 2318 illud
599 2275 739 2319 videri
769 2283 915 2330 potest
947 2275 1191 2326 insinuare,
1228 2273 1593 2328 quandoquidem
1632 2287 1721 2314 non

95 2353 309 2410 singulis,
353 2355 431 2396 sed
468 2353 511 2394 in
554 2353 814 2396 vniuersum
853 2352 1062 2394 omnibus
1099 2358 1426 2406 proponuntur,
1468 2357 1516 2390 vt
1554 2349 1723 2405 singuli

96 2431 335 2473 consulant
360 2430 552 2485 primum
578 2444 684 2471 num
709 2429 765 2472 ad
788 2444 868 2472 eos
891 2428 1126 2470 consilium
1151 2427 1356 2478 attineat,
1377 2427 1497 2480 quod
1517 2434 1585 2469 est
1603 2440 1724 2467 com—
1774 2439 1778 2443 ·

97 2514 273 2561 pertum
298 2507 491 2562 singulis
514 2521 607 2548 non
627 2520 726 2549 esse
749 2505 1041 2560 propositum.

185 2584 259 2626 Ad
283 2585 411 2636 haec,
438 2583 474 2625 si
499 2582 577 2624 tibi
602 2597 694 2624 non
718 2581 1012 2632 satisfaciant,
1038 2595 1153 2635 quae
1175 2579 1267 2621 dixi
1299 2579 1332 2633 ¹³,
1364 2579 1467 2620 vide
1500 2579 1556 2620 ad
1588 2578 1724 2620 finem

97 2659 376 2703 fundamenti
402 2659 510 2713 quid
532 2658 752 2708 dicamus,
778 2657 1155 2711 quemadmodum
1186 2670 1277 2698 rem
1309 2663 1448 2697 totam
1480 2654 1725 2696 concluda—

96 2750 212 2778 mus:
240 2750 292 2778 eo
317 2744 514 2778 nostram
538 2733 884 2777 indifferentiam
914 2741 1134 2788 spectare,
1161 2740 1209 2773 vt
1231 2747 1283 2775 ea
1307 2733 1452 2773 solum
1482 2730 1720 2785 eligamus,

97 2826 150 2854 ea
171 2812 494 2863 desideremus,
522 2826 638 2867 quae
661 2812 923 2853 conducunt
940 2809 1085 2865 magis
1103 2810 1159 2851 ad
1176 2809 1311 2851 finem
1330 2815 1510 2850 nostrae
1529 2805 1723 2849 creatio—

166 2922 184 2939 ἃ
232 2911 489 2946 Emendatum
519 2922 540 2945 a
571 2911 658 2946 Nat.
693 2922 741 2945 ex
773 2922 872 2955 quae
896 2911 942 2944 de
973 2908 1153 2944 consiliis
1183 2908 1282 2943 dixi.
1336 2908 1400 2934 —b
1429 2905 1535 2940 Folia
1571 2903 1725 2939 181-183

96 2969 228 3004 ordine
247 2975 494 3015 praepostero
513 2969 552 3004 in
570 2968 706 3004 codice
725 2969 929 3003 habentur.

168 3052 176 3072 ¹
232 3052 243 3085 1
265 3052 385 3097 Con„
405 3053 541 3097 V11,9.
