2028 3426
324 206 394 241 444
795 189 950 225 pimus
978 186 1221 221 Hmnounu
1249 182 1400 218 NADAL

366 298 477 340 Eam
498 294 798 338 humilitatem
821 299 866 334 et
888 286 1191 333 obedientiam
1219 285 1448 328 adducant
1475 281 1522 325 in
1553 277 1906 328 consultatione,

274 389 396 431 quae
418 373 568 427 faciat,
593 386 683 414 non
707 371 854 413 solum
876 375 925 409 vt
953 380 1086 409 suum
1113 363 1199 420 ipsi
1230 360 1447 405 iudicium
1475 356 1643 402 iudicio
1670 370 1724 400 ac
1751 353 1910 399 defini·

280 452 390 495 tioni
406 450 648 508 superioris
671 446 955 497 submittant,
980 442 1056 485 vbi
1078 440 1246 497 aliquid
1269 437 1509 489 definierit,
1534 436 1614 478 sed
1637 441 1684 476 vt
1706 432 1842 477 etiam
1866 430 1912 473 id
1978 422 2011 496 ’Ἰ

282 529 449 573 faciant
485 542 589 571 cum
628 523 937 568 consolatione
975 521 1020 562 in
1057 518 1311 562 humilitate
1347 528 1510 560 sensus
1532 511 1602 556 sui
1631 511 1678 554 in
1708 508 1913 560 Christo,
1977 505 2011 559 ζ’

281 606 391 649 nihil
429 602 710 647 difficultatis
747 604 1086 643 conseruantes.
1127 594 1250 638 Nihil
1289 602 1438 636 tamen
1476 587 1674 633 obstabit
1711 585 1821 651 quin
1859 585 1916 627 de
1991 579 1994 589 ⁴

281 680 624 727 definitionibus
648 685 873 722 rectorum
893 674 1065 731 possint
1087 673 1144 715 ad
1167 669 1506 728 prouincialem,
1532 667 1589 709 de
1610 664 1747 708 huius
1764 663 1821 705 ad
1838 675 1918 718 ge-

279 760 476 804 neralem
515 758 699 805 referre,
739 761 787 795 vt
826 751 887 794 illi
919 750 1136 793 iudicent.
1172 750 1312 791 Porro
1341 743 1551 801 quamuis
1574 738 1917 785 consultoribus

282 833 624 892 prouincialium
646 838 746 888 post
770 827 1059 886 prouincialis
1080 824 1390 869 definitionem
1413 822 1643 877 integrum
1667 817 1724 861 sit
1747 817 1804 860 ad
1832 830 1916 873 ge-

283 913 481 957 neralem
507 907 810 966 praepositum
829 906 1012 955 referre,
1038 903 1209 946 interea
1232 908 1383 944 tamen
1407 898 1639 941 debebunt
1663 892 1919 951 prouincia-

284 991 339 1032 lis
372 988 589 1031 iudicium
618 1000 701 1028 suo
730 983 972 1040 praeferre;
998 988 1046 1023 vt
1069 979 1250 1035 quando
1273 978 1475 1021 referunt
1498 976 1555 1019 de
1577 988 1631 1018 eo
1653 973 1710 1015 ad
1734 970 1895 1028 prouin
1910 996 1920 1002 -

287 1068 462 1116 cialem,
480 1063 698 1106 iudicium
722 1060 908 1105 rectoris
931 1059 1038 1101 item
1062 1071 1146 1100 suo
1168 1068 1445 1112 praeponere
1463 1051 1535 1097 196
1553 1052 1736 1094 debent.
1758 1049 1921 1103 Neque

289 1144 426 1194 enim,
451 1141 488 1184 si
511 1141 614 1184 licet
638 1138 923 1182 consultores
946 1136 1113 1178 referre
1141 1134 1198 1176 ad
1219 1131 1493 1188 superiores,
1517 1126 1670 1171 licebit
1692 1140 1784 1169 non
1813 1126 1924 1169 obe-

294 1220 389 1263 dire
412 1220 554 1262 donec
580 1218 757 1259 illorum
781 1214 949 1258 sciatur
971 1212 1204 1254 iudicium.

381 1297 586 1340 Caueant
610 1292 892 1336 consultores
922 1305 979 1333 ne
1007 1290 1166 1332 eadem
1195 1293 1418 1342 repetant,
1444 1297 1561 1338 quae
1589 1281 1662 1324 alii
1691 1280 1922 1331 dixerunt,

230 1370 233 1371 ⁷
291 1375 370 1418 sed
393 1371 655 1428 simpliciter
678 1385 728 1414 se
750 1369 902 1412 dicant
925 1367 971 1410 in
990 1380 1146 1411 eorum
1169 1362 1437 1408 sententiam
1458 1361 1540 1405 ire.
1561 1361 1759 1402 Tantum
1783 1357 1924 1400 anim-

290 1440 530 1495 aduertant
559 1449 596 1490 si
626 1447 734 1502 quid
762 1445 901 1490 velint
939 1445 1010 1487 vel
1048 1443 1214 1486 addere
1243 1441 1314 1484 vel
1341 1439 1572 1482 diuersum
1602 1437 1769 1488 dicere,
1801 1442 1847 1479 et
1879 1434 1925 1476 id

294 1529 447 1571 dicant
470 1541 573 1569 cum
598 1524 720 1568 omni
742 1521 962 1566 modestia
985 1522 1030 1563 in
1052 1519 1263 1564 Domino.

382 1606 513 1647 Vnus
534 1618 590 1646 ex
612 1601 737 1658 ipsis,
763 1615 897 1655 quem
916 1599 988 1643 vel
1013 1595 1302 1654 prouincialis
1324 1595 1395 1637 vel
1418 1590 1756 1637 commissarius
1778 1588 1927 1632 nomi-

293 1681 471 1726 nauerit
495 1681 565 1724 vel
588 1678 830 1736 generalis,
857 1684 986 1733 geret
1005 1689 1170 1718 munus
1188 1670 1499 1722 admonitoris,
1520 1684 1614 1713 non
1631 1681 1765 1712 secus
1789 1674 1927 1723 atque

293 1774 427 1802 suum
450 1759 587 1802 habet
617 1755 948 1799 admonitorem
971 1751 1214 1810 generalis.

385 1836 469 1879 His
492 1833 876 1877 admonitionibus
900 1831 962 1874 vti
985 1836 1198 1887 poterunt
1222 1825 1515 1885 prouincialis
1538 1825 1610 1869 vel
1633 1821 1929 1867 commissarii

294 1914 592 1962 cmsultores,
621 1910 706 1954 nisi
745 1910 867 1965 quod
890 1909 1058 1953 referre
1085 1907 1317 1950 debebunt
1339 1906 1396 1947 de
1418 1903 1472 1947 iis
1499 1902 1609 1959 ipsis
1637 1903 1694 1944 ad
1715 1898 1931 1944 commis—

298 1990 465 2033 sarium
489 1989 559 2031 vel
578 1987 853 2044 generalem.

391 2103 461 2147 197
880 2112 1109 2143 OFFICIUM
1149 2109 1481 2140 ADMONITORIS

389 2221 660 2265 Admonitor
683 2221 816 2262 datur
839 2217 1163 2270 commissario,
1188 2215 1560 2273 prouincialibus,
1586 2211 1852 2270 praepositis
1868 2211 1932 2253 lo-

302 2299 493 2351 calibus,
520 2298 772 2341 rectoribus
793 2305 838 2340 et
863 2295 1101 2351 praefectis
1124 2293 1459 2350 probationum,
1485 2306 1589 2335 cum
1613 2297 1682 2335 est
1705 2288 1932 2346 probatio·

301 2377 369 2419 nis
407 2375 570 2418 domus
602 2380 809 2429 separata
833 2388 857 2415 a
886 2371 1095 2427 collegio:
1127 2369 1321 2413 sumitur
1353 2376 1505 2412 autem
1536 2369 1624 2410 hoc
1654 2366 1854 2409 officium
1878 2380 1934 2410 ex
2000 2359 2021 2403 ’.

301 2453 475 2496 ratione
498 2451 638 2494 officii
661 2449 954 2493 admonitoris
978 2447 1221 2504 praepositi
1244 2446 1488 2503 generalis.

394 2529 463 2574 Sit
485 2527 739 2571 admonitor
767 2541 884 2568 vnus
906 2541 959 2570 ex
989 2523 1342 2576 consultoribus,
1361 2537 1458 2571 ‚non
1481 2521 1579 2566 eius
1611 2518 1933 2571 confessarius,

307 2606 381 2650 cui
405 2605 660 2656 adhibetur,
686 2611 733 2646 vt
756 2603 935 2646 liberior
964 2616 1064 2645 esse
1095 2600 1236 2656 possit
1259 2598 1522 2650 admonitiO,
1563 2605 1608 2642 et
1632 2596 1801 2640 versari
1823 2595 1936 2638 faci-

306 2684 393 2727 lius
417 2683 462 2725 in
484 2684 581 2725 foro
604 2681 832 2726 exteriori.

396 2761 640 2814 Nunquam
665 2760 752 2801 hoc
775 2756 925 2800 officio
949 2757 1165 2809 fungatur
1188 2753 1273 2796 nisi
1297 2753 1420 2809 prius
1442 2751 1682 2808 specialem
1711 2752 1812 2794 Deo
1835 2763 1937 2793 ora-

308 2838 478 2880 tionem
503 2838 662 2879 offerat
685 2849 765 2891 pro
788 2848 857 2887 eo,
885 2841 932 2875 vt
950 2831 1189 2887 intelligat,
1215 2831 1378 2874 debeat
1397 2844 1453 2872 ne
1476 2829 1603 2870 illum
1621 2828 1864 2871 admonere
1882 2840 1937 2869 ex

310 2913 481 2956 officio.

399 2989 567 3033 Officio
592 2991 810 3045 fungatur
827 3001 932 3030 cum
950 2985 1101 3029 debita
1118 2983 1337 3028 modestia
1359 2991 1403 3027 et
1422 2981 1694 3033 humilitate,
1723 2989 1940 3035 tanquam
