2028 3426
1811 0 1930 18 ---------

358 268 423 305 138
825 267 979 303 PATms
1006 267 1249 302 Hissnonym
1276 264 1427 300 NADAL

310 374 361 415 P.
388 370 594 428 Ignatius
617 385 721 414 cum
744 377 938 426 quatuor
961 368 1161 424 reliquis,
1188 366 1235 409 hi
1257 375 1275 392 ²
1297 373 1494 423 quatuor
1520 366 1616 410 suis
1643 367 1873 424 suffragiis
1896 371 1946 413 'et
2010 422 2011 428 ἵ

307 447 720 505 subscriptionibus
761 448 1010 503 probarunt
1052 444 1424 496 constitutiones,
1471 451 1567 487 turn
1610 444 1803 496 aeditas,
1849 452 1943 488 tum

307 527 533 570 aedendas
562 541 586 569 a
618 526 670 568 P.
702 524 904 580 Ignati03
937 525 1049 566 haec
1079 536 1191 564 uero
1219 528 1316 566 erat
1344 509 1611 578 pars‘maior
1640 521 1944 578 professorum

306 602 548 647 Societatis
570 617 624 646 eo
654 610 875 657 tempore,
913 599 989 655 qui
1023 598 1266 642 conuocari
1299 606 1484 655 possent
1517 598 1771 651 commode;
1808 613 1957 657 quare¹

308 689 385 722 tua
421 681 556 722 etiam
596 678 882 722 confessione
914 684 1038 720 ratae
1076 683 1211 719 erunt
1249 675 1618 720 constitutiones.
1656 674 1789 719 Adde
1826 676 1965 731 quod

307 772 426 800 anno
461 768 518 812 50
550 756 649 798 illas
683 757 933 812 probarunt
963 753 1052 807 alii,
1079 753 1156 809 qui
1188 760 1482 796 accesserunt
1514 753 1702 796 Romam
1736 752 1965 808 professi,

310 837 361 877 P.
389 833 660 877 Franciscus
683 834 739 875 de
764 831 932 888 Borgia
955 839 1000 875 et
1031 832 1082 873 P.
1117 830 1358 882 Araozius,
1390 836 1625 886 praeterea
1658 831 1750 873 PP.
1783 829 1961 873 Polan—

307 925 405 965 cus,
442 910 613 961 Miona,
650 909 846 962 Obiedo,
882 909 917 951 F
921 907 1111 960 russius,
1139 908 1303 952 Strada
1334 894 1368 960 b,
1401 906 1477 963 qui
1501 921 1605 950 cum
1636 905 1946 963 superioribus

306 1003 399 1030 non
423 988 569 1030 solum
593 994 720 1031 erant
743 986 884 1029 maior
907 1000 1011 1041 pars
1035 986 1362 1041 professorum,
1389 985 1469 1027 sed
1490 985 1585 1027 fere
1615 998 1788 1027 omnes.
1815 982 1956 1027 Adde¹

308 1065 428 1120 quod
452 1079 572 1107 anno
597 1076 650 1118 52
676 1064 773 1106 illas
795 1063 944 1106 edicto
968 1061 1117 1106 Patris
1140 1061 1304 1118 Ignatii
1326 1060 1580 1118 publicauit
1613 1063 1667 1106 P.
1697 1060 1872 1105 Natalis
1899 1060 1945 1104 in

307 1141 540 1198 prouincia
573 1140 774 1192 Siciliae,
808 1148 901 1182 turn
935 1139 980 1182 in
1015 1146 1210 1195 quatuor
1242 1138 1488 1195 prouinciis
1520 1138 1868 1194 Hispaniarum,
1899 1137 1957 1181 in,

304 1218 541 1275 prouincia
565 1217 855 1269 Germaniae,
881 1217 927 1260 in
950 1216 1104 1260 Italiae
1125 1216 1364 1272 prouincia
1387 1215 1506 1260 idem
1531 1215 1640 1258 fecit
1664 1217 1716 1259 P.
1752 1215 1958 1269 Natalis,''

306 1297 462 1339 eadem
492 1294 784 1347 authoritate,
817 1308 936 1337 anno
961 1305 1032 1349 53,
1067 1304 1123 1348 54
1151 1300 1196 1337 et
1230 1303 1299 1348 55.
1326 1295 1567 1337 Praeterea
1589 1300 1698 1335 sunt
1721 1292 1944 1337 constitu-

309 1373 454 1416 tiones
483 1372 796 1427 promulgatae
824 1371 870 1413 in
899 1371 1134 1427 prouincia
1162 1370 1380 1414 Brasiliae
1417 1377 1462 1414 et
1501 1370 1669 1422 Indiae,
1711 1378 1756 1414 et
1794 1370 1839 1412 in
1873 1369 1946 1414 his

307 1449 487 1505 quidem
523 1448 734 1491 omnibus
765 1447 1012 1504 prouinciis
1040 1455 1251 1508 receptae
1279 1455 1387 1491 sunt
1410 1462 1462 1491 ac
1484 1448 1700 1504 probatae
1732 1447 1940 1503 primum,

307 1526 595 1582 postmodum
619 1526 949 1581 promulgatae3
975 1525 1070 1568 sola
1093 1532 1161 1569 est
1184 1524 1301 1569 inter
1323 1539 1482 1568 omnes
1504 1524 1762 1581 prouincias
1785 1523 1944 1568 Socie-

309 1604 411 1646 tatis
433 1603 597 1655 Gallia,
623 1603 668 1645 in
693 1617 784 1658 qua
807 1617 897 1645 non
920 1609 1028 1645 sunt
1050 1603 1380 1658 promulgatae3
1406 1603 1487 1646 sed
1510 1609 1677 1654 tamen,
1698 1601 1776 1657 qui
1792 1615 1849 1645 ex
1869 1601 1948 1665 illa

307 1680 540 1736 prouincia
574 1681 696 1723 solus
728 1680 925 1723 habebat
958 1681 1032 1722 ius
1064 1679 1286 1736 suffragii,
1320 1681 1372 1723 P.
1407 1679 1700 1732 Paschasius,
1732 1679 1831 1723 illas
1859 1693 1957 1722 suo

307 1758 473 1800 calculo
495 1765 631 1812 atque
654 1756 989 1813 subscriptione
1010 1756 1098 1800 iam
1122 1758 1410 1813 probauerat.
1438 1758 1555 1800 Tota
1577 1756 1718 1813 igitur
1739 1755 1943 1801 Societas
1972 1780 1976 1783 >
1999 1778 2001 1785 ⁴

306 1835 516 1890 probauit
538 1849 590 1877 ac
614 1833 784 1890 recepit
806 1833 1157 1877 constitutiones
1180 1841 1317 1889 atque
1340 1849 1421 1890 pro
1443 1833 1686 1878 autenticis
1709 1834 1863 1877 hab'et.

395 1912 467 1954 Ad
491 1913 620 1964 haec,
646 1913 702 1956 de
724 1912 794 1955 his
816 1911 1220 1955 constitutionibus
1241 1913 1291 1954 fit
1314 1911 1483 1956 mentio
1506 1911 1551 1954 in
1574 1912 1697 1954 bulla
1716 1910 1845 1954 Pauli
1863 1909 1955 1962 III,

299 1990 408 2047 Julii
432 1991 504 2041 111,
531 1998 575 2033 et
599 1989 697 2032 aliis
720 1989 880 2033 litteris
903 1989 1180 2045 apostolicis,
1216 1989 1308 2041 vbi,
1344 1988 1571 2040 videlicet,
1606 1989 1748 2031 multa
1775 2001 1942 2032 conce-

305 2068 490 2119 duntur,
517 2066 642 2109 iuxta
666 2068 748 2109 has
771 2066 1136 2118 constitutiones,
1158 2067 1337 2122 agenda
1358 2073 1404 2110 et
1425 2066 1723 2122 disponenda.
1751 2065 1942 2109 Constat

306 2143 445 2198 igitur
475 2159 529 2187 ex
560 2143 870 2199 superioribus
898 2142 1148 2199 legitimam
1177 2144 1345 2186 habere
1367 2142 1688 2186 authoritatem
1719 2126 1954 2185 constitu-

307 2220 467 2273 tiones3
494 2235 633 2275 quare
667 2219 897 2275 legitimus
929 2220 1013 2263 erit
1046 2229 1200 2264 noster
1232 2219 1444 2271 vicarius;
1480 2235 1584 2264 nam
1617 2219 1728 2262 nihil
1756 2218 1942 2276 impedit

307 2296 415 2352 quin
439 2296 634 2339 vicarius
657 2296 729 2348 sit,
757 2311 835 2352 per
860 2296 1010 2339 Patris
1033 2298 1168 2341 etiam
1204 2299 1285 2340 Bo.
1322 2297 1671 2350 contessionem,
1704 2296 1789 2340 nisi
1821 2295 1947 2352 quod¹
1979 2340 1982 2343 ,

306 2373 655 2416 constitutiones
677 2373 909 2429 legitimae
930 2373 1017 2416 sibi
1040 2389 1132 2416 non
1155 2373 1413 2417 uideantur.

395 2450 532 2504 Quod
555 2450 592 2492 si
614 2451 726 2493 haec
751 2465 857 2494 uera
875 2465 966 2493 non
988 2458 1155 2503 essent,
1182 2465 1299 2506 quae
1322 2459 1473 2495 tamen
1496 2458 1603 2494 sunt
1625 2450 1876 2502 uerissima,
1895 2464 1922 2494 e
1949 2482 1952 2487 -

306 2527 488 2582 plenum
518 2541 609 2569 non
643 2527 863 2571 haberent
896 2527 966 2570 ius
1003 2527 1369 2580 constitutiones,
1407 2535 1558 2571 tamen
1597 2527 1688 2571 uirn
1725 2527 1883 2570 statuti
1921 2557 1943 2582 ·.-
1968 2516 1982 2538 ²

306 2603 560 2659 praeposito
582 2604 783 2659 generali
806 2619 895 2647 non
919 2605 1194 2658 amitterent3
1226 2601 1445 2649 statutum
1477 2619 1586 2649 uero
1614 2604 1800 2661 praelati
1828 2603 1920 2661 liga

307 2688 406 2735 post
435 2688 623 2723 mortem
654 2680 787 2724 etiam
815 2680 958 2736 ipsius
987 2697 1076 2724 non
1105 2696 1160 2724 ex
1190 2684 1292 2725 iure
1322 2684 1555 2725 communi
1582 2683 1740 2734 solum,
1775 2681 1852 2724 sed
1884 2695 1943 2725 e.

305 2763 562 2800 nostrorum
580 2759 715 2799 etiam
739 2757 1034 2813 diplomatum
1052 2760 1318 2816 priuilegio,
1342 2760 1388 2802 in
1406 2759 1571 2815 quibus
1588 2760 1679 2802 duo
1696 2761 1807 2802 haec
1824 2747 1916 2815 legi
1935 2797 1938 2803 .

306 2848 421 2876 mus:
448 2833 656 2889 primum,
683 2835 805 2888 quod
822 2834 879 2877 sit
895 2834 1210 2890 cuiuscunque
1227 2836 1397 2892 gradus
1414 2835 1461 2879 in
1479 2835 1707 2881 Societate
1723 2835 1891 2879 iudiciu
1919 2824 1947 2887 ¹ss
1967 2879 1979 2889 γ,

308 3075 500 3121 margine.
