2028 3426
339 219 408 263 614
811 218 963 253 PATms
992 217 1234 253 HiERONYm
1260 217 1412 253 NADAL

294 335 380 373 res;
406 320 611 376 superior
633 320 751 364 enim
775 334 863 362 non
887 319 1022 363 debet
1044 317 1146 361 illos
1169 318 1210 361 in
1237 333 1291 362 eo
1313 318 1548 375 impedire,
1575 319 1621 362 in
1644 306 1735 375 quo
1756 321 1926 363 habent
1978 314 1993 362 s]

294 399 565 442 libertatem.

383 478 463 520 657
493 474 623 518 Multi
653 473 907 529 superiores
946 473 1227 516 subordinati
1262 488 1351 516 non
1385 473 1637 529 impediunt
1668 475 1748 518 sed
1777 474 1929 530 potius
1975 468 1992 523 ζ’

295 547 454 595 iuuant
477 550 871 608 gubernationem,
897 558 942 592 et
964 549 1162 606 quietem
1196 550 1482 593 subditorum
1516 551 1777 606 expediunt.
1811 552 1931 596 Sub·
1987 570 2005 581 -’

298 629 521 671 ordinatio
558 627 675 670 enim
717 627 822 669 facit
859 634 907 669 vt
943 628 1170 683 pendeant
1201 626 1371 683 singuli
1408 642 1434 670 a
1463 640 1550 671 suo
1581 627 1852 681 immediato,
1886 636 1932 672 et

298 721 376 762 per
399 708 520 748 hunc
543 720 699 748 omnes
723 719 747 747 a
770 703 977 748 mediatis
1000 702 1307 760 superioribus
1331 718 1474 759 vsque
1497 705 1555 747 ad
1578 719 1858 761 supremum;
1886 713 1931 749 et
1992 700 2007 709 NJ

300 784 377 825 fiat
400 783 621 826 connexio
644 782 867 836 quaedam
890 788 934 824 et
953 783 1102 824 fluxus
1124 781 1308 837 spiritus
1326 778 1549 825 constans.
1574 782 1755 826 Subditi
1777 791 1930 827 autem

303 862 391 903 hoc
416 862 584 903 habent
608 860 651 902 in
671 873 850 902 omnem
878 865 1095 902 euentum
1129 860 1353 904 leuamen.
1391 861 1507 903 Nam
1539 859 1577 902 si
1610 875 1665 904 ex
1698 859 1937 904 accidente
1975 850 1980 854 ⁴

302 937 451 992 aliqua
490 936 743 980 tentatione
782 935 853 978 vel
891 935 1253 991 perturbatione,
1300 937 1372 979 vel
1411 935 1561 992 aliqua
1599 936 1760 991 quauis
1798 951 1935 980 causa

303 1014 591 1058 offendantur
621 1014 677 1056 de
705 1012 937 1068 superiore
969 1011 1244 1065 immediato,
1284 1013 1455 1056 licitum
1495 1021 1564 1057 est
1596 1013 1661 1057 eis
1699 1027 1933 1058 recurrere

304 1092 360 1133 ad
384 1091 646 1143 mediatum,
680 1097 726 1133 et
754 1089 927 1146 aperire
955 1090 996 1134 ei
1028 1104 1160 1133 suum
1189 1084 1406 1144 animum,
1432 1091 1553 1146 quod
1587 1106 1676 1134 non
1710 1092 1855 1139 solum
1879 1092 1939 1134 de

306 1168 556 1211 rectoribus
578 1175 622 1210 et
646 1163 912 1223 praepositis
934 1167 1152 1210 localibus
1176 1167 1458 1224 intelligitur,
1484 1163 1721 1211 sedetiam
1751 1169 1807 1212 de
1829 1183 1936 1225 pro-

307 1244 593 1289 uincialibuS.

744 1372 805 1401 DE
840 1372 1207 1401 APPELLATIONE
1241 1372 1385 1401 INTER
1419 1372 1510 1402 NOS

398 1476 610 1528 Nomina,
637 1490 753 1531 quae
775 1483 1050 1532 acceperunt
1080 1476 1142 1519 in·
1154 1476 1381 1532 baptismo
1411 1476 1569 1529 nostri,
1602 1492 1660 1521 ne
1688 1484 1939 1530 mutentur,

310 1554 394 1597 nisi
412 1553 503 1597 sint
521 1558 604 1600 658
621 1552 879 1610 gentilium.
897 1554 1185 1611 Cognomina
1199 1561 1348 1597 autem
1369 1555 1551 1609 quando
1569 1569 1657 1597 non
1675 1563 1798 1600 recte
1812 1570 1944 1598 sona-

310 1639 427 1684 rent,
453 1631 617 1674 mutari
639 1639 831 1688 possunt
854 1631 899 1675 in
929 1631 1029 1683 alia,
1056 1645 1171 1687 quae
1193 1638 1346 1676 essent
1369 1632 1440 1675 vel
1462 1646 1517 1675 ex
1550 1639 1677 1688 parte
1709 1632 1850 1688 patris
1872 1633 1943 1677 vel

313 1724 367 1752 ex
394 1716 597 1752 materna
620 1708 827 1765 prosapia
849 1710 1103 1765 desumpta.

405 1786 515 1829 Dari
538 1793 688 1842 potest
712 1801 877 1830 nomen
901 1785 1188 1829 vicerectoris
1211 1785 1361 1838 alicui,
1387 1794 1564 1831 rectore
1586 1777 1806 1830 absente.>

403 1863 660 1906 Ministrum
701 1863 746 1906 in
784 1863 965 1915 Galliis,
1006 1870 1189 1919 propter
1227 1863 1456 1906 infamiam
1497 1863 1691 1907 nominis
1729 1863 1940 1917 ministri,

311 1947 618 1995 comparatam
641 1948 659 1965 ²
681 1954 736 1983 ex
759 1940 1015 1993 haereticis,
1049 1954 1211 1983 vocare
1240 1948 1431 1997 possunt
1460 1940 1727 1997 magistrum
1761 1942 1943 1993 domus,

314 2018 385 2061 vel
410 2016 787 2074 vicerectore[m],
813 2026 862 2061 vt
884 2026 953 2062 est
975 2017 1021 2060 in
1044 2019 1115 2072 4³
1137 2025 1263 2074 parte
1285 2017 1679 2062 constitutionum.

1093 2143 1172 2186 62

1068 2238 1203 2330 Jhiis.

536 2388 627 2417 DEI.
662 2387 795 2417 MODO
829 2388 891 2417 DE
925 2388 1175 2418 PRocssm-:R
1210 2388 1272 2418 DE
1305 2388 1363 2417 LA
1396 2377 1642 2418 COMPANIA
1668 2372 1685 2398 ¹³
1713 2375 1720 2393 ¹

416 2494 450 2523 1.
517 2482 717 2536 Aunque
742 2481 784 2524 el
812 2482 946 2522 modo
974 2482 1030 2524 de
1070 2480 1184 2523 viuir
1222 2481 1278 2525 de
1311 2481 1354 2523 la
1388 2481 1659 2540 Compafiia‚
1702 2486 1874 2535 quanto
1913 2480 1953 2521 al

387 2629 403 2644 ³
453 2620 732 2663 comparatum
753 2627 823 2652 ms.
876 2618 941 2643 —b
969 2616 1043 2652 Hic
1063 2616 1198 2652 titulus
1219 2616 1368 2651 Natalis
1390 2627 1505 2651 manu
1523 2615 1680 2651 additus
1698 2621 1772 2653 est.

393 2737 401 2757 ¹
454 2737 511 2771 Ex
531 2737 758 2782 archetypo,
784 2747 805 2770 a
831 2735 877 2770 P.
902 2735 1080 2781 Jimenez
1111 2734 1272 2782 scripto,
1303 2741 1342 2770 et
1368 2735 1518 2770 Natalis
1545 2745 1660 2770 manu
1688 2733 1897 2769 emendato
1915 2737 1957 2768 et

321 2802 449 2842 aucto,
471 2795 510 2830 in
528 2795 662 2830 codice
687 2795 857 2830 Collecta
873 2797 946 2839 per
965 2795 1013 2831 P.
1034 2793 1236 2834 Natalem,
1259 2793 1359 2829 foliis
1378 2792 1596 2838 346v-34or.
1623 2794 1800 2828 Alterum
1826 2803 1955 2827 exem-

322 2855 427 2899 plum
450 2854 565 2900 hujus
590 2853 849 2899 monumenti,
877 2860 967 2888 ante
999 2853 1149 2888 Natalis
1175 2852 1470 2887 emendationes
1501 2857 1802 2899 transumptum,
1833 2849 1955 2886 edidit

324 2913 365 2947 P.
388 2914 561 2958 Astrain,
581 2924 630 2948 ex
648 2912 783 2948 codice
802 2913 1088 2948 Instructiones
1106 2915 1142 2947 et
1162 2911 1327 2958 regulae
1345 2923 1435 2946 cum
1460 2911 1783 2946 ordinationibus
1808 2911 1858 2946 P.
1877 2909 1957 2944 Na·

322 2972 430 3015 talis,
450 2972 515 3007 fol.
539 2971 618 3015 232,
640 2972 679 3007 in
698 2972 898 3014 Historia,
919 2982 1034 3018 pagg.
1060 2979 1229 3016 197-199.
1250 2971 1335 3005 Hoc
1353 2971 1518 3005 alterum
1537 2971 1761 3016 exemplum
1783 2969 1821 3004 in
1840 2968 1957 3016 priori

325 3037 445 3075 parte,
467 3043 566 3078 quae
585 3022 864 3077 hispanice-est
883 3030 1041 3077 scripta,
1067 3042 1154 3065 cum
1180 3036 1312 3065 nostro
1336 3030 1550 3076 archetypo
1573 3028 1798 3073 concordat,
1823 3025 1971 3075 paucis‘
