2028 3426
707 264 1080 300 INSTRthronEs-
1095 263 1138 298 61
1619 262 1684 308 371

109 367 158 410 id
187 367 367 422 quidem
395 365 521 408 iuxta
548 365 831 421 singulorum
863 366 1059 422 regulas,
1091 360 1136 409 et
1168 364 1368 408 studebit
1403 365 1511 407 dare
1543 365 1736 421 singulis

107 443 370 486 commodas
391 440 712 483 instructiones
736 442 808 484 uel
830 441 1172 485 declarationes.

201 518 428 574 Intelliget
450 516 488 560 si
509 516 633 572 quid,
659 524 760 573 post
782 517 982 560 vltimam
1001 517 1320 568 visitationem,
1342 515 1576 560 venditum
1601 517 1736 559 fuerit

69 593 72 597 ’
103 611 168 639 ex
190 596 325 638 rebus
346 594 602 646 mobilibus,
628 595 699 636 vel
717 594 831 636 forte
852 593 1170 647 immobilibus,
1190 601 1235 637 et
1250 595 1337 635 hoc
1359 607 1525 648 magna
1541 593 1737 649 diligen-

110 671 176 714 tia
196 670 415 726 inquirah

201 747 391 790 Curabit
413 746 547 789 etiam
570 746 840 802 intelligere,
866 746 902 789 si
926 746 1033 801 quid
1055 753 1213 788 mutuo
1242 745 1315 787 vel
1342 746 1628 788 commodato
1657 747 1736 789 de-

105 826 278 869 *derunt
299 824 372 865 vel
395 830 670 878 acceperunt
692 829 908 866 rector-eS.

203 899 419 951 Indicem,
444 913 578 954 quem
600 899 769 941 habent
792 914 939 942 rerum
964 899 1181 952 omnium,
1214 913 1329 954 quae
1356 900 1429 943 vel
1461 898 1583 941 domi
1612 906 1735 950 sunt,

114 977 183 1020 vel
209 976 255 1018 in
278 975 498 1027 sacristia,
524 976 597 1017 vel
619 974 664 1016 in
688 975 894 1027 ecclesia,
920 975 1005 1017 sibi
1027 975 1199 1018 iubebit
1221 975 1439 1027 exhiberi,
1471 974 1545 1017 cui
1567 975 1739 1017 iubebit

106 1053 235 1105 addi,
260 1052 389 1108 siqua
413 1051 613 1094 fortassis
638 1051 820 1103 fuerint,
847 1066 962 1106 quae
985 1051 1029 1093 in
1054 1052 1246 1095 indicem
1276 1053 1457 1094 redacta
1489 1067 1581 1094 non
1613 1059 1737 1103 sunt,

117 1137 163 1173 et
185 1129 334 1184 quoad
354 1128 451 1171 eius
474 1128 570 1171 fieri
592 1127 773 1184 poterit,
806 1128 1064 1171 obseruabit
1091 1144 1147 1171 an
1180 1128 1348 1183 aliquid
1380 1127 1512 1180 desit,
1549 1129 1669 1183 quod
1703 1127 1741 1170 si

106 1205 246 1258 desit,
272 1204 617 1260 intelligendum
640 1212 707 1247 est
732 1219 789 1246 an
813 1219 880 1255 ea,
909 1219 1023 1258 quae
1055 1205 1235 1258 desunt,
1262 1211 1527 1260 consumpta
1550 1204 1656 1256 sint,
1683 1219 1741 1246 an

114 1298 223 1327 vero
244 1282 433 1325 alienata
457 1296 640 1337 quoquo
661 1289 808 1337 pacto.
837 1280 878 1324 Ι7
902 1281 1108 1336 Accipiet
1131 1288 1288 1324 exacte
1317 1281 1534 1323 rationem
1569 1281 1662 1323 dati
1697 1288 1742 1324 et

114 1359 305 1415 accepti,
332 1366 377 1401 et
400 1358 525 1401 dabit
547 1372 747 1414 operam,
772 1365 821 1400 vt
843 1357 1039 1400 rationes
1061 1358 1152 1400 dati
1175 1365 1219 1400 et
1241 1357 1415 1413 accepti
1445 1358 1565 1401 clare
1595 1365 1640 1400 et
1673 1357 1742 1400 di-

110 1436 281 1479 stincte
304 1435 349 1478 in
371 1434 497 1478 libris
521 1435 577 1477 ad
599 1435 687 1476 hoc
710 1433 876 1490 paratis
899 1434 1257 1476 conscribantur.

205 1515 333 1556 Haec
359 1512 510 1554 omnia
539 1525 643 1553 cum
673 1511 984 1554 abseruauerit
1012 1519 1055 1554 et
1086 1511 1388 1563 annotauerit,
1424 1511 1606 1567 colliget
1644 1525 1743 1555 sese

115 1591 176 1633 -ad
205 1605 353 1633 rerum
383 1588 738 1645 dispositionem3
780 1587 824 1630 in
854 1587 1063 1630 omnibus
1100 1595 1274 1641 autem,
1316 1603 1432 1643 quae
1469 1588 1744 1630 videbuntur

112 1681 257 1723 egere
286 1665 606 1709 reformatione
643 1664 807 1719 aliqua,
848 1664 973 1706 iuxta
1005 1664 1223 1708 rationem
1255 1664 1449 1706 instituti
1487 1664 1740 1717 Societatis,

119 1742 398 1799 praescribet
427 1755 543 1796 quae
571 1741 655 1783 sibi
685 1741 962 1784 videbuntur
992 1741 1356 1796 praescribenda,
1397 1740 1614 1783 consultis
1643 1754 1743 1796 pro-

119 1819 329 1870 uinciale,
357 1826 547 1870 rectore,
573 1825 619 1860 et
641 1817 738 1861 aliis
760 1818 1113 1869 consultoribus,
1139 1819 1210 1860 vel
1232 1817 1365 1861 etiam
1395 1817 1677 1870 officialibus,
1709 1817 1746 1860 si
1768 1816 1772 1820 ’

116 1896 180 1938 ita
202 1895 287 1951 ipsi
309 1895 534 1946 videatur,
560 1895 606 1936 in
629 1894 716 1946 his,
743 1909 860 1949 quae
890 1893 973 1949 ipsi
1006 1892 1281 1950 videbuntur
1311 1893 1526 1937 momenti
1555 1893 1746 1936 alicuius

117 1987 233 2024 esse,
270 1979 315 2016 et
343 1972 400 2015 de
427 1971 593 2026 quibus
622 1971 860 2014 consulere
888 1971 1066 2014 debeat.
1100 1971 1226 2013 Haec
1256 1983 1359 2012 curn
1388 1969 1741 2026 praescripserit,

117 2048 422 2092 considerabit
444 2048 606 2090 iterum
631 2047 744 2103 ipse,
768 2055 812 2090 et
841 2046 1115 2098 emendabit,
1148 2048 1185 2089 si
1217 2046 1325 2102 quid
1352 2053 1561 2090 occurret
1590 2060 1740 2090 emen—

112 2125 336 2168 dandum.
368 2124 546 2168 Deinde
576 2123 700 2166 dabit
729 2124 1057 2167 consideranda
1093 2123 1358 2179 prouinciali
1396 2130 1441 2167 et
1474 2123 1658 2175 rectori,
1699 2130 1746 2164 vt

109 2201 258 2244 'libere
281 2202 336 2244 de
368 2200 453 2243 illis
484 2207 715 2254 censeant,
749 2208 793 2244 et
822 2215 1000 2242 rursum
1029 2199 1303 2252 emendabit,
1329 2199 1366 2242 si
1390 2199 1497 2254 quid
1520 2199 1742 2251 videatur3

112 2292 235 2333 »quae
271 2292 375 2320 cum
407 2277 581 2329 fecerit,
617 2277 691 2320 illa
722 2276 1075 2319 communicabit
1112 2276 1376 2332 prouinciali
1406 2284 1451 2319 et
1484 2276 1663 2327 rectori,
1701 2284 1745 2318 et

120 2354 293 2397 iubebit
321 2353 362 2398 18
385 2353 563 2408 exequi3
590 2353 664 2396 illa
686 2352 966 2409 praesertim,
1000 2368 1115 2407 quae
1143 2353 1344 2408 generali
1370 2352 1626 2408 praeposito
1654 2368 1744 2395 non

118 2438 255 2475 erunt
281 2437 525 2474 reseruata.
552 2431 691 2485 Quod
714 2430 750 2472 si
773 2429 869 2485 ipse
892 2438 1045 2485 posset
1068 2430 1303 2472 commode
1333 2444 1432 2473 esse
1463 2444 1678 2485 praesens
1699 2429 1744 2470 in

117 2507 297 2550 illarum
322 2521 472 2549 rerum
502 2505 822 2562 exequutione,
855 2520 971 2560 quae
1000 2505 1274 2549 constitutae
1302 2513 1451 2557 erunt,
1484 2505 1594 2547 illud
1627 2512 1745 2548 esset

121 2584 281 2628 melius
304 2591 350 2627 et
373 2583 628 2640 optabilius3
655 2583 777 2637 quod
799 2582 836 2625 si
854 2597 944 2624 non
966 2582 1123 2638 possit,
1148 2582 1271 2625 dabit
1292 2582 1538 2638 negocium
1561 2581 1743 2636 prouin-

114 2661 220 2703 ciali
243 2669 287 2704 et
317 2660 497 2711 rectori,
523 2669 570 2701 vt
593 2659 742 2702 omnia
764 2659 1034 2702 mandentur
1056 2658 1363 2713 exequutioni,
1395 2672 1443 2700 se
1468 2659 1668 2709 absente,
1701 2665 1745 2700 et

120 2738 317 2781 referant
338 2751 419 2792 per
440 2736 592 2780 literas
615 2736 669 2778 ad
693 2735 839 2791 ipsum
863 2735 984 2790 quod
1007 2735 1174 2778 fuerint
1197 2734 1389 2778 executi.
1417 2734 1555 2788 Quod
1578 2732 1614 2775 si
1638 2733 1745 2787 quid

121 2820 377 2857 occurreret
408 2811 691 2868 prouinciali,
727 2812 814 2864 vel,
841 2813 929 2854 hoc
953 2812 1155 2863 absente,
1181 2810 1360 2863 rectori,
1394 2810 1439 2851 in
1477 2808 1745 2853 executione

120 2890 233 2945 ipsa,
259 2889 380 2945 quod
402 2888 628 2930 difficilius
656 2887 879 2939 videatur,
912 2888 983 2931 vel
1013 2887 1206 2941 aliquam
1236 2885 1648 2928 incommoditatem
1672 2899 1743 2927 se-

120 2979 223 3007 cum
255 2966 479 3008 adducere
501 2963 745 3016 videretur,
771 2964 905 3019 pleno
933 2962 1099 3005 iudicio
1138 2962 1321 3005 rectoris
1354 2969 1398 3003 et
1436 2961 1743 3003 consultorum

118 3041 513 3097 ¹(quemadmodum
536 3039 582 3082 in
604 3039 700 3083 aliis
723 3039 901 3095 scriptis
923 3028 1200 3095 dictumest)
1231 3037 1383 3081 licebit
1415 3036 1576 3081 rectori
1604 3036 1744 3080 inter-
