2028 3426
357 220 428 257 608
830 222 983 256 PA‘rms
1009 221 1252 257 HJERONYMl
1280 220 1429 257 NADAL

310 331 460 366 autem
486 339 564 366 vas
588 339 724 366 vnum
751 324 859 374 vini,
880 330 925 366 et
947 337 1091 378 aquae
1109 323 1315 373 alterum,
1342 337 1422 378 pro
1441 322 1600 375 tribus;
1621 331 1666 366 et
1688 324 1893 366 locentur
1917 340 1941 367 e

311 399 498 457 regione
521 401 619 443 eius
641 417 695 444 ex
720 402 879 450 tribus,
906 399 981 454 qui
1005 399 1051 441 in
1075 399 1223 442 medio
1245 400 1389 443 sedet.

397 477 448 520 In
473 478 712 522 refectorio
735 476 988 520 inseruiant
1010 476 1288 520 scholastici.
1317 478 1538 519 Poterunt
1566 477 1700 521 etiam
1732 478 1942 532 frequen-

310 555 399 598 tius
432 554 634 598 adhiberi
674 553 850 605 nouitii,
890 553 927 596 si
965 553 1041 609 qui
1080 553 1125 595 in
1165 553 1358 609 collegio
1396 555 1725 609 probabuntur,
1767 562 1943 610 praeter

307 647 429 684 eum,
456 632 531 687 qui
557 631 779 674 refectorii
804 645 957 674 curam
984 631 1122 674 habet
1144 638 1190 674 et
1211 630 1311 674 eius
1333 631 1578 683 adiutores,
1604 630 1680 686 qui
1699 640 1806 674 sunt
1821 631 1942 674 ordi—

309 709 419 752 narii
446 708 635 751 ministri
655 722 852 760 mensae;
874 707 1218 751 extraordinarii
1237 723 1346 751 vero
1366 716 1597 751 mutentur
1616 723 1698 764 pro
1722 717 1938 764 tempore,

306 787 426 842 quod
452 786 706 841 superiores
730 784 1047 828 iudicauerint.

397 864 466 908 Sit
488 878 605 905 vnus
629 863 672 904 in
697 862 839 919 prima
862 877 1019 906 mensa
1047 869 1093 905 et
1122 863 1235 905 alter
1263 862 1307 904 in
1339 861 1425 914 2.²²‚
1458 862 1534 917 qui
1573 862 1750 905 dicatur
1781 877 1940 906 censor

307 956 580 993 mensarum,
607 947 743 996 atque
766 939 839 982 hic
863 939 1015 983 videat
1038 939 1075 982 si
1099 939 1208 994 quid
1231 939 1363 993 desit;
1390 939 1631 996 praecipue
1650 954 1758 984 vero
1781 941 1938 984 obser-

307 1026 383 1062 uet
405 1033 538 1073 quem
563 1018 747 1060 modum
771 1017 814 1059 in
835 1017 1117 1061 comedendo
1135 1017 1296 1059 fratres
1314 1023 1515 1068 seruent,
1536 1031 1593 1059 an
1611 1016 1781 1072 aliquid
1799 1026 1937 1073 agant

306 1096 423 1138 inter
446 1095 796 1146 comedendum,
825 1095 946 1150 quod
969 1093 1119 1136 minus
1141 1095 1320 1146 deceat,
1345 1109 1400 1135 an
1425 1094 1668 1136 comedant
1685 1107 1787 1136 cum
1811 1109 1936 1137 vora-

302 1173 453 1224 citate,
480 1187 535 1214 an
566 1171 861 1215 immoderate
889 1170 1044 1213 vinum
1074 1170 1247 1223 bibant,
1279 1170 1371 1215 644
1405 1186 1461 1213 an
1496 1178 1653 1226 potent
1685 1185 1846 1226 aquam
1882 1187 1935 1216 ex

303 1264 409 1293 vase
432 1249 545 1305 ipso:
573 1248 769 1304 denique
798 1249 855 1291 sit
884 1263 1039 1291 earum
1071 1262 1221 1291 rerum
1252 1249 1535 1300 obseruator,
1570 1262 1682 1303 quas
1712 1249 1935 1291 constitu-

302 1327 446 1369 tiones
469 1327 677 1382 exigunt,
702 1327 789 1368 hoc
811 1333 896 1368 est:
922 1333 970 1368 vt
999 1339 1103 1368 cum
1134 1325 1446 1381 temperantia,
1484 1327 1740 1376 honestate,
1778 1333 1822 1368 et
1855 1328 1933 1369 de·-

263 1442 266 1445 ,
301 1403 449 1446 centia
473 1403 651 1447 interna
674 1410 953 1458 externaque
975 1402 1105 1457 cibus
1128 1410 1348 1445 sumatur.
1376 1403 1533 1457 Itaque
1552 1402 1596 1444 hi
1615 1404 1934 1447 obseruatores

300 1479 493 1536 singulis
524 1480 885 1523 hebdomadibus
914 1488 1148 1522 mutentur
1176 1480 1232 1522 ad
1265 1479 1455 1534 primam
1495 1486 1540 1523 et
1579 1487 1674 1521 2.²²¹¹¹
1713 1494 1930 1532 mensam,

299 1556 375 1612 qui
399 1566 578 1613 praeter
599 1556 644 1599 id
668 1571 852 1609 munus,
878 1557 999 1612 quod
1028 1556 1200 1599 dictum
1229 1564 1314 1607 est,
1351 1555 1485 1600 etiam
1520 1570 1599 1599 eos
1631 1555 1930 1608 adiuuabant,

299 1633 374 1689 qui
400 1633 638 1677 refectorio
662 1632 934 1686 ministrant,
961 1632 1005 1675 in
1029 1633 1165 1675 rebus
1189 1632 1453 1689 praesertim
1477 1632 1861 1685 extraordinariis,
1888 1634 1931 1676 in

298 1711 464 1766 quibus
488 1713 680 1754 fortasse
703 1718 892 1753 erratur.
927 1710 1244 1766 Intelligantur
1268 1712 1378 1753 haec
1402 1710 1446 1752 in
1470 1710 1765 1765 amplioribus
1793 1712 1931 1753 colle—
1984 1733 1987 1737 ·

297 1788 399 1844 giis3
426 1788 468 1830 in
494 1788 592 1831 aliis
616 1795 830 1844 poterunt
853 1803 953 1832 esse
982 1802 1210 1840 censores,
1245 1787 1320 1843 qui
1351 1802 1533 1831 mensae
1563 1787 1833 1840 inseruiunt3
1860 1790 1931 1830 vel

296 1866 430 1909 etiam
453 1865 615 1920 aliquis
643 1881 696 1909 ex
727 1865 814 1917 his,
841 1865 917 1920 qui
941 1865 1204 1918 comedunt3
1237 1865 1308 1907 vel
1337 1864 1389 1917 is,
1423 1864 1500 1919 qui
1534 1865 1705 1920 primus
1726 1866 1854 1907 sedet
1887 1865 1929 1907 in

297 1957 468 1986 mensa.

382 2019 470 2062 Vbi
495 2027 704 2074 sumptus
731 2027 800 2063 est
829 2019 974 2071 cibus,
1012 2028 1263 2075 apponatur
1296 2019 1418 2064 senis
1451 2020 1522 2062 vel
1556 2019 1691 2061 etiam
1724 2019 1931 2075 pluribus

294 2097 550 2151 quibusque
574 2096 726 2140 discus
750 2112 883 2149 vnus,
909 2105 956 2139 vt
980 2096 1149 2153 singuli
1175 2096 1327 2147 micas,
1360 2110 1477 2151 quae
1505 2104 1610 2139 ante
1638 2096 1784 2152 ipsum
1817 2096 1927 2138 resi-

295 2174 411 2216 duae
437 2173 619 2224 fuerint,
647 2174 690 2215 in
715 2173 838 2215 illum
869 2173 1128 2226 conficiant,
1160 2181 1204 2216 et
1227 2174 1348 2228 quod
1381 2181 1486 2216 ante
1519 2187 1567 2216 se
1600 2173 1735 2216 fuerit
1756 2172 1927 2215 mantili

296 2251 498 2292 mundet.

383 2328 520 2382 Quod
552 2326 780 2370 residuum
813 2328 946 2371 fuerit
968 2342 1023 2370 ex
1046 2328 1329 2384 portionibus
1357 2332 1440 2373 645
1466 2328 1711 2379 fructuum,
1738 2327 1924 2383 colliga-

293 2412 380 2446 tur.
409 2403 570 2446 Carnis
593 2403 727 2446 etiam
750 2412 794 2446 et
819 2404 948 2459 panis
973 2405 1182 2456 frustula,
1208 2404 1415 2447 absoluta
1438 2418 1609 2457 mensa,
1637 2404 1681 2445 in
1704 2404 1854 2455 ollam,
1881 2412 1925 2447 et

292 2481 413 2536 quod
437 2480 660 2535 reliquum
687 2481 823 2522 fuerit
852 2482 984 2534 offae,
1011 2480 1311 2524 coniiciantur
1340 2495 1419 2536 pro
1449 2480 1740 2537 pauperibus.
1772 2481 1924 2535 Atque

290 2560 401 2601 haec
426 2557 768 2600 committantur
791 2558 970 2600 duobus
994 2557 1222 2609 fratribus,
1249 2557 1325 2612 qui
1349 2557 1423 2600 illa
1451 2557 1668 2613 colligant
1697 2564 1742 2600 et
1769 2556 1923 2599 distri-

290 2636 432 2677 buant
455 2634 500 2677 in
525 2648 763 2690 paupereS,
792 2641 836 2677 et
866 2633 1126 2689 priusquam
1159 2635 1283 2686 dent,
1311 2634 1496 2678 iubeant
1526 2648 1603 2677 eos
1636 2633 1830 2688 aliquam
1855 2648 1921 2677 re-

287 2712 426 2755 citare
450 2711 718 2764 orationem,
743 2718 822 2752 aut
844 2711 1058 2766 paulatim
1089 2712 1283 2753 doceant
1312 2725 1390 2755 eos
1419 2711 1668 2753 doctrinam
1707 2709 1919 2753 christia-

289 2803 409 2841 nam,
436 2788 520 2831 nisi
546 2788 713 2831 fuerint
736 2788 847 2830 tales
871 2802 1104 2843 personae,
1131 2801 1232 2830 cum
1258 2787 1422 2842 quibus
1446 2802 1537 2830 non
1562 2787 1624 2829 ita
1647 2786 1720 2843 agi
1744 2800 1890 2831 conue
1911 2812 1918 2817 ·

286 2865 393 2907 niat.
422 2867 589 2907 Totum
615 2873 766 2907 autem
790 2865 876 2906 hoc
905 2863 1072 2906 iudicio
1095 2863 1338 2919 superioris
1360 2864 1426 2906 fit:
1453 2865 1638 2919 duoque
1663 2863 1735 2906 isti
1759 2865 1920 2907 fratres

286 2941 478 2995 singulis
501 2940 799 2985 hebdomadis
828 2940 992 2983 mutari
1023 2948 1234 2996 poterunt
1257 2950 1290 2983 ¹¹.
1331 2941 1505 2984 Caueat
1533 2948 1684 2982 autem
1714 2939 1918 2996 superior

354 3042 368 3055 -··
421 3012 767 3076 Qi1ae⁷⁴'sequuntur
788 3041 909 3076 usque
928 3029 975 3064 ad
994 3029 1109 3064 finem
1129 3029 1244 3064 huius
1263 3029 1367 3065 tituli
1386 3029 1579 3076 posterius
1597 3029 1727 3064 addita
1745 3028 1915 3064 fuerunt.
