2028 3426
354 198 423 234 424
827 189 981 224 PATRIS
1007 185 1255 221 Hmnonnn
1282 187 1316 222 N
1320 196 1431 224 Amr„

310 308 415 338 vero
439 295 705 340 scribendae
728 302 850 347 sunt,
876 295 920 337 in
945 295 1110 350 quibus
1133 295 1325 336 multum
1347 300 1415 338 est
1438 293 1671 346 momenti,
1692 295 1764 337 vel
1786 308 1943 338 emen-

309 371 504 415 dationis
527 387 630 429 spes
659 387 752 415 non
780 379 980 427 apparet,
1006 372 1078 416 vel
1101 372 1221 414 vnde
1245 370 1319 414 145
1342 370 1592 427 periculum
1617 372 1815 415 timetur.
1852 371 1943 416 Sed

308 449 364 492 ad
385 450 471 491 hoe
494 456 669 492 secreto
692 449 938 503 agendum,
971 449 1188 490 Vtendum
1218 447 1352 492 etiam
1381 446 1466 490 erit
1495 446 1721 503 aliquibus
1751 447 1938 504 ciphris‚

310 533 357 567 vt
380 525 553 569 dicunt,

398 645 472 690 146
610 660 670 689 DE
704 658 988 688 SUFFRAGIIS
1027 659 1155 696 QUAE
1194 658 1447 689 PRAECIPIT
1479 658 1712 689 soeissTAs

397 761 503 814 Quo
525 758 597 800 die
626 766 643 783 ἃ
665 759 798 800 datur
825 756 1006 813 collegii
1032 756 1274 813 possessio,
1302 756 1518 800 celebrari
1541 758 1677 801 debet
1702 772 1791 802 una
1824 759 1943 804 sole-

309 836 425 878 mnis
465 835 599 878 missa
631 848 755 878 more
788 841 942 876 nostro
976 848 1055 890 pro
1087 835 1328 877 fundatore
1360 833 1467 876 viuo
1499 841 1545 877 et
1577 835 1943 878 benefactoribus

309 912 440 955 viuis.

398 990 569 1031 Eodem
594 989 666 1031 die
690 988 849 1043 reliqui
872 987 1052 1044 collegii
1075 988 1334 1032 sacerdotes
1358 1002 1439 1043 pro
1457 987 1625 1031 eisdem
1650 1002 1756 1030 suas
1785 987 1944 1036 missas

310 1067 621 1119 celebrabunt,
647 1066 812 1110 deinde
834 1065 904 1108 bis
927 1064 1238 1121 vnusquisque
1260 1064 1476 1120 proximis
1505 1064 1666 1108 diebus
1698 1065 1943 1109 celebrabit

313 1157 391 1198 pro
413 1143 599 1187 eisdem.

399 1220 605 1276 Singulis
627 1228 858 1276 praeterea
883 1219 1179 1263 hebdomadis
1201 1219 1341 1263 semel
1364 1234 1453 1262 vna
1470 1219 1606 1263 missa
1623 1219 1841 1262 celebrari
1859 1220 1943 1263 de-

310 1297 386 1341 bet
410 1312 489 1353 pro
514 1298 753 1341 fundatore
777 1304 821 1341 et
843 1295 1212 1341 benefactoribus
1235 1295 1352 1338 viuis
1375 1303 1419 1339 et
1442 1295 1683 1339 defunctis.

396 1374 528 1417 Initio
550 1374 772 1418 mensium
802 1374 1088 1430 singulorum
1116 1373 1258 1417 semel
1285 1372 1454 1430 singuli
1493 1373 1753 1417 sacerdotes
1783 1372 1943 1416 missas

309 1452 604 1495 celebrabunt
625 1466 707 1507 pro
731 1451 917 1495 eisdem.

401 1528 609 1584 Singulis
636 1528 771 1572 etiam
802 1528 949 1580 annis,
983 1542 1074 1583 quo
1103 1527 1174 1570 die
1204 1527 1369 1570 tradita
1401 1535 1469 1570 est
1507 1527 1732 1583 possessio
1761 1527 1944 1583 collegii

308 1605 540 1659 Societati,
567 1605 871 1648 celebrabitur
893 1620 983 1648 vna
1005 1604 1142 1648 missa
1160 1604 1390 1657 solemnis,
1417 1612 1462 1671 et
1485 1619 1510 1647 a
1531 1604 1716 1660 reliquis
1738 1606 1942 1654 sacerdo-

308 1684 427 1726 tibus
450 1697 560 1726 suae
583 1697 664 1738 pro
689 1683 930 1725 fundatore
948 1689 994 1726 et
1015 1681 1401 1726 benefactoribus.

394 1756 500 1809 Quo
523 1753 595 1796 die
635 1753 887 1796 fundatoris
915 1767 1038 1796 mors
1067 1752 1364 1809 intelligetur,
1391 1752 1464 1797 147
1489 1767 1648 1797 omnes
1682 1753 1943 1798 sacerdotes

307 1831 485 1886 collegii
523 1845 604 1886 pro
633 1830 752 1873 illius
783 1829 932 1872 anima
969 1829 1287 1882 celebrabunt;
1323 1830 1491 1874 addent
1529 1829 1699 1886 singuli
1729 1830 1943 1886 proximis

308 1907 469 1952 diebus
492 1908 605 1950 duas
629 1907 790 1950 missas
813 1907 869 1950 ad
899 1907 1033 1951 idem.

397 1987 452 2027 Et
476 1987 589 2028 haec
612 1984 795 2039 quidem
820 1984 944 2027 dicta
967 1991 1074 2047 sunt
1105 1999 1186 2039 pro
1214 1984 1408 2040 singulis
1435 1984 1655 2040 collegiis,
1683 1985 1806 2040 quod
1834 1985 1942 2028 atti-
1982 1986 1988 1992 '

309 2070 385 2105 net
408 2063 464 2104 ad
488 2067 615 2104 suam
642 2061 972 2105 fundationem.

396 2140 444 2181 In
468 2138 566 2182 aliis
590 2153 696 2182 vero
719 2138 924 2194 collegiis
946 2146 991 2182 et
1013 2139 1225 2183 domibus
1247 2139 1474 2192 omnibus,
1501 2154 1591 2195 quo
1606 2139 1685 2183 -die
1713 2139 1942 2197 intellige-

307 2224 380 2257 tur
403 2230 458 2258 ex
483 2217 618 2258 Patre
641 2215 857 2271 generali,
879 2216 951 2257 vel
974 2230 1027 2258 ex
1051 2230 1135 2258 suo
1159 2215 1440 2271 prouinciali,
1462 2231 1562 2261 esse
1585 2217 1737 2260 datam
1761 2231 1940 2272 posses-

307 2292 478 2335 sionem
508 2292 699 2335 alicuius
731 2292 911 2348 collegii
950 2292 1191 2346 Societati,
1226 2292 1444 2349 incipient
1482 2293 1650 2350 singuli
1684 2295 1943 2338 sacerdotes

306 2371 534 2413 celebrare
558 2377 647 2412 tres
680 2369 840 2412 missas
861 2383 941 2424 pro
966 2370 1206 2413 fundatore
1228 2377 1273 2414 et
1301 2370 1669 2414 benefactoribus
1701 2370 1822 2413 illius
1851 2372 1942 2413 eol-

308 2446 431 2504 llegii
455 2446 572 2489 viuis
595 2454 639 2490 et
663 2445 892 2490 defunctis
915 2444 947 2488 ¹³.

394 2524 517 2568 Idem
553 2524 779 2566 curabunt
816 2522 913 2565 fieri
951 2523 1204 2579 superiores
1241 2525 1297 2565 ab
1337 2523 1390 2566 iis
1412 2558 1420 2576 ‚
1458 2524 1532 2579 qui
1578 2531 1704 2569 extra
1746 2525 1941 2581 collegia

309 2611 444 2646 erunt
465 2601 538 2643 vel
560 2601 734 2643 domos.

398 2679 503 2734 Quo
527 2677 661 2722 etiam
686 2677 759 2720 die
783 2676 1026 2719 resciscent
1050 2684 1279 2720 mortuum
1304 2692 1404 2721 esse
1437 2679 1722 2722 fundatorem
1747 2678 1940 2722 alicuius

305 2754 502 2811 collegii,
529 2737 744 2809 incipient
763 2752 931 2808 singuli
955 2753 1214 2797 sacerdotes
1239 2753 1377 2796 totius
1400 2754 1641 2798 Societatis
1666 2763 1756 2799 tres
1780 2755 1940 2798 missas

307 2832 537 2876 celebrare
561 2845 640 2886 pro
664 2829 812 2872 anima
832 2829 1100 2872 fundatoris.

376 2950 392 2965 (ι
443 2939 484 2973 ln
506 2937 692 2983 margine:
720 2937 778 2972 Ex
798 2937 850 2974 I.⁰
868 2939 954 2983 cap.
981 2943 1069 2980 4⁰2
1090 2936 1224 2983 partis
1238 2937 1391 2974 constit.
1447 2939 1512 2964 —b
1540 2938 1647 2973 vinis
1665 2941 1701 2974 et
1721 2938 1939 2985 benefacto-

312 2997 421 3031 ribus
441 3008 511 3031 ms.
