2028 3426
303 215 372 252 282
781 214 934 250 PATms
962 214 1204 248 HrsRONYffl
1231 211 1383 247 NADAL

347 319 523 361 Docere
546 332 636 361 non
661 317 825 374 poterit
855 318 906 359 Ρ.
939 314 1157 366 Victoria,
1191 321 1373 370 propter
1402 313 1736 369 occupationes:
1773 316 1895 370 quod

253 394 290 437 si
313 396 400 439 hae
423 409 514 437 non
538 394 823 451 impedirent,
852 408 940 435 non
970 392 1201 447 praeleget
1231 398 1381 435 tamen
1410 390 1454 433 in
1485 392 1651 436 scholis
1680 392 1893 449 publicis,

251 472 331 514 sed
350 471 500 528 potius
517 471 637 514 domi
656 471 699 513 in
719 470 884 513 scholis
904 468 1116 511 fratribus
1134 468 1190 511 ad
1208 467 1408 511 iuuanda
1425 482 1581 511 eorum
1600 469 1765 512 studia.
1787 471 1893 514 Non

251 549 375 604 leget
405 556 572 600 tamen,
606 548 688 591 nisi
720 547 845 604 prius
875 547 1082 589 consulat
1111 546 1387 602 generalem,
1419 554 1463 588 et
1492 545 1555 588 illi
1583 546 1812 603 significet
1844 563 1896 591 se

250 626 421 682 absque
445 625 718 668 detrimento
742 624 928 666 aliarum
953 622 1304 678 occupationum
1327 637 1461 678 posse
1483 623 1651 679 legere.

339 703 430 746 Sed
450 710 616 753 tamen,
637 703 672 744 si
692 700 860 756 aliquid
878 707 996 743 esset
1014 699 1097 756 ipsi
1115 699 1210 754 otii,
1231 700 1352 755 quod
1371 699 1629 745 ministeriis
1647 701 1896 746 Societatis

248 779 457 823 addicere
480 778 636 835 possit,
662 777 871 820 iuuandis
893 776 1065 820 scilicet
1090 776 1319 830 fratribus,
1346 783 1440 818 tum
1460 777 1595 820 etiam
1614 777 1813 822 externis
1832 779 1891 821 ad

250 855 480 911 pietatem,
508 870 597 897 non
623 862 691 898 est
713 855 834 909 quod
858 853 983 896 illum
1007 854 1292 899 admoneam.

338 933 468 987 Quae
507 933 562 976 de
601 934 685 974 hac
724 930 1023 974 instructione
1060 930 1180 974 dicta
1217 938 1339 983 sunt,
1381 931 1439 974 ita
1479 939 1587 974 sunt
1625 931 1890 988 accipienda

251 1011 301 1052 P.
328 1008 576 1062 Victoriae,
602 1005 796 1064 primum
820 1014 868 1049 ut
891 1007 936 1050 in
960 1007 1046 1050 illis
1068 1022 1162 1051 non
1185 1008 1380 1064 pendeat
1408 1023 1462 1052 ex
1492 1008 1652 1051 iuditio
1684 1008 1887 1061 alterius,

246 1100 380 1141 quam
414 1085 638 1142 generalis
667 1084 925 1140 praepositi,
957 1085 1032 1129 uel
1060 1099 1177 1138 meo,
1209 1086 1354 1129 donec
1376 1100 1477 1129 sum
1500 1085 1543 1128 in
1568 1085 1816 1130 Germania
1842 1094 1893 1130 et·

247 1177 334 1205 non
360 1163 545 1219 perueni
570 1162 852 1215 Tridentum,
881 1169 1030 1205 tamen
1054 1162 1098 1204 in
1123 1163 1258 1205 rebus
1280 1162 1487 1218 agendis,
1513 1163 1570 1207 de
1599 1162 1766 1218 quibus
1799 1177 1894 1219 ego

247 1240 547 1295 particulatim
571 1239 739 1295 aliquid
763 1239 1044 1295 praescripsi,
1070 1239 1107 1282 si
1130 1239 1239 1295 quid
1261 1239 1322 1281 illi
1347 1239 1610 1292 occurrerit,
1643 1247 1890 1295 antequam

245 1331 333 1372 ego
356 1316 603 1368 discedam,
630 1315 789 1360 melius
806 1316 851 1359 id
873 1315 984 1358 mihi
1007 1316 1251 1373 significet.
1276 1318 1376 1360 Hoc
1400 1317 1535 1362 etiam
1557 1317 1741 1372 quando
1762 1317 1884 1361 fece-

247 1393 316 1445 rit,
344 1393 379 1435 si
404 1393 511 1448 quid
534 1393 686 1447 etiam,
713 1409 782 1437 me
804 1395 1007 1446 absente,
1033 1393 1095 1436 illi
1120 1394 1328 1438 uideatur
1350 1394 1526 1448 melius,
1547 1394 1758 1437 consulto
1778 1409 1886 1450 pro—

247 1470 442 1522 uinciali,
482 1471 519 1514 si
558 1471 691 1522 adsit,
733 1471 806 1515 uel
843 1478 1017 1515 rectore
1054 1470 1251 1527 collegii,
1292 1471 1370 1514 ubi
1405 1471 1560 1523 fuerit,
1602 1478 1647 1515 et
1680 1486 1753 1516 res
1790 1486 1887 1515 non>

243 1547 471 1602 patientur
501 1562 690 1601 moram,
723 1555 772 1590 vt
800 1549 1036 1592 consulere
1064 1563 1135 1592 me
1167 1548 1241 1591 uel
1273 1549 1532 1604 generalem
1563 1547 1689 1605 prius
1723 1548 1882 1604 possit,

242 1639 344 1667 cum
369 1625 516 1681 gratia
533 1625 618 1669 Dei
637 1633 904 1681 exequetur,
926 1626 1047 1682 quod
1065 1624 1150 1668 sibi
1168 1624 1328 1669 melius
1347 1625 1591 1668 uidebitur.
1614 1625 1663 1670 Si
1684 1639 1792 1669 uero
1811 1639 1886 1668 res

242 1716 412 1745 moram
435 1702 648 1758 patiatur,
675 1703 884 1745 consulat
906 1702 1030 1758 prius
1053 1717 1123 1746 me
1148 1703 1218 1745 uel
1243 1703 1519 1759 generalem.

329 1780 574 1834 lmpensas,
601 1794 713 1835 quas
736 1779 870 1823 faciet
894 1781 948 1824 P.
974 1779 1191 1831 Victoria,
1218 1779 1318 1835 quis
1341 1779 1397 1822 sit
1419 1780 1668 1832 soluturus,
1695 1780 1780 1822 erit
1808 1779 1878 1823 iu-

239 1855 398 1898 ditium
422 1856 729 1912 prouincialis‚
757 1857 833 1912 qui
855 1856 917 1899 illi
941 1856 1197 1913 prouidebit
1219 1858 1275 1900 de
1304 1856 1571 1900 necessariis
1597 1865 1642 1911 et
1675 1856 1881 1910 vtilibus,

239 1934 361 1987 quod
386 1933 548 1989 poterit
573 1934 736 1987 facere,
758 1933 795 1976 si
814 1932 875 1976 illi
895 1934 1091 1989 aliquam
1111 1949 1334 1976 summam
1352 1935 1430 1977 det
1446 1933 1522 1976 vbi
1540 1933 1805 1990 indiguerit,
1827 1950 1883 1978 ex

240 2024 328 2064 qua
357 2010 430 2053 ille
458 2011 683 2066 impensas
715 2026 820 2054 suas
849 2010 984 2054 faciet
1015 2019 1061 2054 et
1091 2010 1218 2063 socii,
1255 2018 1446 2067 excepto
1484 2010 1587 2053 cibo
1625 2010 1879 2066 vtriusque‚

241 2101 342 2130 nam
366 2087 490 2130 illum
520 2087 745 2143 accipient
774 2103 829 2132 ex
859 2087 1054 2144 collegio
1087 2087 1162 2130 ubi
1193 2095 1341 2132 erunt.
1375 2087 1531 2130 Faciat
1560 2087 1645 2131 iter
1679 2087 1722 2129 in
1746 2101 1885 2130 curru

242 2164 313 2206 uel
335 2163 380 2205 in
404 2178 539 2218 equo,
568 2171 617 2206 ut
641 2164 725 2220 ipsi
747 2164 991 2223 videbitur.

330 2241 496 2282 Totum
523 2242 757 2296 negotium
783 2241 1029 2286 Cassouiae
1051 2242 1137 2286 erit
1159 2243 1211 2285 P.
1239 2242 1485 2286 Victoriae.

329 2317 376 2360 Si
401 2317 550 2372 aliqua
573 2318 617 2360 in
642 2332 690 2362 re
714 2318 944 2361 uidebitur
961 2333 1098 2375 egere
1120 2318 1406 2375 prouintialis
1428 2320 1502 2363 uel
1525 2327 1724 2362 rectores
1743 2310 1886 2374 opera

238 2391 290 2435 Ρ.
320 2393 563 2446 Victoriae,
591 2396 873 2440 confidenter
895 2397 951 2439 ab
975 2395 1050 2438 illo
1073 2403 1230 2452 petant
1253 2396 1469 2438 auxilium
1494 2411 1547 2440 ea
1570 2396 1614 2438 in
1637 2411 1704 2448 re,
1730 2403 1775 2440 et
1808 2395 1888 2439 ille-

241 2470 388 2522 faciet,
423 2473 543 2525 quod
573 2471 658 2514 sibi
681 2472 910 2516 uidebitur
934 2473 1206 2525 faciendum;
1243 2480 1388 2515 totum
1421 2473 1540 2516 enim
1574 2473 1659 2516 erit
1697 2473 1743 2514 in
1780 2472 1886 2515 eius

241 2547 445 2599 arbitrio,
472 2563 528 2590 an
552 2548 609 2591 sit
633 2551 854 2602 facturus,
881 2558 926 2594 et
949 2550 1166 2593 continuo
1189 2549 1247 2592 sit
1276 2551 1495 2602 facturus,
1528 2551 1649 2606 quod
1671 2564 1775 2592 eum
1806 2563 1879 2591 ro-

239 2625 431 2678 gabunt:
460 2624 506 2666 in
530 2625 599 2667 his
624 2627 758 2669 rebus
782 2627 866 2669 erit
889 2627 925 2670 si
949 2628 1133 2682 quando
1156 2634 1358 2671 rectores
1382 2627 1567 2671 uideant
1589 2641 1721 2683 posse
1742 2627 1879 2683 prod-

240 2715 339 2742 esse
380 2703 431 2743 P.
478 2701 724 2745 Victoriam
769 2703 813 2745 in
853 2704 1090 2748 audiendis
1127 2703 1492 2747 confessionibus
1529 2703 1883 2748 domesticorum

239 2779 553 2830 quorumdam,
581 2780 651 2821 vel
676 2780 836 2823 dandis
858 2780 1102 2833 exercitiis,
1129 2789 1217 2825 ete.

326 2854 533 2910 Accipiet
565 2855 781 2898 rationem
815 2857 983 2912 recepti
1016 2865 1060 2901 et
1093 2857 1278 2912 expensi
1317 2872 1342 2900 a
1379 2856 1647 2914 prouinciali
1685 2856 1879 2912 singulis

237 2929 381 2971 annis:
424 2930 498 2984 qui
531 2931 663 2974 etiam
695 2931 757 2973 illi
790 2933 1021 2976 exhibebit
1051 2942 1276 2977 rectorum
1308 2934 1526 2986 rationes,
1554 2948 1667 2989 quas
1695 2933 1790 2988 ipse
1821 2934 1883 2975 ab

238 3005 322 3045 illis
347 3007 583 3061 acceperit.
611 3010 660 3050 P.
685 3008 886 3051 Victoria
909 3010 1035 3052 dabit
1058 3010 1279 3054 rationem
1303 3011 1410 3054 item
1434 3010 1604 3067 recepti
1623 3016 1668 3054 et
1691 3009 1880 3066 expensi
