2028 3426
265 239 336 276 300
740 238 893 273 PATms
921 236 1163 270 Huzaom'mt
1190 233 1342 268 NADAL

215 349 307 385 tem
330 350 374 386 et
397 340 763 384 inconstantiam.
793 337 1011 392 Loquitur
1035 335 1188 386 latine,
1215 334 1493 391 germanice,
1520 333 1689 388 aliquid
1712 334 1848 378 etiam

218 419 368 462 italice
391 426 435 461 et
460 417 710 460 bohemice.
732 415 899 460 Scribit
918 412 1222 456 mediocriter.
1245 413 1348 455 Non
1366 411 1560 453 multum
1580 411 1701 453 ualet
1719 409 1852 466 inge·-

220 496 295 538 nio
319 503 398 538 aut
422 495 636 539 memoria
669 501 746 536 aut
770 492 977 534 sanitate.
1013 491 1059 532 In
1089 489 1252 532 studiis
1281 503 1373 532 non
1411 489 1567 531 firmus
1597 496 1643 532 et
1675 487 1720 530 in
1749 487 1854 530 reli-

219 572 323 627 quis
347 573 515 615 tardus.

316 662 381 692 11.
449 651 510 691 M.
538 646 823 691 Christianus
847 645 1039 686 multum
1064 643 1250 700 profecit
1271 642 1317 685 in
1342 642 1542 699 phisicis,
1570 643 1626 685 ad
1648 656 1782 697 quae,
1804 650 1850 686 et

218 727 276 769 ad
301 725 558 781 theologica
582 723 764 767 uidetur
782 721 926 777 magis
950 721 1156 772 idoneus;
1193 719 1368 776 phisica
1403 728 1554 775 potest
1587 718 1787 775 profiteri
1811 728 1856 763 et

219 802 561 846 humanitatem.
592 800 813 854 Loquitur
836 798 988 849 latine,
1013 796 1244 850 flandrice,
1266 796 1544 853 germanice.
1572 795 1740 840 Scribit
1759 811 1853 839 me-

217 879 445 923 diocriter.
475 879 607 921 Valet
631 876 816 931 ingenio
839 883 881 919 et
906 874 1136 926 memoria,
1161 882 1207 918 et
1225 875 1439 916 robustus
1457 881 1525 916 est
1544 887 1750 929 corpore.
1771 872 1849 916 Di-

218 957 367 1013 ligens
390 956 433 997 in
458 955 552 997 suis
576 953 737 1015 studiis
761 961 804 996 et
828 951 1004 1004 officiis,
1030 951 1067 994 si
1089 965 1138 995 se
1160 950 1372 1006 applicat.

314 1045 380 1077 12.
447 1035 508 1075 M.
536 1032 796 1086 Stephanus
820 1029 999 1071 uidetur
1022 1027 1264 1084 profecisse
1283 1027 1327 1069 in
1351 1026 1538 1083 phisicis
1557 1035 1602 1071 et
1626 1026 1854 1083 theologi·

221 1110 300 1162 cis,
327 1111 383 1151 ad
413 1123 527 1163 quae
557 1107 701 1163 aptior
729 1114 798 1149 est
826 1105 978 1150 etiam.
1014 1107 1171 1148 Potest
1200 1103 1398 1160 profiteri
1428 1103 1769 1160 grammaticam
1801 1118 1853 1146 ac

221 1186 439 1242 phisicam
465 1192 717 1238 utcunque.
755 1182 976 1237 Loquitur
1014 1181 1166 1234 latine,
1193 1179 1459 1236 hungarice,
1491 1180 1656 1224 italice.
1683 1179 1852 1224 Scribit

220 1264 351 1306 male.
379 1263 511 1305 Valet
534 1260 720 1316 ingenio
743 1273 796 1301 ac
819 1258 1033 1301 memoria
1063 1257 1368 1302 mediocriter.
1395 1258 1626 1300 Robustus
1655 1265 1723 1300 est
1747 1271 1851 1300 cor--

220 1354 342 1395 pore.
372 1339 577 1393 Diligens
596 1337 642 1378 in
665 1336 759 1379 suis
781 1335 942 1378 studiis
965 1342 1009 1377 et
1033 1325 1208 1376 officiis.

312 1427 376 1469 13.

218 1492 352 1534 criter
377 1490 580 1547 profecit,
607 1497 651 1532 et
674 1490 731 1532 ad
753 1491 864 1533 haec
887 1489 1045 1532 eadem
1071 1487 1251 1530 uidetur
1274 1486 1417 1543 aptior
1441 1494 1536 1529 tum
1567 1499 1850 1541 consequen-

217 1571 273 1611 da
306 1579 399 1610 tum
436 1568 705 1623 profitenda.
737 1566 958 1621 Loquitur
987 1564 1124 1607 latine
1164 1572 1209 1607 et
1241 1563 1517 1620 germanice.
1552 1563 1719 1607 Scribit
1758 1578 1847 1607 non

217 1648 347 1689 bene.
375 1646 508 1688 Valet
530 1643 716 1697 ingenio
739 1657 790 1686 ac
813 1642 1028 1687 memoria
1050 1641 1350 1684 mediocriter.
1385 1642 1618 1683 Robustus
1646 1648 1715 1683 est
1744 1654 1845 1683 cor-

219 1737 328 1778 pore
352 1721 653 1774 mediocriter,
679 1735 732 1763 ac
755 1719 951 1776 diligens
974 1719 1018 1761 in
1043 1718 1204 1761 studiis
1226 1726 1271 1760 et
1294 1717 1468 1760 officiis.

313 1812 378 1852 14.
446 1800 506 1841 M.
552 1797 825 1841 Benedictus
855 1811 1013 1852 parum
1052 1803 1096 1840 et
1133 1795 1233 1847 scit,
1260 1803 1305 1839 et
1335 1804 1469 1851 aptus
1499 1795 1555 1837 ad
1582 1793 1733 1837 studia
1755 1802 1843 1846 est,

217 1884 532 1933 praeterquam
555 1876 611 1918 ad
634 1875 880 1930 regendam
905 1873 1100 1928 aliquam
1128 1873 1331 1916 scholam
1362 1872 1580 1914 infimam.
1624 1871 1846 1926 Loquitur

217 1954 370 2006 latine,
396 1952 669 2004 sclauonice,
695 1951 970 2008 germanice.
999 1949 1166 1994 Scribit
1190 1964 1280 1992 non
1303 1951 1434 1993 bene.
1466 1948 1656 2004 Ingenio
1685 1956 1729 1991 et
1753 1963 1849 1992 me-

216 2031 356 2073 moria
379 2044 469 2072 non
493 2030 685 2071 multum
711 2030 847 2073 ualet.
883 2027 1128 2071 Robustior
1150 2034 1219 2070 est
1247 2040 1451 2082 corpore.
1485 2027 1663 2069 Tardus
1702 2033 1771 2070 est
1803 2025 1848 2068 in

216 2108 311 2151 suis
331 2108 480 2150 rebus.
1768 2087 1772 2095 Ι

312 2195 379 2238 15.
453 2187 519 2227 M.
554 2183 774 2227 Melchior
797 2196 888 2224 non
913 2183 1103 2224 multum
1130 2181 1309 2223 uidetur
1333 2179 1577 2236 profecisse
1601 2179 1646 2222 in
1669 2178 1846 2231 studiis,

217 2276 300 2306 nec
324 2276 535 2317 magnam
567 2260 745 2303 uidetur
779 2261 946 2302 habere
976 2260 1031 2302 ad
1062 2273 1112 2302 ea
1143 2258 1458 2314 aptitudinem.
1502 2258 1661 2301 Potest
1689 2270 1849 2313 regere

216 2340 406 2383 classem
426 2338 759 2393 grammatices.
786 2336 1006 2393 Loquitur
1029 2336 1182 2387 latine,
1209 2334 1485 2392 germanice,
1507 2341 1551 2376 et
1575 2333 1745 2388 aliquid
1763 2333 1849 2375 ita-

217 2417 318 2460 lice.
363 2416 528 2459 Scribit
570 2423 825 2469 utcumque.
868 2414 1057 2471 Ingenio
1095 2427 1146 2456 ac
1175 2411 1389 2456 memoria
1428 2425 1517 2453 non
1558 2410 1739 2454 uidetur
1778 2410 1848 2452 in-

215 2493 376 2549 signis.
406 2494 639 2535 Robustus
662 2499 729 2535 est
754 2506 941 2547 corpore
963 2505 1013 2533 ac
1037 2490 1232 2546 diligens
1254 2489 1300 2531 in
1322 2488 1416 2532 suis
1440 2489 1592 2531 rebus.

313 2571 377 2613 16.
446 2572 511 2612 M.
544 2570 813 2613 Theodorus
837 2576 905 2613 est
929 2567 1166 2611 mediocris
1196 2565 1396 2621 phisicus
1426 2572 1471 2609 et
1500 2563 1776 2616 humanista‚
1803 2572 1848 2607 et

216 2648 273 2690 ad
292 2650 401 2690 haec
426 2647 615 2690 idoneus
637 2646 771 2689 etiam
795 2645 1066 2701 profitenda.
1094 2643 1315 2698 Loquitur
1333 2642 1486 2694 latine,
1507 2641 1740 2693 flandrice,
1762 2640 1847 2683 ita-

219 2725 319 2776 lice,
345 2739 397 2766 ac
422 2723 555 2765 etiam
586 2723 736 2777 aliquo
775 2723 909 2765 modo
947 2721 1222 2777 germanice.
1265 2719 1433 2764 Scribit
1464 2719 1675 2761 obscure.
1715 2717 1848 2761 Valet

219 2801 403 2855 ingenio
435 2809 478 2844 et
520 2800 756 2853 memoria,
790 2807 834 2843 et
867 2813 1007 2841 sanus
1035 2805 1119 2841 est.
1161 2797 1372 2853 Diligens
1402 2795 1448 2838 in
1477 2795 1572 2838 suis
1608 2794 1770 2858 studiis
1803 2801 1848 2838 et

219 2877 394 2919 ofticiis.

314 2967 378 3007 17.
447 2953 758 2996 Theodoricus
787 2967 943 3009 parum
975 2952 1166 3008 profecit
1194 2951 1239 2993 in
1269 2949 1480 2994 omnibus
1509 2947 1687 3000 studiis,
1714 2955 1759 2991 et
1789 2948 1847 2990 ad

218 3032 370 3073 omnia
395 3046 553 3087 parum
577 3039 644 3073 est
673 3039 820 3086 aptus.
850 3030 1072 3086 Loquitur
1103 3028 1334 3079 flandrice,
1367 3025 1644 3084 germanice,
1679 3024 1847 3077 italice,

444 1416 505 1457 M.
533 1412 830 1457 Sebastianus
854 1411 899 1453 in
919 1410 1226 1467 grammaticis
1249 1417 1294 1454 et
1318 1408 1659 1452 humanioribus
1678 1409 1826 1454 medio
1841 1434 1872 1462 ῃ
