2028 3426
715 246 1128 282 SUPPLEMENTUM—2
1133 254 1152 290 5
1631 245 1701 281 863

119 356 269 391 tamen
293 348 378 391 ista
400 348 445 390 in
469 347 752 391 humanitate
774 354 895 399 sunt,
924 362 1016 389 non
1038 346 1084 389 in
1107 346 1290 398 deitate,
1317 360 1432 401 quae
1454 346 1747 389 immutabilis

119 440 298 481 semper
330 432 566 481 permanet
604 431 740 479 atque
773 425 930 469 eadem
963 423 1184 480 ipsissima
1216 423 1261 465 in
1294 430 1543 467 aeternum.
1582 426 1748 466 Parum

120 509 269 545 tamen
299 503 412 545 haec
445 501 631 544 forsitan
662 501 915 553 miraberis,
942 501 1063 555 quod
1092 501 1148 543 ad
1182 499 1444 555 mysterium
1473 500 1750 543 incarnatio—

119 578 188 620 nis
203 578 349 639 ,Verbi
373 578 610 630 attineant,
637 578 682 620 in
706 592 796 633 quo
819 579 934 621 haec
957 591 1194 621 necessum
1218 583 1285 620 est
1307 586 1351 619 et
1375 577 1560 620 credere
1576 583 1621 619 et
1638 591 1746 620 con-

119 655 251 698 fiteri.
284 657 354 698 De
382 655 534 698 labore
569 655 708 711 igitur
740 655 826 698 Dei
859 654 1101 698 dicendum
1136 667 1310 707 censes,
1345 653 1540 708 seposita
1574 653 1750 696 interim

119 731 443 774 incarnatione.
480 732 621 775 Cedo:
658 732 780 774 istud
813 746 1019 788 agamus.
1056 731 1148 775 Sed
1173 737 1320 772 tamen
1343 729 1521 773 interim
1545 745 1632 785 ego
1665 731 1752 772 hoc

119 823 211 851 non
235 808 452 859 concedo,
475 815 522 850 vt
540 808 721 864 sejungi
740 822 916 864 semper
932 807 1073 863 possit
1090 807 1216 849 dolor
1233 811 1302 853 231
1323 806 1422 858 Dei,
1445 807 1515 850 vel
1533 808 1589 849 ab
1607 806 1751 850 incar-

121 885 317 936 natione,
356 886 426 927 vel
458 900 483 928 a
517 885 618 937 X.⁰;
656 885 778 940 quod
809 892 1048 940 propterea
1087 892 1130 927 te
1162 897 1450 939 praemoneo,
1478 898 1549 934 ne,
1571 882 1646 924 vbi
1680 883 1753 925 illa

116 963 367 1013 adduxero,
401 961 605 1004 clamites
634 962 761 1017 leges
790 976 862 1005 me
890 960 1207 1017 disputationis
1230 959 1464 1016 negligere
1487 962 1538 1002 ac
1563 974 1753 1015 praeua-

126 1038 273 1082 ricari.

210 1115 332 1158 Audi
362 1115 515 1170 igitur.
550 1114 879 1157 poenitentiam
908 1113 1003 1170 agit
1026 1116 1166 1166 Deus,
1202 1114 1339 1165 dolet,
1366 1113 1556 1166 laborat,
1583 1112 1749 1168 gemit,

122 1191 431 1235 contristatur.
463 1191 665 1246 Simplici
697 1199 831 1246 atque
859 1190 1019 1233 humili
1048 1190 1428 1245 contemplatione
1450 1189 1535 1232 ista
1556 1190 1755 1245 comple·

119 1275 313 1320 ctamur,
335 1283 386 1312 ac
411 1269 547 1311 corde
571 1268 894 1323 intelligamus,
915 1282 1049 1322 quam
1073 1266 1417 1322 intelligentiam
1436 1268 1582 1322 Xpus.
1605 1266 1754 1321 requi-

124 1344 194 1386 rit.
227 1346 330 1387 Hoc
360 1344 543 1388 senties:
577 1343 844 1398 scripturam
878 1343 924 1385 in
958 1342 1250 1398 poenitentia,
1277 1342 1447 1394 dolore,
1474 1341 1667 1397 gemitu,
1710 1342 1756 1385 in

121 1421 463 1464 contristatione
486 1421 586 1473 Dei,
613 1420 842 1476 porrigere
865 1427 1002 1475 atque
1024 1420 1230 1475 ingerere
1253 1419 1298 1461 in
1329 1433 1407 1461 cor
1437 1426 1566 1461 tuum
1596 1418 1757 1461 intrin-

122 1512 254 1542 secus
275 1497 611 1554 poenitentiam,
633 1498 847 1550 dolorem,
861 1496 1077 1548 laborem,
1094 1495 1331 1552 gemitum,
1347 1495 1753 1548 contristationem3

124 1575 183 1617 ita
212 1575 331 1619 enim
361 1574 560 1629 loquitur
589 1575 645 1618 de
673 1574 772 1617 Deo
805 1573 1042 1629 scriptura,
1075 1581 1122 1615 vt
1153 1588 1269 1628 quae
1298 1572 1397 1615 illos
1427 1572 1473 1614 in
1502 1573 1508 1629 l
1536 1572 1666 1615 nobis
1694 1573 1759 1615 af-

122 1654 268 1695 fectus
292 1659 477 1707 quaerat
499 1665 550 1694 ac
573 1657 852 1706 promoueat,
879 1650 956 1705 qui
978 1650 1025 1693 in
1047 1652 1196 1693 Deum
1219 1649 1416 1692 incidere
1435 1664 1528 1692 non
1548 1657 1754 1705 possunt.

125 1731 179 1772 Et
202 1730 291 1771 hoc
314 1729 512 1783 quidem,
540 1728 660 1783 quod
681 1727 727 1769 in
750 1727 882 1770 nobis
905 1726 1127 1782 scriptura
1149 1726 1332 1777 excitat,
1359 1741 1451 1769 non
1474 1725 1656 1768 nomina
1686 1740 1760 1768 so—

125 1807 217 1847 lum
239 1805 336 1861 ipsa
359 1806 620 1856 ostendunt,
647 1805 727 1848 sed
750 1804 893 1848 virtus
916 1803 1017 1856 Dei,
1050 1803 1178 1858 quasi
1208 1802 1532 1858 poenitentiam
1565 1802 1759 1858 agentis,

125 1881 332 1934 dolentis,
358 1880 619 1932 laborantis,
642 1879 865 1936 gementis
889 1893 940 1922 ac
963 1878 1231 1929 contristati,
1255 1878 1569 1922 vehementius
1589 1879 1644 1920 ad
1664 1878 1765 1920 illos

125 1960 313 2001 affectus
335 1965 505 2009 exerta,
532 1964 688 1999 contra
706 1971 839 2011 quarn
856 1956 941 1998 sibi
959 1956 1174 2011 placeret,
1196 1962 1240 1999 et
1259 1963 1416 1998 contra
1435 1969 1570 2010 quam
1592 1953 1763 1996 Voluis-

126 2042 210 2078 set.
239 2034 358 2077 Hinc
381 2034 521 2090 igitur
543 2048 721 2075 rursum
745 2033 1048 2088 contemplare
1072 2034 1220 2075 Deum
1248 2032 1546 2074 laborantem:
1579 2031 1684 2075 vide
1715 2045 1767 2073 ac

123 2118 262 2167 gusta
292 2110 671 2166 quemadmodum
701 2117 745 2153 te
773 2109 929 2152 incitat
957 2110 1014 2153 ad
1041 2109 1242 2152 dolorem
1272 2123 1324 2151 ac
1348 2108 1537 2164 proinde
1560 2108 1616 2150 ad
1640 2122 1764 2149 amo-

127 2202 220 2230 rem
243 2186 515 2230 dulcissime.
543 2187 802 2238 Caeterum,
827 2186 865 2228 si
888 2186 1018 2238 haec,
1045 2199 1160 2241 quae
1184 2192 1289 2227 ante
1319 2185 1521 2227 Verbum
1554 2184 1762 2226 incarna-

129 2272 223 2306 tum
253 2264 419 2319 scripta
448 2272 568 2314 sunt,
595 2264 651 2305 ad
673 2262 933 2306 memoriam
958 2261 1030 2305 Χ]
1052 2262 1355 2313 conferamus,
1381 2261 1426 2302 in
1451 2275 1540 2315 quo
1563 2260 1636 2302 illa
1660 2273 1766 2302 vere

127 2347 209 2387 232
232 2341 465 2384 subiturus
487 2348 583 2383 erat
604 2342 729 2383 Deus
746 2339 842 2395 ipse
859 2354 940 2395 pro
960 2346 1113 2388 nostra
1131 2339 1292 2390 salute,
1314 2345 1437 2382 extat
1455 2338 1606 2380 denuo
1626 2351 1766 2379 causa

127 2426 173 2463 et
195 2418 359 2461 doloris
382 2425 426 2460 et
448 2416 612 2459 amoris
635 2432 690 2460 ex
713 2415 1107 2471 contemplatione.
1134 2416 1225 2459 Sed
1247 2417 1358 2458 haec
1383 2414 1463 2456 tibi
1486 2429 1585 2458 esse
1611 2421 1768 2469 aperta

129 2502 254 2538 certo
287 2495 394 2545 scio,
430 2493 600 2536 homini
637 2493 847 2548 religioso
885 2500 929 2536 et
965 2493 1116 2543 docto,
1157 2506 1314 2546 verum
1353 2506 1407 2533 θ’)
1445 2491 1581 2532 miror
1620 2490 1768 2546 magis

131 2578 328 2614 nostram
353 2569 780 2625 contemplationem
802 2569 944 2611 visam
969 2568 1048 2610 tibi
1070 2582 1170 2611 esse
1198 2582 1377 2619 vanam,
1412 2567 1497 2609 nisi
1530 2574 1769 2622 propterea

131 2662 245 2690 vana
269 2655 352 2699 est,
378 2647 500 2702 quod
524 2645 729 2688 dificilior
750 2644 979 2700 aliquanto
1005 2644 1084 2686 tibi
1100 2644 1195 2686 visa
1213 2651 1297 2695 est,
1320 2658 1453 2699 quam
1473 2658 1554 2698 pro
1574 2657 1771 2685 consue-

132 2724 290 2767 tudine
324 2731 502 2766 tuarum
535 2720 983 2777 contemplationum.
1020 2719 1250 2775 Quocirca
1279 2733 1442 2775 operae
1470 2718 1670 2774 precium
1704 2719 1772 2761 fa-

132 2807 313 2842 cturum
336 2815 408 2844 me
431 2797 700 2851 arbitror,'si
722 2797 842 2848 illam
866 2812 1087 2853 exponam
1113 2796 1296 2839 diserte.

221 2877 336 2928 Scis,
363 2877 513 2929 Pater,
539 2873 930 2929 contemplationis
952 2873 1221 2929 principium
1246 2887 1445 2916 amorem
1470 2887 1570 2915 esse
1594 2873 1665 2914 vel
1696 2872 1772 2914 de-

138 2953 350 2998 siderium
381 2952 459 3004 rei,
492 2966 627 3007 quarn
651 2950 792 2993 simus
816 2949 1180 3005 contemplaturi,
1203 2951 1416 2993 affectum
1435 2949 1606 2992 scilicet
1630 2949 1770 2999 illum,

133 3030 214 3086 qui
237 3031 309 3072 vel
331 3045 356 3072 a
379 3029 601 3072 charitate
623 3028 695 3071 vel
713 3028 768 3069 ab
787 3041 866 3083 spe
885 3026 1186 3082 progreditur.
1211 3025 1648 3081 Contemplationem
1668 3038 1773 3067 vero
