2028 3426
361 208 433 256 334
837 208 991 244 Parrus
1018 207 1263 242 Hmnoxwm
1291 204 1325 239 N
1329 212 1441 240 ADAL

405 314 476 356 Ne
497 311 703 356 habitent
725 310 772 352 in
796 308 1029 353 cemiterio
1052 306 1284 350 muliereS.

404 389 505 442 His,
532 403 649 444 quae
672 387 902 444 potuimus
925 385 1144 441 colligere
1167 383 1471 440 Assemburgi
1494 398 1550 427 ex
1572 382 1706 426 dictis
1739 381 1856 426 Rmi.
1883 396 1955 425 ar-

309 465 611 523 chiepiscopi,
653 464 872 521 praesulis
911 461 1217 513 illustrissimi,
1254 460 1420 517 poterit
1461 460 1526 502 uti
1560 461 1613 503 P.
1661 459 1950 509 Lambertus,

314 545 497 600 quando
519 543 604 586 erit
627 557 756 598 opus:
778 541 823 582 in
842 540 895 582 iis
915 547 1083 590 tamen,
1104 538 1271 594 quibus
1287 537 1458 594 aliquid
1475 536 1737 593 dubitamus
1755 537 1813 580 de
1832 535 1953 592 prin—

309 620 424 677 cipis
440 621 692 671 voluntate,
714 626 820 673 aget
839 617 1086 668 moderate3
1099 622 1144 660 et
1161 621 1400 671 prestaret,
1421 614 1458 657 si
1476 613 1645 669 aliquid
1664 620 1784 658 esset
1801 611 1946 665 dubii,

314 711 494 740 rursum
519 696 802 751 interrogare
825 693 1090 750 principem.

402 774 591 818 Fercula
614 773 741 828 plura
764 785 855 813 non
878 771 1059 822 dentur,
1086 783 1170 812 nec
1194 768 1374 821 rectori,
1402 782 1486 812 nec
1505 767 1789 824 prouinciali,
1811 781 1948 823 quam

312 852 426 894 aliis:
448 865 501 894 ea
524 858 672 892 tamen
696 847 873 905 possint
896 846 992 890 dari
1015 847 1151 903 paulo
1173 845 1343 890 maiora
1365 852 1410 890 et
1433 859 1537 889 curn
1556 859 1690 889 caseo
1709 859 1850 888 unum
1870 857 1952 900 po-

312 944 452 980 mum,
479 928 550 970 vel
573 926 742 982 aliquid
760 924 921 968 simile:
947 930 992 966 et
1017 923 1230 967 fratribus
1254 938 1343 966 non
1367 923 1501 967 detur
1533 921 1619 965 nisi
1641 935 1820 965 caseus:
1847 927 1952 978 pot-

312 1012 448 1049 erunt
472 1004 605 1047 etiam
629 1003 696 1044 uti
717 1002 839 1044 vino.

400 1084 550 1138 Quam
590 1081 850 1123 facultatem
873 1094 929 1122 ex
966 1078 1136 1135 regulis
1167 1077 1364 1134 catalogi
1389 1077 1565 1120 romani
1586 1090 1830 1132 passu-mus
1863 1077 1950 1118 ha-

311 1161 438 1211 bere,
458 1174 514 1202 ex
532 1173 600 1209 ea,
622 1171 756 1212 quam
773 1157 898 1199 dedit
915 1156 1046 1199 nobis
1065 1156 1231 1199 lllmus.
1254 1155 1481 1211 princeps,
1497 1168 1596 1198 eam
1614 1152 1780 1210 poterit
1799 1159 1951 1196 rector

313 1250 393 1292 pro
418 1235 583 1279 nostris
599 1249 833 1290 vsurpare3
860 1240 1110 1290 praeterea,
1136 1233 1174 1276 si
1207 1247 1343 1288 quam
1366 1247 1420 1277 ex
1449 1231 1548 1275 aliis
1576 1229 1951 1274 concessionibus
1996 1254 1998 1258 ν

309 1313 594 1370 superiorum
619 1319 890 1368 temporum,
916 1325 969 1355 ea
992 1311 1127 1354 etiam
1151 1310 1316 1366 poterit
1339 1317 1488 1354 rector
1511 1308 1574 1351 vti
1597 1323 1678 1364 pro
1701 1307 1884 1361 nostris,
1904 1315 1950 1350 et

310 1399 463 1434 tamen
483 1389 667 1432 lectioni
689 1388 907 1431 librorum
932 1387 1259 1444 prohibitorum
1285 1401 1343 1429 ne
1365 1393 1550 1429 vtantur
1572 1385 1731 1439 nostri,
1758 1384 1843 1428 nisi
1867 1398 1949 1428 ne-

310 1467 529 1520 cessariO,
550 1481 605 1510 ex
623 1468 710 1509 hac
729 1467 959 1509 facultate:
980 1481 1084 1509 nam
1104 1465 1180 1521 qui
1198 1473 1304 1507 sunt
1326 1464 1428 1507 libri
1447 1465 1503 1507 ab
1521 1462 1821 1506 heresiarchis
1839 1462 1949 1506 editi

310 1545 382 1587 vel
406 1545 462 1587 ab
485 1544 583 1588 aliis
605 1544 833 1596 hereticis,
859 1543 936 1599 qui
959 1550 1154 1586 tractant
1177 1543 1233 1585 de
1261 1543 1399 1586 rebus
1429 1542 1486 1585 ad
1510 1541 1776 1597 religionem
1801 1540 1945 1596 pe'rti-

309 1621 539 1674 nentibus,
566 1621 620 1664 iis
642 1621 794 1663 nullus
816 1628 987 1674 Vtatur,
1012 1619 1097 1663 nisi
1121 1619 1198 1676 qui
1221 1627 1326 1663 ante
1349 1619 1599 1663 aduentum
1630 1632 1779 1661 meum
1803 1617 1946 1661 habe-

308 1700 386 1741 bat
408 1699 686 1751 facultatem,
713 1705 758 1741 et
777 1705 927 1741 tamen
949 1697 1115 1754 poterit
1140 1697 1330 1740 facultas
1348 1695 1446 1739 dari
1470 1694 1697 1751 theologis
1719 1694 1946 1751 professo-

308 1775 448 1827 ribus,
473 1782 522 1817 ut
546 1775 685 1818 libros
702 1774 927 1820 hereticos
944 1775 1099 1831 legere
1115 1773 1290 1830 possint
1306 1774 1499 1826 oblatos,
1523 1779 1570 1815 ut
1588 1772 1773 1816 videant
1791 1786 1848 1814 an
1867 1773 1947 1816 he-

310 1851 438 1895 retici
462 1852 570 1895 sint.
1572 1841 1577 1846 ⁴

400 1931 490 1972 Pro
513 1929 798 1972 scholasticis
820 1936 973 1973 autem
1005 1928 1288 1972 auditoribus
1317 1928 1483 1971 nostris
1513 1929 1670 1973 eadem
1700 1926 1776 1970 illa
1802 1927 1947 1969 facul-

307 2014 417 2058 tate,
443 2021 578 2061 quam
602 2006 861 2062 accepimus
883 2021 909 2049 a
932 2008 1083 2059 Rmo.,
1109 2006 1175 2049 uti
1208 2005 1372 2062 poterit
1396 2013 1558 2058 rector;
1590 2005 1670 2049 sed
1699 2003 1761 2046 ita
1792 2010 1944 2047 tamen

309 2090 359 2125 ut
382 2083 496 2125 nulli
525 2085 744 2127 concedat
773 2084 938 2126 librum
976 2085 1032 2127 ab
1070 2083 1271 2127 heretico
1308 2081 1629 2138 compositum,
1671 2079 1748 2136 qui
1771 2079 1965 2123 scilicet¹

310 2174 400 2202 non
424 2167 530 2215 agat
553 2161 610 2204 de
633 2161 869 2217 religione,
896 2161 983 2204 nisi
1006 2161 1131 2217 prius
1153 2160 1436 2203 emendatur.

401 2238 504 2279 Duo
527 2238 657 2292 pueri
686 2237 1060 2294 moguntinihoc
1084 2252 1204 2280 anno
1227 2252 1317 2280 non
1348 2236 1623 2292 recipiantur
1655 2235 1713 2278 ad
1741 2234 1945 2279 Societa-

312 2320 420 2366 tem,
447 2314 525 2355 sed
548 2315 769 2357 habeatur
791 2329 946 2358 eorum
971 2328 1080 2357 cura
1103 2321 1153 2357 ut
1176 2314 1471 2357 instituantur
1493 2313 1550 2355 ad
1568 2312 1798 2369 pietatem:
1822 2325 1944 2354 anno

310 2389 512 2444 proximo
535 2391 591 2434 de
609 2391 677 2433 his
701 2392 897 2435 referent
919 2393 975 2435 ad
998 2391 1340 2447 prouincialem,
1361 2399 1406 2433 et
1423 2398 1672 2445 sequentur
1690 2388 1788 2433 eius
1812 2403 1944 2445 prae-

306 2465 544 2522 scriptum;
566 2467 682 2522 patri
703 2483 809 2512 uero
827 2483 983 2512 eorum
1002 2467 1208 2520 satisfiat,
1230 2467 1612 2522 quemadmodum
1628 2465 1721 2508 dixi
1737 2467 1792 2510 P.
1811 2466 1945 2509 Lam-

311 2543 499 2587 berto...

399 2619 686 2663 Adhibeatur
714 2635 838 2673 cura,
865 2636 922 2664 ne
955 2637 1034 2678 per
1066 2629 1278 2665 externas
1310 2620 1633 2677 occupationes
1662 2619 1848 2676 spiritus
1871 2621 1945 2663 vel

307 2696 492 2739 deuotio
515 2696 825 2739 coadiutorum
851 2698 1165 2754 temporalium
1189 2697 1466 2750 debilitetur,
1486 2696 1663 2752 quaesi
1685 2696 1943 2741 debilitare-

310 2779 399 2823 tur,
424 2772 567 2829 possit
589 2772 674 2815 illis
697 2774 797 2828 plus
822 2775 1034 2837 temporis
1064 2775 1157 2818 dari
1189 2775 1245 2818 ad
1275 2774 1542 2825 orationem,
1568 2782 1613 2818 et
1645 2773 1784 2817 semel
1807 2771 1942 2816 etiam

310 2849 424 2892 infra
447 2850 774 2899 hebdomadam
798 2865 925 2894 sacra
948 2852 1206 2895 communio
1230 2851 1436 2896 concedi.

397 2927 539 2968 Curet
562 2934 709 2970 rector
733 2934 782 2969 ut
803 2927 964 2971 fratres
993 2928 1083 2971 sint
1112 2929 1319 2981 modesti3
1352 2943 1444 2971 non
1473 2929 1621 2979 leues,
1653 2928 1733 2971 sed
1757 2926 1938 2977 maturi,

308 3015 399 3044 non
424 3003 567 3045 tetrici
593 3011 760 3057 tamen,
786 3005 865 3047 sed
889 3003 1074 3047 iucundi
1099 3014 1143 3050 et
1167 3005 1332 3049 hilares
1362 3005 1408 3047 in
1430 3006 1642 3049 Domino.
1786 2987 1792 2997 ,
1934 2994 1939 2998 ¹
