2028 3426
645 277 985 312 INsrnucronEs
995 276 1075 310 -61
1556 288 1626 324 499

54 393 147 421 non
175 392 224 421 se
251 379 494 421 extendere
514 392 650 434 suam
679 377 946 420 ordinariam
977 377 1234 421 facultatem
1267 392 1313 420 re
1346 379 1674 423 communicata

52 469 156 497 cum
181 454 463 497 consiliariis.

144 531 256 573 Illud
278 530 478 574 studiose
505 536 703 581 curetur,
735 531 882 584 quoad
909 530 1006 574 eius
1035 532 1131 575 fieri
1158 531 1315 587 possit,
1346 533 1502 576 eadem
1536 535 1675 578 forma

55 622 203 652 rerum
226 607 543 661 actionumque
563 606 730 661 vbique
751 607 949 649 locorum
973 622 998 650 a
1020 607 1182 651 nostris
1204 609 1485 653 obseruetur.

144 684 308 727 Nullus
325 682 635 725 introducatur
654 682 764 724 ritus
780 684 852 726 vel
870 684 1165 740 consuetudo,
1184 685 1256 728 vel
1273 685 1389 729 circa
1408 686 1670 740 orationem,

58 761 129 803 vel
150 759 196 802 in
218 759 392 803 ratione
413 758 760 815 castigationum
779 759 942 811 carnis,
962 761 1033 804 vel
1051 760 1096 802 in
1114 760 1212 804 aliis
1233 763 1383 814 rebus,
1404 771 1482 805 aut
1499 771 1672 816 contra,

59 844 136 879 aut
157 844 334 892 praeter
356 850 424 887 ea,
450 850 565 890 quae
587 835 633 877 in
655 834 860 878 instituto
882 844 927 878 et
948 837 1118 892 regulis
1139 838 1303 881 nostris
1330 840 1400 882 vel
1430 841 1677 896 approbata

58 912 388 957 consuetudine
416 912 718 955 continentur.
745 912 793 956 Si
816 912 923 968 quid
951 928 1058 957 vero
1084 914 1311 958 videretur
1332 917 1609 969 nouandum,
1634 916 1679 960 id

60 1004 151 1032 non
173 990 266 1041 fiat,
288 989 372 1031 nisi
390 989 507 1033 idem
525 989 744 1044 approbet
763 990 833 1031 vel
849 990 1143 1046 congregatio
1160 991 1232 1035 vel
1249 992 1472 1047 generalis
1487 1008 1677 1050 praepo-

60 1066 189 1118 situs,
216 1067 335 1121 quod
361 1073 511 1110 tamen
534 1080 626 1108 non
650 1065 816 1107 facient
838 1065 923 1108 nisi
945 1065 1002 1108 sit
1019 1066 1128 1108 illud
1145 1083 1200 1111 ex
1217 1068 1390 1112 ratione
1407 1069 1616 1113 instituti.

148 1148 217 1189 381
243 1143 486 1186 Caeterum
510 1142 620 1184 illud
641 1141 773 1184 simul
796 1149 864 1185 est
886 1142 1244 1198 intelligendum,
1266 1159 1355 1187 non
1374 1160 1472 1189 esse
1489 1147 1680 1201 positam

61 1219 411 1263 vniformitatem
435 1219 479 1260 in
502 1218 727 1262 Societate
749 1218 793 1260 in
818 1233 887 1270 eo,
908 1226 956 1261 vt
972 1219 1121 1262 omnia
1142 1221 1298 1263 eodem
1316 1230 1448 1276 pacto
1471 1222 1516 1265 in
1534 1224 1683 1266 omni-

65 1299 151 1340 bus
169 1296 279 1339 locis
297 1295 537 1340 Societatis
555 1303 762 1350 agantur.
786 1296 903 1338 Sunt
921 1295 1038 1339 enim
1059 1297 1211 1349 multa,
1232 1312 1362 1352 quae,
1383 1313 1462 1354 pro
1479 1300 1680 1343 locorum

22 1363 30 1365 i
64 1373 283 1417 varietate
311 1381 355 1416 et
383 1372 630 1423 nationum,
656 1371 778 1414 varia
807 1387 904 1415 esse
933 1373 1099 1417 debent
1126 1374 1401 1427 necessari03
1428 1382 1473 1418 et
1502 1377 1682 1432 quidem

67 1450 214 1506 aliqua
235 1465 290 1492 ex
312 1449 533 1500 instituto,
559 1456 607 1490 vt
629 1449 685 1491 de
709 1449 883 1492 ratione
906 1449 1098 1492 vestium
1121 1449 1414 1506 intelligimus
1437 1466 1493 1495 ex
1518 1454 1683 1495 confir-

66 1526 262 1570 matione
279 1525 538 1578 ‘Societatis‚
562 1532 607 1567 et
635 1540 693 1568 ex
721 1525 1133 1578 constitutionibus,
1165 1527 1220 1569 de
1249 1527 1464 1571 varietate
1491 1529 1536 1571 in
1566 1531 1684 1573 cele—

66 1604 269 1646 bratione
287 1602 522 1645 missarum
541 1616 620 1657 pro
645 1601 879 1657 regionum
903 1602 1178 1655 diuersitate3
1205 1602 1249 1645 in
1271 1605 1528 1647 scholarum
1551 1606 1685 1649 etiam

69 1679 293 1724 exercitiis
310 1678 458 1734 aliqua
475 1686 543 1721 est
560 1678 812 1720 necessaria
828 1679 1050 1721 seruanda
1072 1679 1324 1723 diuersitas.
1353 1682 1401 1723 In
1423 1681 1535 1724 cibis
1556 1697 1686 1738 prae—

67 1764 205 1809 terea,
231 1763 275 1799 et
296 1755 420 1798 victu
443 1754 720 1810 quotidiano,
746 1754 791 1796 in
814 1763 949 1797 cantu
971 1755 1133 1798 missae
1155 1763 1199 1799 et
1220 1770 1511 1812 vesperarum
1541 1759 1690 1801 domi-

68 1833 182 1876 nicis
209 1840 255 1876 et
283 1832 423 1885 festis,
453 1839 560 1883 etc.‚
593 1845 647 1874 ex
677 1831 1006 1874 consuetudine
1033 1833 1472 1880 seruatur-varietas.
1497 1837 1600 1879 Non
1622 1844 1690 1879 est

68 1910 207 1967 igitur
231 1910 486 1964 quaerenda
509 1908 788 1952 vniformitas
810 1908 854 1950 in
878 1897 1101 1960 omnibus,
1128 1911 1505 1964 quemadmodum
1532 1927 1616 1955 nec
1645 1913 1689 1955 in

71 1986 260 2031 ecclesia
289 1985 511 2029 catholica
540 1985 811 2039 quaerimus,
845 1986 925 2027 sed
952 1999 1003 2028 ea
1024 1993 1094 2027 est
1116 1987 1370 2040 quaerenda
1392 1987 1690 2041 vniformitas,

73 2078 188 2118 quae
210 2078 265 2105 ex
286 2062 493 2105 instituto
515 2069 670 2104 nostro
699 2060 954 2117 requiritur,
985 2070 1030 2105 et
1058 2077 1111 2105 ea
1138 2062 1330 2105 varietas
1362 2067 1692 2120 conseruanda,

74 2154 188 2194 quae
216 2140 287 2183 vel
316 2154 370 2181 ex
399 2138 605 2181 instituto
637 2137 710 2190 sit,
745 2139 815 2182 vel
846 2145 1003 2181 contra
1034 2138 1289 2181 institutum
1323 2154 1413 2183 non
1445 2140 1519 2193 sit,
1553 2156 1605 2184 ac
1638 2157 1695 2186 ne

22 2252 25 2254 ,
75 2223 250 2272 praeter
271 2215 526 2257 institutum
551 2214 749 2270 quidem,
775 2221 924 2258 tamen
948 2229 1063 2269 quae
1084 2216 1301 2271 probetur
1319 2217 1595 2262 authoritate
1612 2219 1696 2262 So-

77 2291 251 2336 cietatis
275 2292 343 2335 vel
368 2290 608 2346 praepositi
631 2290 870 2346 generalis.

165 2373 248 2414 382
271 2369 328 2410 Et
349 2368 713 2422 quandoquidem
741 2366 965 2423 contingit
986 2368 1132 2410 varias
1160 2382 1259 2413 esse
1287 2371 1626 2415 obseruationes
1654 2372 1698 2413 in

79 2444 212 2487 variis
234 2443 496 2505 prouinciis,
521 2444 726 2486 diuersos
747 2444 882 2488 etiam
911 2444 1040 2497 ritus,
1071 2446 1157 2487 hoc
1185 2446 1429 2489 obseruent
1461 2447 1701 2503 diligenter

81 2520 395 2576 prouinciales,
411 2527 460 2562 vt
476 2520 641 2563 faciant
655 2520 888 2563 certiorem
905 2521 1162 2577 generalem
1180 2522 1482 2578 praepositum
1502 2523 1701 2567 omnium

82 2597 418 2652 particularium
440 2597 838 2650 consuetudinum,
863 2598 936 2642 vel
959 2598 1126 2640 rituum
1149 2613 1258 2642 suae
1280 2599 1555 2654 prouinciae.

174 2673 436 2717 Retineatur
454 2674 756 2729 consuetudo,
777 2688 891 2729 quae
908 2675 1045 2718 habet
1062 2689 1118 2717 ne
1135 2674 1336 2719 medicus
1354 2689 1505 2717 coram
1520 2684 1706 2732 aegroto

87 2749 327 2804 quicquam
350 2749 642 2805 praescribat,
668 2751 739 2792 vel
761 2750 817 2793 de
840 2750 1072 2793 medicinis
1097 2752 1165 2794 vel
1188 2753 1243 2794 de
1267 2752 1436 2794 ratione
1459 2752 1622 2803 victus,
1657 2767 1708 2795 ac

88 2840 144 2869 ne
175 2841 326 2869 coram
357 2825 682 2870 valetudinario
713 2826 894 2882 quidem
928 2827 998 2869 vel
1036 2828 1401 2879 conualescente;
1442 2829 1521 2871 sed
1554 2828 1599 2870 id
1630 2829 1709 2871 fiat

90 2915 239 2945 coram
269 2904 496 2958 praefecto
524 2902 729 2945 sanitatis
760 2903 831 2946 vel
859 2902 1078 2954 ministro,
1110 2904 1180 2945 vel
1214 2910 1417 2958 vtroque,
1453 2905 1524 2946 vel
1552 2905 1709 2948 saltem

50 3015 53 3018 .
90 2976 348 3031 infirmari03
374 2985 420 3022 et
440 2993 494 3022 eo
516 2978 706 3033 amplius
734 2979 982 3022 curandum
1012 2978 1110 3030 erit,
1143 2994 1199 3022 ne
1231 2979 1468 3034 quicquam
1502 2994 1656 3023 eorum
1686 2997 1712 3023 a

93 3054 267 3098 medico
289 3055 565 3110 praescripta
587 3054 836 3100 omittatur.
