2028 3426
352 208 422 251 640
823 208 977 243 PATms
1003 207 1246 243 Hissnoxvnn
1274 207 1424 243 NADAL

394 309 442 353 Si
466 309 709 364 aliquando
739 308 927 352 tentaris
955 309 1011 352 de
1040 322 1262 365 eggressu
1296 316 1400 352 tuae
1434 308 1679 365 religionis,
1717 317 1765 352 ut
1803 309 1943 353 aliam·

306 385 590 442 ingrediaris,
617 386 766 442 cogita
790 385 825 428 si
850 385 936 428 iam
961 385 1004 427 in
1028 385 1102 428 illa
1124 400 1247 429 esses
1270 393 1314 429 et
1338 401 1362 428 a
1386 385 1618 441 superiore
1648 386 1727 428 tibi
1757 386 1936 433 iubere—

307 471 396 515 tur,
424 470 473 506 ut
495 463 625 507 aliam
649 462 952 518 ingredereris
975 470 1020 507 et
1047 462 1109 505 ibi
1133 470 1351 518 perpetuo
1375 477 1596 515 maneres,
1623 478 1680 506 an
1710 463 1933 508 obedires:

306 539 342 583 si
371 539 451 592 sic,
483 540 633 596 cogita
664 540 743 582 tibi
778 541 911 582 modo
944 539 1054 582 illud
1086 554 1186 584 esse
1219 539 1494 596 impositum3
1531 540 1600 583 sin
1640 540 1804 593 minus,
1846 555 1936 583 non

306 618 422 662 bene
444 617 689 673 dispositus
711 631 760 659 es
784 617 839 658 ad
863 615 1183 669 obedientiam,
1210 624 1254 661 et
1279 623 1322 661 te
1345 617 1492 673 ipsum
1522 618 1662 662 debes
1691 617 1934 669 dimittere,

306 702 351 738 et
374 709 463 737 non
488 695 653 737 locum:
682 693 811 736 aliter
835 707 1066 748 nunquam
1090 693 1296 738 inuenies
1319 709 1492 750 pacem.

393 772 581 826 Semper
611 771 793 826 quando
824 770 976 830 veniet
1007 770 1155 826 aliqua
1184 771 1423 827 suggestio
1452 772 1568 814 mala
1597 779 1755 815 contra
1784 771 1935 828 proxi-

307 863 446 900 mum,
472 849 609 892 debes
632 846 782 889 statim
812 854 861 889 ut
893 847 938 890 id
962 847 1334 891 animaduerteris
1362 849 1713 905 genuflectendo
1741 848 1936 903 aliquam

305 924 552 968 orationem
582 939 663 981 pro
692 924 767 966 illo
806 924 970 977 facere,
1010 932 1055 967 et
1092 924 1138 967 id
1176 924 1444 968 continuare
1482 939 1721 981 quousque
1754 925 1936 970 desierit

305 1002 558 1059 suggestio.

393 1080 509 1124 262v
569 1078 763 1123 Dicebat
784 1079 1010 1122 Dominus
1027 1078 1228 1123 Didacus
1251 1081 1277 1121 ¹:
1304 1079 1340 1122 si
1364 1079 1525 1135 aliquis
1547 1080 1719 1136 cogitat
1741 1095 1789 1124 se
1813 1081 1936 1122 suffi-

305 1157 498 1201 cientem
529 1170 609 1212 pro
637 1156 786 1211 aliqua
815 1155 1048 1213 religione,
1081 1171 1214 1212 quam
1247 1156 1480 1213 ingressus
1509 1165 1593 1208 est,
1626 1165 1734 1199 tuns:
1763 1157 1936 1200 insuffi-

305 1234 428 1276 ciens
451 1241 534 1286 est3
561 1233 597 1277 si
623 1247 732 1277 uero
755 1248 843 1276 non
868 1247 947 1289 pro
969 1233 1044 1276 illa
1066 1235 1146 1277 sed
1175 1248 1254 1290 pro
1284 1233 1384 1285 alia,
1417 1233 1566 1276 minus
1594 1233 1824 1277 sufficiens
1854 1248 1936 1290 pro

303 1311 403 1362 alia,
419 1325 552 1365 quam
572 1325 660 1353 non
681 1317 748 1354 est
765 1310 1015 1366 ingressus,
1030 1310 1130 1364 erit3
1152 1310 1188 1352 si
1206 1325 1287 1366 pro
1307 1318 1512 1366 utraque,
1529 1310 1687 1353 nullibi
1705 1310 1936 1355 sufficiens

303 1388 400 1432 erit:
428 1387 463 1429 si
488 1402 599 1430 uero
624 1387 793 1430 iudicat
815 1402 863 1431 se
892 1387 1051 1430 nullibi
1080 1402 1179 1432 esse
1207 1387 1522 1439 sufficientem,
1556 1388 1864 1444 permanendo
1890 1387 1936 1430 in

304 1465 395 1519 illa,
421 1479 558 1520 quam
581 1464 816 1520 ingressus
839 1472 922 1516 est,
948 1479 1028 1520 pro
1053 1464 1126 1507 illa
1148 1465 1378 1508 sufficiens
1401 1464 1500 1507 erit.

397 1542 519 1585 Idem
543 1549 575 1583 ³.
603 1542 717 1584 Cum
749 1542 886 1586 uellet
914 1541 1108 1597 aliquem
1139 1541 1466 1597 pusillanimem
1497 1541 1724 1586 exhortari
1753 1550 1804 1584 -ut
1832 1557 1935 1598 per·

302 1626 505 1663 maneret
534 1619 578 1661 in
609 1618 846 1662 uocatione
875 1634 972 1670 sua,
1004 1619 1198 1662 dicebat:
1236 1618 1360 1662 vide:
1393 1620 1574 1674 quando
1607 1619 1768 1675 aliquis
1801 1620 1936 1664 debet

302 1696 435 1739 alicui
457 1696 587 1738 diuiti
616 1710 667 1739 ac
699 1697 818 1739 bono
850 1696 1041 1752 principi
1080 1697 1260 1740 soluere
1289 1704 1472 1739 centum
1501 1704 1580 1740 aut
1603 1697 1724 1740 mille
1753 1711 1932 1750 aureos,

302 1772 475 1816 etiamsi
498 1773 615 1818 inter
637 1787 714 1817 eos
736 1773 794 1816 sit
816 1773 978 1829 aliquis
1002 1788 1213 1816 nummus
1237 1788 1327 1816 non
1351 1773 1412 1817 ita
1441 1773 1670 1817 sufficiens
1701 1774 1931 1830 ponderis,

302 1857 451 1892 tamen
474 1856 576 1892 cum
601 1865 691 1892 non
716 1851 879 1894 habeat
901 1850 1086 1895 alterius
1109 1850 1276 1892 ualoris
1299 1849 1452 1903 alium,
1484 1851 1712 1907 benignus
1744 1851 1817 1893 ille
1851 1852 1935 1894 do-

301 1926 448 1968 minus
471 1941 561 1969 non
586 1927 814 1971 recusabit
837 1927 954 1970 inter
975 1927 1095 1970 illam
1119 1941 1332 1982 magnam
1350 1942 1572 1970 summam
1591 1927 1799 1983 accipere
1817 1929 1933 1971 duos

301 2003 373 2045 uel
397 2010 487 2046 tres
517 2003 651 2046 etiam
682 2018 773 2046 non
802 2003 907 2046 iusti
940 2003 1167 2060 ponderis:
1195 2003 1256 2046 ita
1278 2003 1439 2066 letiam,
1467 2005 1648 2059 quando
1681 2019 1770 2061 ego
1807 2013 1851 2049 et
1886 2013 1934 2048 tu

298 2079 438 2122 simus
462 2079 711 2136 imperfecti
738 2081 783 2122 in
807 2083 891 2124 hac
915 2080 1160 2133 Societate,
1187 2088 1336 2123 tamen
1356 2081 1473 2125 inter
1491 2089 1580 2124 tam
1600 2082 1767 2124 multos
1790 2083 1936 2125 bonos

300 2157 415 2200 bene
437 2156 617 2199 illorum
642 2157 808 2200 intuitu
834 2172 915 2200 nos
942 2157 1160 2214 recipient
1182 2159 1253 2202 vel
1277 2158 1538 2203 retinebunt
1561 2158 1592 2201 b.

984 2292 1023 2320 Ρ.
1061 2291 1218 2321 ARAOZ
1243 2285 1257 2302 ⁰

390 2387 437 2432 Si
462 2389 613 2439 homo,
642 2388 833 2431 orationi
857 2389 1036 2432 deditus
1058 2397 1102 2433 et
1120 2391 1175 2432 ad
1193 2389 1515 2446 perfectionem
1535 2392 1833 2444 contendens,
1854 2406 1934 2435 ex-

301 2464 476 2520 tirpatis
509 2464 680 2508 scilicet
713 2464 833 2507 vitiis
871 2466 1161 2521 grauioribus
1194 2465 1228 2519 d,
1260 2481 1308 2510 se
1337 2467 1413 2509 dat
1442 2467 1792 2518 considerationi
1826 2482 1934 2511 suae

301 2541 657 2597 imperfectionis
679 2549 723 2585 et
747 2542 1024 2594 defectuum,
1051 2542 1303 2599 ingreditur
1327 2545 1539 2599 abyssum
1565 2544 1786 2596 miseriae,
1814 2547 1933 2589 unde

301 2631 390 2660 non
414 2617 579 2674 poterit
604 2617 735 2662 facile
764 2619 973 2670 euadere,
1000 2620 1078 2662 sed
1108 2619 1356 2675 periculum
1387 2628 1455 2663 est
1486 2636 1542 2664 ne
1570 2620 1660 2663 illic
1689 2621 1933 2678 immerga—

370 2747 387 2763 a
437 2737 522 2771 Hoc
542 2737 650 2771 verb.
671 2747 692 2770 a
711 2736 801 2772 Nat.
823 2742 1023 2771 exaratum
1043 2743 1116 2773 est.
1170 2739 1235 2764 —b
1263 2738 1371 2772 Haec'
1389 2737 1467 2773 duo
1487 2739 1605 2774 verba
1624 2750 1645 2773 a
1665 2739 1754 2775 Nat.
1776 2745 1932 2775 exarata

300 2801 402 2830 sunt.
455 2805 518 2822 —c
547 2795 621 2830 Hie
646 2795 783 2830 titulus
804 2806 825 2830 a
851 2795 1006 2830 librario
1033 2796 1201 2843 scriptus
1223 2803 1296 2832 est.
1349 2799 1412 2824 -d
1451 2806 1492 2831 10
1512 2799 1631 2832 verba
1658 2798 1931 2844 praecedentia

302 2855 393 2888 Nat.
421 2866 535 2889 manu
555 2854 594 2889 in
613 2854 786 2900 margine
804 2854 934 2889 addita
953 2860 1055 2890 sunt.
1814 2862 1816 2864 ’

373 2958 381 2976 ¹
435 2955 624 3000 Quisnam
644 2955 696 2990 sit
725 2955 786 2990 hic
812 2955 991 2990 dominus
1017 2955 1201 2999 Didacus,
1222 2955 1259 2990 in
1286 2968 1356 2991 ms.
1392 2967 1466 2992 non
1494 2958 1725 3004 explicatur,
1754 2959 1822 2994 sed
1853 2970 1930 2995 non

300 3013 524 3049 dubitamus
543 3014 589 3049 ad
610 3014 789 3050 eumdem
811 3014 853 3050 P.
875 3013 1067 3049 Didacum
1089 3014 1232 3049 Lainez
1252 3015 1347 3050 haec
1366 3021 1556 3062 spectare.

1952 3350 1981 3426 ²:0⁸·
