2028 3426
333 226 402 263 238
805 224 959 259 PATms
987 223 1229 257 HxERoNYm
1256 219 1406 255 NADAL

374 329 573 373 Curetur
597 334 646 369 ut
668 325 778 368 nihil
802 332 956 381 pereat
979 322 1120 375 domi,
1146 335 1305 364 sumus
1326 320 1447 364 enim
1471 335 1711 378 pauperes,
1737 335 1789 364 ac
1811 322 1923 365 fiant

283 406 569 463 prouisiones
592 402 878 459 tempestiue,
907 400 1054 455 quoad
1077 399 1175 442 eius
1197 398 1296 442 fieri
1319 405 1483 454 potest.

371 483 472 527 Sint
494 480 720 537 designati
745 477 1023 529 confessarii,
1046 476 1189 532 primo
1214 490 1323 520 uero
1346 476 1446 518 1000
1463 476 1554 518 duo
1571 475 1663 518 sint
1680 475 1919 528 euocandi,

286 563 340 606 P.
366 561 595 615 Casparus
623 565 667 601 et
698 559 750 600 P.
778 554 1070 598 Theobaldus
1103 555 1111 574 ¹
1144 552 1409 608 aequalite1:
1436 552 1626 606 scilicet,
1652 552 1731 595 ubi
1761 559 1924 596 neuter

281 637 368 680 erit
396 642 668 692 occupatus,
696 633 838 689 primo
866 633 970 673 loco
994 631 1246 686 Casparus3
1273 629 1310 672 si
1340 637 1531 686 uterque
1565 629 1623 672 sit
1651 636 1919 686 occupatus,

283 716 318 758 F
324 714 559 757 ischerius:
587 712 623 754 si
649 720 738 754 tres
761 710 850 752 sint
879 707 1107 763 occupati,
1139 706 1485 751 concionatores
1507 707 1840 750 euocabuntur.
1874 705 1921 751 Si

280 790 383 847 quis
405 797 622 833 euocetur
645 785 928 838 nominatim,
954 792 999 829 et
1022 784 1059 827 is
1081 784 1140 828 sit
1161 783 1470 836 concionator,
1497 798 1592 826 non
1614 790 1764 840 potest
1781 797 1921 827 excu-

282 868 370 911 sari
394 867 515 922 quod
537 866 595 908 sit
618 871 868 918 occupatus
890 862 936 905 in
953 855 1267 906 col-icionibus.

370 945 418 989 Si
441 942 724 987 consuetudo
753 947 822 982 est
852 938 1082 983 Monachii
1111 938 1369 982 abstinendi
1389 953 1417 981 a
1445 937 1659 982 carnibus
1688 937 1733 980 in
1764 937 1921 995 uigilia

282 1020 631 1071 Purificationis,
657 1020 704 1062 S.
734 1015 928 1073 Philippi
952 1024 997 1059 et
1008 1003 1184 1074 jacobi,
1211 1023 1394 1059 sanctae
1417 1015 1710 1067 Katharinae,
1737 1015 1782 1057 in
1801 1016 1920 1059 festo

279 1100 327 1143 S.
356 1097 512 1149 Marci,
538 1097 698 1140 diebus
720 1094 1030 1150 rogationum,
1056 1101 1101 1136 et
1124 1093 1160 1136 si
1184 1093 1241 1137 sit
1269 1093 1366 1137 dies
1395 1092 1509 1136 alius
1532 1092 1705 1145 similis,
1739 1108 1788 1137 ea
1821 1107 1918 1137 Ser-

280 1183 428 1220 uetur.

370 1254 405 1294 E
428 1251 607 1302 nostris,
633 1250 710 1306 qui
728 1256 942 1306 poterunt
960 1244 1212 1300 eommo‘de,
1234 1247 1471 1290 mittantur
1490 1247 1620 1290 facile
1638 1254 1683 1291 et
1702 1248 1918 1302 frequen-

280 1338 347 1374 ter
370 1328 688 1371 concionatum
712 1328 767 1370 ad
791 1341 950 1383 pagos,
977 1325 1076 1370 siue
1097 1325 1266 1378 uocati,
1292 1324 1391 1368 siue
1413 1339 1504 1368 non
1528 1324 1694 1368 uocati.

368 1407 576 1449 Andreas
599 1405 797 1448 declaret
827 1402 1116 1459 euangelium
1145 1404 1244 1446 loco
1276 1404 1327 1446 P.
1361 1402 1565 1459 Caspari3
1598 1402 1733 1445 Vitus
1761 1402 1775 1422 ²
1810 1416 1917 1445 uero

279 1484 378 1526 loco
400 1483 613 1526 Andreae
635 1490 652 1506 ³
675 1481 722 1524 in
745 1481 930 1524 scholis.
1875 1472 1881 1476 ⁶

365 1559 412 1603 Si
451 1558 551 1614 quis
590 1568 748 1614 egeret
785 1556 1065 1602 recreatione
1103 1556 1348 1612 corporali,
1394 1563 1440 1599 et
1483 1555 1619 1600 etiam
1656 1555 1916 1600 diuersione

280 1636 434 1688 animi,
461 1651 550 1679 non
583 1636 814 1680 uideretur
842 1649 942 1679 esse
971 1634 1167 1677 alienum
1197 1648 1301 1677 eum
1332 1632 1510 1677 mittere
1539 1634 1595 1676 ad
1620 1632 1715 1676 dies
1745 1632 1916 1688 aliquot

279 1713 322 1756 in
344 1713 586 1769 collegium
610 1712 792 1768 aliquod
814 1711 846 1753 ¹³.

365 1792 640 1834 Exerceatur
663 1790 906 1846 diligenter
929 1788 1117 1845 piscatio
1140 1790 1154 1809 ⁵
1174 1788 1299 1832 iuxta
1317 1787 1558 1833 Societatis
1575 1787 1852 1831 institutum.

369 1866 636 1923 Accipiatur
659 1866 973 1910 Ferdinandus
996 1872 1040 1908 et
1066 1865 1322 1922 Philippus,
1348 1866 1520 1920 fiatque
1542 1879 1646 1922 spes
1668 1865 1841 1922 Jacobo
1871 1873 1916 1909 et

276 1944 458 1995 Dauidi,
485 1945 606 1999 quod
630 1952 730 2000 post
753 1951 844 1987 tres
867 1958 1064 1996 menses,
1099 1943 1156 1986 ad
1192 1943 1340 1986 Patris
1369 1942 1582 1994 reditum,
1620 1941 1913 1998 recipiantur3

276 2024 407 2066 detur
432 2036 540 2063 uero
565 2036 699 2077 opera
724 2029 773 2063 ut
795 2027 923 2076 pater
941 2020 1132 2064 Dauidis
1154 2019 1436 2076 propositum
1460 2019 1558 2063 eius
1575 2020 1737 2075 probet
1761 2026 1794 2063 0.

365 2100 545 2141 Habeat
569 2100 621 2141 P.
644 2098 917 2141 Dominicus
935 2098 1196 2140 facultatem
1214 2097 1400 2154 legendi
1417 2096 1558 2140 libros
1576 2096 1842 2148 haereticos,
1865 2102 1916 2138 ut

275 2176 443 2219 iudicet
473 2190 529 2217 an
562 2175 652 2218 sint
684 2175 916 2227 haeretici,
958 2176 1014 2218 ad
1052 2189 1186 2230 quern
1220 2174 1355 2219 etiarn
1394 2173 1623 2217 iudicandi
1652 2174 1914 2217 deferantur

275 2253 457 2308 quando
483 2254 531 2295 P.
558 2252 728 2295 Paulus
751 2267 843 2294 non
867 2260 935 2296 est
958 2252 1096 2295 dorni.

364 2329 440 2371 Bis
464 2336 722 2383 coquantur
744 2343 900 2384 paneS,
928 2328 1107 2372 tametsi
1129 2329 1288 2372 eodem
1307 2328 1394 2380 die,
1417 2341 1506 2383 quo
1524 2333 1799 2383 coquuntur,
1822 2340 1913 2369 non

274 2406 622 2448 distribuantur.

343 2565 360 2580 ει
386 2555 457 2589 Ms.
478 2555 681 2590 Andraee.
733 2556 799 2581 —b
819 2555 927 2589 Haec
947 2554 1210 2601 paragraphus
1229 2553 1437 2589 obliterata
1455 2558 1516 2588 est
1535 2552 1574 2588 in
1594 2565 1665 2588 ms.
1718 2561 1781 2579 ..c
1800 2552 1908 2587 Haec

274 2614 536 2659 paragraphus
555 2614 763 2649 obliterata
781 2621 842 2649 est
861 2614 900 2649 in
920 2625 990 2649 ms.

346 2740 355 2759 ¹
408 2739 544 2773 Sermo
566 2749 653 2773 esse
673 2738 828 2773 videtur
845 2738 894 2774 de
912 2738 958 2774 P.
984 2737 1212 2773 Theobaldo
1230 2737 1324 2772 Stoz
1342 2736 1499 2782 (Stotz).
1521 2736 1621 2772 Vide
1639 2735 1724 2782 ejus
1742 2746 1908 2771 examen

273 2798 344 2831 hoc
371 2808 472 2832 anno
496 2797 583 2841 1566
601 2798 651 2832 ab
670 2797 806 2832 eodem
827 2797 1034 2844 scripturn,
1056 2797 1095 2833 in
1114 2797 1244 2844 Epist.
1271 2797 1319 2834 P.
1345 2795 1502 2840 Nadal,
1528 2796 1577 2841 11,
1602 2796 1684 2840 584.
1705 2794 1767 2830 Cf.
1788 2794 1906 2830 etiarn

273 2856 628 2901 BRAUNSBERGER,
648 2857 719 2895 loc.
741 2857 822 2900 eit.‚
844 2857 893 2902 II,
912 2856 996 2902 3053
1017 2863 1056 2892 et
1075 2857 1141 2898 IV,
1167 2856 1335 2903 saepius.

342 2916 356 2935 ²
408 2914 541 2950 Liner.
567 2914 629 2950 Cf.
651 2916 783 2960 Epist.
809 2916 856 2950 P.
878 2916 1030 2958 Nadal,
1050 2916 1119 2959 111,
1139 2915 1223 2960 248,
1243 2924 1326 2960 249.

343 2974 356 2993 ⁵
410 2973 577 3008 Piscatio
596 2985 650 3011 sc.
671 2975 884 3021 hominum,
902 2975 968 3022 qui
987 2975 1196 3011 Societatis
1214 2973 1394 3009 instituto
1413 2973 1492 3020 apti
1511 2978 1551 3009 et
1569 2984 1590 3008 a
1605 2973 1689 3008 Deo
1703 2971 1830 3008 vocati
1850 2972 1907 3007 vi·

270 3031 473 3068 derentur.
