2028 3426
10 1658 17 1761 ἐ

8 1773 17 1874 l

9 2017 17 2086 4¹,

8 2086 19 2245 l

6 2244 19 2294 l

8 2307 19 2375 l

5 2377 19 2465 l

7 2451 20 2687 ᾗ

624 269 897 304 MONUMENTA
924 269 1095 304 ITALiAE
1103 290 1140 295 —
1149 277 1163 303 1
1170 269 1191 304 8
1608 281 1620 305 1
1627 272 1672 316 67

8 346 14 376 ’ἶ
60 387 62 389 ’
93 368 375 425 Vlissippona
397 369 577 412 Vilnam
602 384 745 424 usque
767 369 812 410 in
836 370 1062 422 Lituania,
1085 371 1140 412 ad
1158 385 1314 414 omnes
1332 370 1497 421 Indias,
1521 378 1615 413 tum
1647 386 1717 414 re-

8 435 12 472 Ῑ
36 457 40 461 ·
95 446 165 503 gis
191 445 508 503 Portugalliae,
536 452 630 487 tum
655 445 776 502 regis
800 446 1015 502 Philippi.

180 523 346 578 Magna
367 521 475 564 item
504 529 572 564 est
600 523 899 575 confirmatio,
931 524 1055 578 quod
1084 530 1174 565 tam
1204 523 1333 566 multi
1361 523 1451 565 sint
1482 524 1630 566 uocati
1661 525 1716 566 ad

95 600 180 641 hoc
208 598 481 652 institutum,
513 614 538 641 a
565 601 663 642 Deo
692 599 880 652 scilicet,
907 610 953 642 vt
976 600 1105 642 nobis
1128 607 1196 644 est
1218 614 1497 655 persuasum.
1526 601 1712 643 Nullum

92 675 210 719 enim
231 674 470 731 recipimus
491 675 537 717 in
561 675 849 728 Societatem,
876 691 1009 731 quem
1033 692 1123 719 non
1152 676 1404 719 iudicemus
1427 692 1452 719 a
1482 678 1582 720 Deo
1617 691 1717 721 esse

92 757 316 794 uocatum.
344 753 392 793 In
414 751 483 794 his
506 751 701 795 illustres
717 759 823 795 sunt
840 761 907 796 sat
925 753 1053 796 multi
1070 761 1115 796 et
1133 753 1321 804 nobiles,
1343 753 1465 795 docti
1484 753 1713 808 permulti,

93 842 255 883 magna
290 828 485 872 selectae
522 829 770 872 iuventutis
807 829 950 885 copia.
996 832 1182 873 Praeter
1214 829 1334 872 enim
1367 844 1462 881 eos,
1500 829 1576 884 qui
1610 837 1717 871 sunt

93 904 346 947 ministeriis
375 905 571 948 externis
601 906 875 961 occupandi,
907 907 1081 948 nullum
1111 906 1377 961 recipimus,
1419 905 1495 960 qui
1532 905 1717 961 ingenio

91 980 247 1023 saltem
270 995 358 1022 non
384 982 549 1034 ualeat,
575 989 619 1026 et
642 982 738 1024 aliis
761 982 897 1024 animi
919 982 1116 1035 dotibus3
1145 989 1238 1024 tum
1262 982 1339 1036 qui
1367 981 1517 1036 aliqua
1546 982 1717 1026 medio-

94 1056 249 1099 critate
271 1057 504 1100 doctrinae
527 1073 618 1101 non
643 1058 701 1101 sit
722 1059 968 1114 praeditus.

179 1134 294 1177 Sunt
323 1134 583 1189 prouinciae
611 1135 700 1176 iam
728 1137 949 1179 hactenus
976 1135 1250 1178 constitutae
1286 1148 1352 1191 19:
1393 1134 1585 1190 collegia
1622 1143 1711 1177 tam

94 1210 246 1262 multa,
272 1217 322 1251 ut
350 1225 586 1254 necessum
616 1211 745 1254 nobis
773 1211 830 1254 sit
853 1227 1035 1254 manum
1065 1213 1332 1255 contrahere
1354 1211 1414 1254 42
1436 1210 1606 1269 (159)v,
1633 1226 1716 1255 nec

92 1287 217 1342 plura
243 1286 486 1342 suscipere,
513 1302 616 1330 cum
638 1289 779 1330 multa
801 1303 966 1344 magna
988 1288 1204 1331 instantia
1227 1294 1455 1344 petantur.
1479 1289 1714 1340 Fructum,

13 1369 15 1412 ξ
50 1376 53 1379 ·
93 1377 224 1417 quem
246 1364 394 1406 attulit
416 1366 542 1407 Deus
563 1365 781 1408 ecclesiae
804 1380 882 1420 per
900 1365 1188 1416 Societatem,
1210 1380 1293 1407 nos
1310 1380 1401 1407 non
1420 1379 1713 1420 exponemus.

93 1441 149 1482 D.
170 1441 226 1483 V.
248 1441 386 1484 lllma.
408 1441 550 1492 nouit,
572 1448 617 1484 et
635 1457 706 1485 res
724 1441 847 1497 ipsae
869 1443 1131 1497 loquuntur.
1158 1443 1260 1485 Hoc
1283 1456 1423 1484 unum
1447 1442 1503 1484 ad
1526 1441 1715 1497 gloriam

13 1513 15 1532 ³
69 1516 176 1561 Dei
214 1518 429 1573 (tacentes
467 1533 582 1574 quae
619 1519 665 1560 in
702 1519 799 1562 aliis
835 1519 1098 1575 regionibus
1136 1519 1372 1575 geruntur)
1410 1518 1628 1569 dicemus,
1671 1518 1717 1560 in

93 1593 242 1646 Indiis,
281 1594 444 1646 Gallia,
470 1595 730 1647 Germania,
771 1596 988 1640 Bohemia
1023 1603 1068 1639 et
1099 1596 1285 1638 Polonia
1315 1610 1405 1637 non
1434 1610 1533 1638 esse
1562 1602 1715 1637 conte-

94 1671 350 1713 mnendum.
377 1672 491 1713 Illud
519 1687 627 1716 vero
655 1673 1009 1728 suspiciendum,
1036 1673 1154 1728 quod
1178 1672 1401 1715 Dominus
1423 1671 1639 1727 dignatus
1661 1671 1718 1713 sit

95 1754 181 1788 tam
210 1748 375 1790 multos
404 1756 640 1804 martyres,
673 1757 763 1792 tarn
792 1751 932 1793 multa
962 1749 1178 1792 miracula
1206 1749 1250 1791 in
1283 1749 1421 1791 Indiis
1444 1749 1500 1791 ad
1527 1747 1633 1790 fidei
1669 1755 1714 1790 et

91 1822 411 1877 plantationem
439 1834 484 1869 et
512 1826 885 1882 propagationem
913 1827 1154 1882 designare
1181 1834 1213 1877 a,
1240 1834 1290 1867 ut
1319 1825 1489 1868 scilicet
1512 1825 1613 1867 illae
1638 1839 1715 1868 ec-

92 1899 252 1944 clesiae
273 1901 476 1949 similiter
498 1904 798 1945 fundarentur
819 1911 957 1959 atque
979 1911 1160 1946 nostrae
1187 1904 1290 1954 hae,
1316 1917 1396 1957 per
1424 1902 1639 1944 miracula
1670 1908 1717 1944 et

91 1983 334 2032 martyrum
356 1979 626 2035 sanguinem
649 1980 695 2021 in
719 1980 900 2022 Christo
917 1982 1042 2036 JeSU,
1064 1994 1241 2022 summo
1260 1978 1467 2034 angulari
1485 1978 1648 2033 lapide,
1670 1978 1715 2019 in

58 2086 61 2087 ν
93 2065 179 2106 quo
202 2054 345 2096 omnis
367 2055 618 2098 aedificatio
641 2063 904 2099 constructa
926 2056 1088 2099 crescit
1115 2059 1141 2107 ¹,
1167 2062 1256 2098 etc.

179 2130 442 2174 Omittimus
469 2133 885 2188 comprobationem
914 2141 959 2175 et
988 2134 1252 2189 applausum
1275 2131 1477 2174 omnium
1506 2131 1712 2173 ordinum

82 2203 137 2247 ·in
165 2207 406 2251 christiana
434 2210 685 2265 republica,
718 2225 929 2266 magnam
959 2210 1298 2265 imperatorum,
1332 2223 1516 2264 regum,
1549 2207 1717 2263 princi-

93 2295 215 2337 pum,
255 2284 568 2341 episcoporum
605 2287 968 2329 beneuolentiarn
1006 2286 1051 2328 in
1089 2301 1171 2328 nos
1209 2293 1254 2328 et
1291 2285 1636 2341 benignitatem3
1673 2292 1717 2327 et

77 2357 209 2401 ‘illam
232 2361 472 2417 praecipue
494 2377 670 2405 summo
692 2370 922 2405 momento
952 2363 1257 2413 aestimamus,
1290 2376 1380 2416 qua
1407 2361 1572 2403 summi
1604 2375 1719 2415 pon—

94 2433 234 2480 tifices
255 2452 410 2481 omnes
432 2440 487 2481 ab
510 2438 744 2483 institutae
766 2440 1005 2484 Societatis
1034 2439 1172 2482 initiis
1202 2453 1286 2481 nos
1308 2446 1414 2481 sunt
1436 2437 1714 2493 prosequuti:

95 2512 262 2556 Paulus
285 2528 326 2568 3,
346 2515 495 2571 Julius
519 2529 559 2570 3,
593 2517 835 2560 Marcellus
864 2529 915 2569 -2,
958 2517 1127 2558 Paulus
1165 2528 1207 2569 4,
1242 2516 1352 2557 Pius
1381 2527 1424 2567 4,
1458 2514 1568 2557 Pius
1599 2524 1639 2567 5,
1672 2522 1716 2554 et

93 2587 182 2631 hoc
209 2591 356 2633 foelici
393 2592 660 2647 pontificatu
699 2593 770 2635 his
806 2593 962 2649 paucis
999 2592 1158 2635 diebus
1186 2593 1337 2635 Smus.
1364 2593 1421 2634 D.
1448 2592 1504 2633 N.
1532 2591 1716 2644 Grego-

93 2663 186 2708 rius
207 2667 324 2710 XIII.

177 2742 253 2785 Illa
273 2744 467 2799 denique
488 2745 810 2800 approbatione
832 2760 921 2788 non
944 2745 1087 2788 caruit
1110 2744 1329 2796 Societas,
1351 2758 1467 2798 quae
1485 2743 1598 2784 solet
1615 2754 1717 2782 esse

93 2829 238 2860 rerum
256 2819 524 2875 optimarum
541 2820 588 2863 in
605 2821 798 2864 ecclesia
814 2821 900 2866 Dei
917 2821 1204 2873 examinatio,
1231 2835 1309 2876 per
1327 2817 1716 2862 contradictiones

160 2964 178 2981 a
225 2955 334 2990 Prius
351 2957 595 3003 designasse,·
612 2956 702 2992 dein
721 2957 968 2992 emendatum
987 2963 1030 2992 ut
1048 2968 1180 3003 supra.

164 3063 175 3084 ¹
223 3064 394 3109 EPHEs.‚
413 3066 460 3108 11,
479 3073 537 3108 20,
559 3070 618 3098 21.
