<?xml version="1.0" encoding="UTF-8"?>
<!DOCTYPE html PUBLIC "-//W3C//DTD XHTML 1.0 Transitional//EN"
    "http://www.w3.org/TR/xhtml1/DTD/xhtml1-transitional.dtd">
<html xmlns="http://www.w3.org/1999/xhtml" xml:lang="en" lang="en">
 <head>
  <title>
</title>
<meta http-equiv="Content-Type" content="text/html;charset=utf-8" />
  <meta name='ocr-system' content='tesseract 3.04.00' />
  <meta name='ocr-capabilities' content='ocr_page ocr_carea ocr_par ocr_line ocrx_word'/>
</head>
<body>
  <div class='ocr_page' id='page_1' title='image "./epistolaephieron11nada/epistolaephieron11nada_0894.png"; bbox 0 0 2028 3426; ppageno 0'>
   <div class='ocr_carea' id='block_1_1' title="bbox 265 216 1231 255">
    <p class='ocr_par' dir='ltr' id='par_1_1' title="bbox 265 216 1231 255">
     <span class='ocr_line' id='line_1_1' title="bbox 265 216 1231 255; baseline 0.005 -5"><span class='ocrx_word' id='word_1_1' title='bbox 265 216 333 250; x_wconf 64' lang='lat'>868</span> <span class='ocrx_word' id='word_1_2' title='bbox 843 217 978 255; x_wconf 72' lang='lat' dir='ltr'>EplST.</span> <span class='ocrx_word' id='word_1_3' title='bbox 1009 218 1053 254; x_wconf 91' lang='lat' dir='ltr'>P.</span> <span class='ocrx_word' id='word_1_4' title='bbox 1081 217 1231 255; x_wconf 79' lang='lat' dir='ltr'>NADAL</span> 
     </span>
    </p>
   </div>
   <div class='ocr_carea' id='block_1_2' title="bbox 215 317 1880 2695">
    <p class='ocr_par' dir='ltr' id='par_1_2' title="bbox 218 317 1859 456">
     <span class='ocr_line' id='line_1_2' title="bbox 218 317 1859 375; baseline 0.006 -17"><span class='ocrx_word' id='word_1_5' title='bbox 218 317 419 359; x_wconf 87' lang='lat' dir='ltr'>omnium</span> <span class='ocrx_word' id='word_1_6' title='bbox 437 319 863 373; x_wconf 83' lang='lat' dir='ltr'>contemplabantur</span> <span class='ocrx_word' id='word_1_7' title='bbox 880 331 934 362; x_wconf 88' lang='lat' dir='ltr'>ac</span> <span class='ocrx_word' id='word_1_8' title='bbox 953 320 1276 375; x_wconf 82' lang='lat' dir='ltr'>praedicabant</span> <span class='ocrx_word' id='word_1_9' title='bbox 1295 321 1339 364; x_wconf 93' lang='lat' dir='ltr'>in</span> <span class='ocrx_word' id='word_1_10' title='bbox 1356 330 1509 366; x_wconf 90' lang='lat' dir='ltr'>monte</span> <span class='ocrx_word' id='word_1_11' title='bbox 1525 330 1682 367; x_wconf 89' lang='lat' dir='ltr'>sancto</span> <span class='ocrx_word' id='word_1_12' title='bbox 1701 325 1859 368; x_wconf 84' lang='lat' dir='ltr'>Enoch</span> 
     </span>
     <span class='ocr_line' id='line_1_3' title="bbox 220 394 1291 456; baseline 0.005 -19"><span class='ocrx_word' id='word_1_13' title='bbox 220 403 263 437; x_wconf 89' lang='lat' dir='ltr'>et</span> <span class='ocrx_word' id='word_1_14' title='bbox 289 394 426 446; x_wconf 83' lang='lat' dir='ltr'>Elias,</span> <span class='ocrx_word' id='word_1_15' title='bbox 453 409 557 437; x_wconf 87' lang='lat' dir='ltr'>cum</span> <span class='ocrx_word' id='word_1_16' title='bbox 582 395 770 438; x_wconf 87' lang='lat' dir='ltr'>Christo</span> <span class='ocrx_word' id='word_1_17' title='bbox 787 397 897 453; x_wconf 90' lang='lat' dir='ltr'>Jesu</span> <span class='ocrx_word' id='word_1_18' title='bbox 921 398 1252 453; x_wconf 75' lang='lat' dir='ltr'>colloquentes,</span> <span class='ocrx_word' id='word_1_19' title='bbox 1283 399 1291 456; x_wconf 91' lang='grc' dir='ltr'>Ι</span> 
     </span>
    </p>

    <p class='ocr_par' dir='ltr' id='par_1_3' title="bbox 224 471 1866 918">
     <span class='ocr_line' id='line_1_4' title="bbox 313 471 1861 536; baseline 0.006 -23"><span class='ocrx_word' id='word_1_20' title='bbox 313 471 467 522; x_wconf 86' lang='lat' dir='ltr'>Vides,</span> <span class='ocrx_word' id='word_1_21' title='bbox 495 480 621 527; x_wconf 91' lang='lat' dir='ltr'>pater</span> <span class='ocrx_word' id='word_1_22' title='bbox 644 472 999 529; x_wconf 75' lang='lat' dir='ltr'>religiosissime,</span> <span class='ocrx_word' id='word_1_23' title='bbox 1027 475 1138 518; x_wconf 88' lang='lat' dir='ltr'>nihil</span> <span class='ocrx_word' id='word_1_24' title='bbox 1155 490 1255 520; x_wconf 88' lang='lat' dir='ltr'>esse</span> <span class='ocrx_word' id='word_1_25' title='bbox 1273 491 1406 532; x_wconf 90' lang='lat' dir='ltr'>posse</span> <span class='ocrx_word' id='word_1_26' title='bbox 1423 478 1678 534; x_wconf 89' lang='lat' dir='ltr'>appositum</span> <span class='ocrx_word' id='word_1_27' title='bbox 1696 479 1861 536; x_wconf 87' lang='lat' dir='ltr'>magis,</span> 
     </span>
     <span class='ocr_line' id='line_1_5' title="bbox 224 550 1863 611; baseline 0.006 -21"><span class='ocrx_word' id='word_1_28' title='bbox 224 556 271 591; x_wconf 83' lang='lat' dir='ltr'>vt</span> <span class='ocrx_word' id='word_1_29' title='bbox 297 558 493 591; x_wconf 83' lang='lat' dir='ltr'>nostram</span> <span class='ocrx_word' id='word_1_30' title='bbox 513 550 943 606; x_wconf 87' lang='lat' dir='ltr'>contemplationem</span> <span class='ocrx_word' id='word_1_31' title='bbox 962 553 1271 606; x_wconf 87' lang='lat' dir='ltr'>confirmares,</span> <span class='ocrx_word' id='word_1_32' title='bbox 1293 568 1428 609; x_wconf 87' lang='lat' dir='ltr'>quarn</span> <span class='ocrx_word' id='word_1_33' title='bbox 1448 556 1721 611; x_wconf 87' lang='lat' dir='ltr'>exemplum,</span> <span class='ocrx_word' id='word_1_34' title='bbox 1743 557 1863 611; x_wconf 90' lang='lat' dir='ltr'>quod</span> 
     </span>
     <span class='ocr_line' id='line_1_6' title="bbox 224 627 1865 690; baseline 0.006 -22"><span class='ocrx_word' id='word_1_35' title='bbox 224 627 467 671; x_wconf 77' lang='lat' dir='ltr'>adduxisti.</span> <span class='ocrx_word' id='word_1_36' title='bbox 497 627 693 670; x_wconf 85' lang='lat' dir='ltr'>Voluisti</span> <span class='ocrx_word' id='word_1_37' title='bbox 718 635 768 671; x_wconf 89' lang='lat' dir='ltr'>tu</span> <span class='ocrx_word' id='word_1_38' title='bbox 801 628 982 684; x_wconf 86' lang='lat' dir='ltr'>quidem</span> <span class='ocrx_word' id='word_1_39' title='bbox 1007 629 1084 673; x_wconf 91' lang='lat' dir='ltr'>illo</span> <span class='ocrx_word' id='word_1_40' title='bbox 1113 633 1322 688; x_wconf 86' lang='lat' dir='ltr'>exemplo</span> <span class='ocrx_word' id='word_1_41' title='bbox 1352 641 1554 675; x_wconf 87' lang='lat' dir='ltr'>nostram</span> <span class='ocrx_word' id='word_1_42' title='bbox 1583 635 1865 690; x_wconf 86' lang='lat' dir='ltr'>contempla-</span> 
     </span>
     <span class='ocr_line' id='line_1_7' title="bbox 224 704 1864 765; baseline 0.005 -20"><span class='ocrx_word' id='word_1_43' title='bbox 224 704 388 765; x_wconf 80' lang='lat' dir='ltr'>tionem</span> <span class='ocrx_word' id='word_1_44' title='bbox 414 706 596 749; x_wconf 85' lang='lat' dir='ltr'>eleuare</span> <span class='ocrx_word' id='word_1_45' title='bbox 619 719 673 749; x_wconf 85' lang='lat' dir='ltr'>ae</span> <span class='ocrx_word' id='word_1_46' title='bbox 696 706 908 759; x_wconf 83' lang='lat' dir='ltr'>deiicere3</span> <span class='ocrx_word' id='word_1_47' title='bbox 937 722 1093 751; x_wconf 90' lang='lat' dir='ltr'>verum</span> <span class='ocrx_word' id='word_1_48' title='bbox 1125 716 1286 752; x_wconf 90' lang='lat' dir='ltr'>contra</span> <span class='ocrx_word' id='word_1_49' title='bbox 1316 709 1479 752; x_wconf 89' lang='lat' dir='ltr'>accidit</span> <span class='ocrx_word' id='word_1_50' title='bbox 1504 725 1638 765; x_wconf 88' lang='lat' dir='ltr'>quarn</span> <span class='ocrx_word' id='word_1_51' title='bbox 1670 718 1720 754; x_wconf 90' lang='lat' dir='ltr'>tu</span> <span class='ocrx_word' id='word_1_52' title='bbox 1743 711 1864 754; x_wconf 89' lang='lat' dir='ltr'>arbi-</span> 
     </span>
     <span class='ocr_line' id='line_1_8' title="bbox 226 771 1866 844; baseline 0.004 -19"><span class='ocrx_word' id='word_1_53' title='bbox 226 771 422 835; x_wconf 60' lang='lat' dir='ltr'>trare‘ris;</span> <span class='ocrx_word' id='word_1_54' title='bbox 450 798 503 826; x_wconf 92' lang='lat' dir='ltr'>ea</span> <span class='ocrx_word' id='word_1_55' title='bbox 527 783 646 827; x_wconf 90' lang='lat' dir='ltr'>enim</span> <span class='ocrx_word' id='word_1_56' title='bbox 671 791 740 826; x_wconf 89' lang='lat' dir='ltr'>est</span> <span class='ocrx_word' id='word_1_57' title='bbox 764 784 832 827; x_wconf 90' lang='lat' dir='ltr'>vis</span> <span class='ocrx_word' id='word_1_58' title='bbox 855 785 1075 837; x_wconf 89' lang='lat' dir='ltr'>veritatis,</span> <span class='ocrx_word' id='word_1_59' title='bbox 1109 793 1156 828; x_wconf 85' lang='lat' dir='ltr'>vt</span> <span class='ocrx_word' id='word_1_60' title='bbox 1187 801 1278 841; x_wconf 86' lang='lat' dir='ltr'>quo</span> <span class='ocrx_word' id='word_1_61' title='bbox 1301 787 1448 844; x_wconf 90' lang='lat' dir='ltr'>magis</span> <span class='ocrx_word' id='word_1_62' title='bbox 1477 787 1599 830; x_wconf 92' lang='lat' dir='ltr'>illam</span> <span class='ocrx_word' id='word_1_63' title='bbox 1628 802 1866 844; x_wconf 84' lang='lat' dir='ltr'>oppugnes</span> 
     </span>
     <span class='ocr_line' id='line_1_9' title="bbox 224 860 1487 918; baseline 0.004 -16"><span class='ocrx_word' id='word_1_64' title='bbox 224 875 275 902; x_wconf 85' lang='lat' dir='ltr'>ac</span> <span class='ocrx_word' id='word_1_65' title='bbox 299 860 545 911; x_wconf 87' lang='lat' dir='ltr'>succutias,</span> <span class='ocrx_word' id='word_1_66' title='bbox 573 874 627 903; x_wconf 92' lang='lat' dir='ltr'>eo</span> <span class='ocrx_word' id='word_1_67' title='bbox 650 861 825 904; x_wconf 87' lang='lat' dir='ltr'>firmius</span> <span class='ocrx_word' id='word_1_68' title='bbox 847 876 899 904; x_wconf 87' lang='lat' dir='ltr'>ac</span> <span class='ocrx_word' id='word_1_69' title='bbox 923 863 1193 918; x_wconf 80' lang='lat' dir='ltr'>profundius</span> <span class='ocrx_word' id='word_1_70' title='bbox 1216 864 1487 908; x_wconf 77' lang='lat' dir='ltr'>stabiliatur.</span> 
     </span>
    </p>

    <p class='ocr_par' dir='ltr' id='par_1_4' title="bbox 226 938 1868 1221">
     <span class='ocr_line' id='line_1_10' title="bbox 315 938 1868 997; baseline 0.003 -16"><span class='ocrx_word' id='word_1_71' title='bbox 315 939 405 981; x_wconf 84' lang='lat' dir='ltr'>Sed</span> <span class='ocrx_word' id='word_1_72' title='bbox 424 938 479 979; x_wconf 92' lang='lat' dir='ltr'>ad</span> <span class='ocrx_word' id='word_1_73' title='bbox 497 938 634 981; x_wconf 88' lang='lat' dir='ltr'>finem</span> <span class='ocrx_word' id='word_1_74' title='bbox 659 947 824 994; x_wconf 88' lang='lat' dir='ltr'>appeto</span> <span class='ocrx_word' id='word_1_75' title='bbox 845 948 878 983; x_wconf 71' lang='lat'>³.</span> <span class='ocrx_word' id='word_1_76' title='bbox 906 939 1030 995; x_wconf 78' lang='lat' dir='ltr'>Quid</span> <span class='ocrx_word' id='word_1_77' title='bbox 1055 952 1103 982; x_wconf 93' lang='lat' dir='ltr'>tu</span> <span class='ocrx_word' id='word_1_78' title='bbox 1126 950 1361 997; x_wconf 86' lang='lat' dir='ltr'>praeterea</span> <span class='ocrx_word' id='word_1_79' title='bbox 1378 942 1507 985; x_wconf 90' lang='lat' dir='ltr'>addis</span> <span class='ocrx_word' id='word_1_80' title='bbox 1534 941 1552 967; x_wconf 78' lang='lat' dir='ltr'>b</span> <span class='ocrx_word' id='word_1_81' title='bbox 1581 942 1626 985; x_wconf 90' lang='lat' dir='ltr'>in</span> <span class='ocrx_word' id='word_1_82' title='bbox 1656 945 1868 987; x_wconf 85' lang='lat' dir='ltr'>censura?</span> 
     </span>
     <span class='ocr_line' id='line_1_11' title="bbox 227 1015 1866 1075; baseline 0.002 -16"><span class='ocrx_word' id='word_1_83' title='bbox 227 1016 318 1059; x_wconf 83' lang='lat' dir='ltr'>Sed</span> <span class='ocrx_word' id='word_1_84' title='bbox 337 1015 491 1057; x_wconf 85' lang='lat' dir='ltr'>breuis</span> <span class='ocrx_word' id='word_1_85' title='bbox 514 1016 743 1071; x_wconf 80' lang='lat' dir='ltr'>expedias,</span> <span class='ocrx_word' id='word_1_86' title='bbox 777 1016 814 1059; x_wconf 91' lang='lat' dir='ltr'>si</span> <span class='ocrx_word' id='word_1_87' title='bbox 846 1017 953 1072; x_wconf 90' lang='lat' dir='ltr'>quid</span> <span class='ocrx_word' id='word_1_88' title='bbox 985 1019 1142 1071; x_wconf 82' lang='lat' dir='ltr'>habes3</span> <span class='ocrx_word' id='word_1_89' title='bbox 1169 1018 1327 1075; x_wconf 85' lang='lat' dir='ltr'>incipit</span> <span class='ocrx_word' id='word_1_90' title='bbox 1356 1019 1476 1063; x_wconf 91' lang='lat' dir='ltr'>enim</span> <span class='ocrx_word' id='word_1_91' title='bbox 1507 1019 1616 1062; x_wconf 91' lang='lat' dir='ltr'>mihi</span> <span class='ocrx_word' id='word_1_92' title='bbox 1647 1034 1747 1064; x_wconf 90' lang='lat' dir='ltr'>esse</span> <span class='ocrx_word' id='word_1_93' title='bbox 1769 1035 1866 1062; x_wconf 89' lang='lat' dir='ltr'>mo-</span> 
     </span>
     <span class='ocr_line' id='line_1_12' title="bbox 226 1092 1868 1153; baseline 0.002 -19"><span class='ocrx_word' id='word_1_94' title='bbox 226 1094 390 1135; x_wconf 87' lang='lat' dir='ltr'>lestum</span> <span class='ocrx_word' id='word_1_95' title='bbox 414 1092 458 1134; x_wconf 90' lang='lat' dir='ltr'>in</span> <span class='ocrx_word' id='word_1_96' title='bbox 499 1093 585 1135; x_wconf 90' lang='lat' dir='ltr'>hac</span> <span class='ocrx_word' id='word_1_97' title='bbox 609 1108 655 1136; x_wconf 91' lang='lat' dir='ltr'>re</span> <span class='ocrx_word' id='word_1_98' title='bbox 684 1093 857 1136; x_wconf 89' lang='lat' dir='ltr'>diutius</span> <span class='ocrx_word' id='word_1_99' title='bbox 886 1095 1130 1147; x_wconf 90' lang='lat' dir='ltr'>immorari,</span> <span class='ocrx_word' id='word_1_100' title='bbox 1166 1103 1255 1138; x_wconf 90' lang='lat' dir='ltr'>tarn</span> <span class='ocrx_word' id='word_1_101' title='bbox 1286 1096 1542 1152; x_wconf 90' lang='lat' dir='ltr'>perspicua,</span> <span class='ocrx_word' id='word_1_102' title='bbox 1570 1107 1660 1140; x_wconf 88' lang='lat' dir='ltr'>tarn</span> <span class='ocrx_word' id='word_1_103' title='bbox 1684 1098 1868 1153; x_wconf 87' lang='lat' dir='ltr'>pervul-</span> 
     </span>
     <span class='ocr_line' id='line_1_13' title="bbox 230 1169 497 1221; baseline 0.004 -10"><span class='ocrx_word' id='word_1_104' title='bbox 230 1177 336 1221; x_wconf 80' lang='lat' dir='ltr'>gata</span> <span class='ocrx_word' id='word_1_105' title='bbox 360 1176 374 1194; x_wconf 78' lang='lat'><em>0</em></span> <span class='ocrx_word' id='word_1_106' title='bbox 398 1169 497 1212; x_wconf 81' lang='lat'>239.</span> 
     </span>
    </p>

    <p class='ocr_par' dir='ltr' id='par_1_5' title="bbox 215 1245 1880 2695">
     <span class='ocr_line' id='line_1_14' title="bbox 314 1245 1868 1305; baseline 0.004 -17"><span class='ocrx_word' id='word_1_107' title='bbox 314 1247 463 1289; x_wconf 84' lang='lat' dir='ltr'>Aliam</span> <span class='ocrx_word' id='word_1_108' title='bbox 487 1245 740 1305; x_wconf 87' lang='lat' dir='ltr'>[rationem]</span> <span class='ocrx_word' id='word_1_109' title='bbox 766 1263 846 1304; x_wconf 88' lang='lat' dir='ltr'>pro</span> <span class='ocrx_word' id='word_1_110' title='bbox 877 1249 1008 1292; x_wconf 92' lang='lat' dir='ltr'>nobis</span> <span class='ocrx_word' id='word_1_111' title='bbox 1030 1248 1168 1292; x_wconf 81' lang='lat' dir='ltr'>ex—-d</span> <span class='ocrx_word' id='word_1_112' title='bbox 1191 1251 1395 1293; x_wconf 82' lang='lat' dir='ltr'>adducis:</span> <span class='ocrx_word' id='word_1_113' title='bbox 1426 1252 1650 1294; x_wconf 76' lang='lat' dir='ltr'>«Laborat</span> <span class='ocrx_word' id='word_1_114' title='bbox 1673 1253 1800 1295; x_wconf 91' lang='lat' dir='ltr'>Deus</span> <span class='ocrx_word' id='word_1_115' title='bbox 1824 1252 1868 1294; x_wconf 91' lang='lat' dir='ltr'>in</span> 
     </span>
     <span class='ocr_line' id='line_1_15' title="bbox 228 1324 1870 1383; baseline 0.004 -18"><span class='ocrx_word' id='word_1_116' title='bbox 228 1324 463 1376; x_wconf 80' lang='lat' dir='ltr'>creaturis,</span> <span class='ocrx_word' id='word_1_117' title='bbox 504 1326 593 1367; x_wconf 90' lang='lat' dir='ltr'>hoc</span> <span class='ocrx_word' id='word_1_118' title='bbox 616 1332 701 1378; x_wconf 86' lang='lat' dir='ltr'>est,</span> <span class='ocrx_word' id='word_1_119' title='bbox 734 1326 939 1370; x_wconf 90' lang='lat' dir='ltr'>laborare</span> <span class='ocrx_word' id='word_1_120' title='bbox 977 1340 1054 1370; x_wconf 88' lang='lat' dir='ltr'>eas</span> <span class='ocrx_word' id='word_1_121' title='bbox 1078 1342 1157 1383; x_wconf 89' lang='lat' dir='ltr'>pro</span> <span class='ocrx_word' id='word_1_122' title='bbox 1195 1327 1327 1371; x_wconf 89' lang='lat' dir='ltr'>nobis</span> <span class='ocrx_word' id='word_1_123' title='bbox 1351 1328 1504 1371; x_wconf 81' lang='lat' dir='ltr'>facit.»</span> <span class='ocrx_word' id='word_1_124' title='bbox 1548 1330 1719 1372; x_wconf 89' lang='lat' dir='ltr'>Verum</span> <span class='ocrx_word' id='word_1_125' title='bbox 1751 1330 1870 1372; x_wconf 89' lang='lat' dir='ltr'>hanc</span> 
     </span>
     <span class='ocr_line' id='line_1_16' title="bbox 227 1401 1871 1462; baseline 0.004 -19"><span class='ocrx_word' id='word_1_126' title='bbox 227 1401 444 1443; x_wconf 84' lang='lat' dir='ltr'>continuo</span> <span class='ocrx_word' id='word_1_127' title='bbox 482 1402 721 1458; x_wconf 87' lang='lat' dir='ltr'>suggillas.</span> <span class='ocrx_word' id='word_1_128' title='bbox 764 1404 829 1446; x_wconf 91' lang='lat' dir='ltr'>Ita</span> <span class='ocrx_word' id='word_1_129' title='bbox 867 1403 987 1455; x_wconf 86' lang='lat' dir='ltr'>enim</span> <span class='ocrx_word' id='word_1_130' title='bbox 1028 1405 1206 1461; x_wconf 75' lang='lat' dir='ltr'>(inquis)</span> <span class='ocrx_word' id='word_1_131' title='bbox 1242 1405 1654 1462; x_wconf 86' lang='lat' dir='ltr'>contemplabimur</span> <span class='ocrx_word' id='word_1_132' title='bbox 1694 1421 1798 1450; x_wconf 90' lang='lat' dir='ltr'>eum</span> <span class='ocrx_word' id='word_1_133' title='bbox 1824 1406 1871 1450; x_wconf 92' lang='lat' dir='ltr'>in</span> 
     </span>
     <span class='ocr_line' id='line_1_17' title="bbox 215 1479 1864 1538; baseline 0.003 -17"><span class='ocrx_word' id='word_1_134' title='bbox 215 1479 445 1534; x_wconf 31' lang='lat' dir='ltr'>*creaturis</span> <span class='ocrx_word' id='word_1_135' title='bbox 480 1479 778 1524; x_wconf 90' lang='lat' dir='ltr'>dormientem</span> <span class='ocrx_word' id='word_1_136' title='bbox 812 1488 857 1524; x_wconf 90' lang='lat' dir='ltr'>et</span> <span class='ocrx_word' id='word_1_137' title='bbox 887 1482 1152 1526; x_wconf 87' lang='lat' dir='ltr'>morientem</span> <span class='ocrx_word' id='word_1_138' title='bbox 1192 1496 1272 1537; x_wconf 92' lang='lat' dir='ltr'>pro</span> <span class='ocrx_word' id='word_1_139' title='bbox 1297 1482 1442 1525; x_wconf 92' lang='lat' dir='ltr'>nobis.</span> <span class='ocrx_word' id='word_1_140' title='bbox 1480 1484 1618 1538; x_wconf 77' lang='lat' dir='ltr'>Quod</span> <span class='ocrx_word' id='word_1_141' title='bbox 1649 1498 1740 1526; x_wconf 89' lang='lat' dir='ltr'>non</span> <span class='ocrx_word' id='word_1_142' title='bbox 1772 1483 1864 1526; x_wconf 82' lang='lat' dir='ltr'>dixi</span> 
     </span>
     <span class='ocr_line' id='line_1_18' title="bbox 228 1557 1871 1615; baseline 0.003 -19"><span class='ocrx_word' id='word_1_143' title='bbox 228 1557 466 1608; x_wconf 88' lang='lat' dir='ltr'>hactenus,</span> <span class='ocrx_word' id='word_1_144' title='bbox 509 1571 631 1599; x_wconf 89' lang='lat' dir='ltr'>nunc</span> <span class='ocrx_word' id='word_1_145' title='bbox 654 1571 795 1613; x_wconf 89' lang='lat' dir='ltr'>cogor</span> <span class='ocrx_word' id='word_1_146' title='bbox 818 1572 907 1600; x_wconf 92' lang='lat' dir='ltr'>non</span> <span class='ocrx_word' id='word_1_147' title='bbox 933 1565 1098 1602; x_wconf 91' lang='lat' dir='ltr'>tacere:</span> <span class='ocrx_word' id='word_1_148' title='bbox 1127 1566 1186 1610; x_wconf 91' lang='lat' dir='ltr'>te,</span> <span class='ocrx_word' id='word_1_149' title='bbox 1214 1559 1333 1603; x_wconf 88' lang='lat' dir='ltr'>bone</span> <span class='ocrx_word' id='word_1_150' title='bbox 1360 1561 1510 1611; x_wconf 84' lang='lat' dir='ltr'>Pater,</span> <span class='ocrx_word' id='word_1_151' title='bbox 1537 1559 1871 1615; x_wconf 75' lang='lat' dir='ltr'>praeuaricato-</span> 
     </span>
     <span class='ocr_line' id='line_1_19' title="bbox 230 1634 1867 1693; baseline 0.004 -19"><span class='ocrx_word' id='word_1_152' title='bbox 230 1646 323 1675; x_wconf 88' lang='lat' dir='ltr'>rem</span> <span class='ocrx_word' id='word_1_153' title='bbox 348 1634 480 1688; x_wconf 90' lang='lat' dir='ltr'>plane</span> <span class='ocrx_word' id='word_1_154' title='bbox 498 1635 585 1676; x_wconf 90' lang='lat' dir='ltr'>hac</span> <span class='ocrx_word' id='word_1_155' title='bbox 597 1648 790 1678; x_wconf 89' lang='lat' dir='ltr'>censura</span> <span class='ocrx_word' id='word_1_156' title='bbox 813 1650 950 1691; x_wconf 89' lang='lat' dir='ltr'>agere</span> <span class='ocrx_word' id='word_1_157' title='bbox 972 1635 1131 1678; x_wconf 89' lang='lat' dir='ltr'>videri.</span> <span class='ocrx_word' id='word_1_158' title='bbox 1160 1637 1262 1692; x_wconf 86' lang='lat' dir='ltr'>Ego</span> <span class='ocrx_word' id='word_1_159' title='bbox 1282 1643 1433 1680; x_wconf 90' lang='lat' dir='ltr'>tamen</span> <span class='ocrx_word' id='word_1_160' title='bbox 1454 1651 1547 1679; x_wconf 88' lang='lat' dir='ltr'>non</span> <span class='ocrx_word' id='word_1_161' title='bbox 1567 1645 1610 1680; x_wconf 87' lang='lat' dir='ltr'>te</span> <span class='ocrx_word' id='word_1_162' title='bbox 1629 1637 1867 1693; x_wconf 89' lang='lat' dir='ltr'>supposui.</span> 
     </span>
     <span class='ocr_line' id='line_1_20' title="bbox 229 1710 1869 1769; baseline 0.003 -18"><span class='ocrx_word' id='word_1_163' title='bbox 229 1710 344 1765; x_wconf 77' lang='lat' dir='ltr'>Quis</span> <span class='ocrx_word' id='word_1_164' title='bbox 367 1712 500 1766; x_wconf 83' lang='lat' dir='ltr'>ergo?</span> <span class='ocrx_word' id='word_1_165' title='bbox 523 1713 622 1754; x_wconf 92' lang='lat' dir='ltr'>Tua</span> <span class='ocrx_word' id='word_1_166' title='bbox 659 1711 854 1767; x_wconf 91' lang='lat' dir='ltr'>teipsum</span> <span class='ocrx_word' id='word_1_167' title='bbox 894 1712 1192 1769; x_wconf 85' lang='lat' dir='ltr'>negligentia,</span> <span class='ocrx_word' id='word_1_168' title='bbox 1219 1728 1275 1756; x_wconf 91' lang='lat' dir='ltr'>ne</span> <span class='ocrx_word' id='word_1_169' title='bbox 1297 1713 1420 1756; x_wconf 87' lang='lat' dir='ltr'>aliud</span> <span class='ocrx_word' id='word_1_170' title='bbox 1442 1713 1603 1756; x_wconf 87' lang='lat' dir='ltr'>dicam.</span> <span class='ocrx_word' id='word_1_171' title='bbox 1646 1715 1750 1757; x_wconf 88' lang='lat' dir='ltr'>Non</span> <span class='ocrx_word' id='word_1_172' title='bbox 1773 1714 1869 1758; x_wconf 89' lang='lat' dir='ltr'>ani-</span> 
     </span>
     <span class='ocr_line' id='line_1_21' title="bbox 230 1788 1867 1847; baseline 0.003 -19"><span class='ocrx_word' id='word_1_173' title='bbox 230 1788 476 1831; x_wconf 87' lang='lat' dir='ltr'>maduertis</span> <span class='ocrx_word' id='word_1_174' title='bbox 502 1796 545 1832; x_wconf 89' lang='lat' dir='ltr'>te</span> <span class='ocrx_word' id='word_1_175' title='bbox 576 1797 698 1831; x_wconf 90' lang='lat' dir='ltr'>tuam</span> <span class='ocrx_word' id='word_1_176' title='bbox 739 1803 921 1832; x_wconf 89' lang='lat' dir='ltr'>causam</span> <span class='ocrx_word' id='word_1_177' title='bbox 961 1791 1150 1845; x_wconf 85' lang='lat' dir='ltr'>perdere</span> <span class='ocrx_word' id='word_1_178' title='bbox 1178 1798 1224 1834; x_wconf 94' lang='lat' dir='ltr'>et</span> <span class='ocrx_word' id='word_1_179' title='bbox 1262 1798 1463 1833; x_wconf 89' lang='lat' dir='ltr'>nostram</span> <span class='ocrx_word' id='word_1_180' title='bbox 1505 1791 1867 1847; x_wconf 88' lang='lat' dir='ltr'>[contemplatio-</span> 
     </span>
     <span class='ocr_line' id='line_1_22' title="bbox 230 1866 1874 1923; baseline 0.002 -17"><span class='ocrx_word' id='word_1_181' title='bbox 230 1866 349 1920; x_wconf 90' lang='lat' dir='ltr'>nem]</span> <span class='ocrx_word' id='word_1_182' title='bbox 377 1873 391 1889; x_wconf 54' lang='grc' dir='ltr'>Ε</span> <span class='ocrx_word' id='word_1_183' title='bbox 415 1866 687 1909; x_wconf 85' lang='lat' dir='ltr'>confirmare</span> <span class='ocrx_word' id='word_1_184' title='bbox 726 1868 1040 1911; x_wconf 86' lang='lat' dir='ltr'>vehementer?</span> <span class='ocrx_word' id='word_1_185' title='bbox 1078 1868 1197 1910; x_wconf 89' lang='lat' dir='ltr'>Nam</span> <span class='ocrx_word' id='word_1_186' title='bbox 1227 1866 1265 1910; x_wconf 91' lang='lat' dir='ltr'>si</span> <span class='ocrx_word' id='word_1_187' title='bbox 1304 1867 1725 1923; x_wconf 87' lang='lat' dir='ltr'>interpretationem</span> <span class='ocrx_word' id='word_1_188' title='bbox 1754 1867 1874 1910; x_wconf 90' lang='lat' dir='ltr'>illam</span> 
     </span>
     <span class='ocr_line' id='line_1_23' title="bbox 231 1942 1873 1997; baseline 0.002 -14"><span class='ocrx_word' id='word_1_189' title='bbox 231 1942 445 1994; x_wconf 86' lang='lat' dir='ltr'>admittis,</span> <span class='ocrx_word' id='word_1_190' title='bbox 465 1944 669 1986; x_wconf 88' lang='lat' dir='ltr'>laborare</span> <span class='ocrx_word' id='word_1_191' title='bbox 692 1945 840 1986; x_wconf 87' lang='lat' dir='ltr'>Deum</span> <span class='ocrx_word' id='word_1_192' title='bbox 865 1944 910 1986; x_wconf 91' lang='lat' dir='ltr'>in</span> <span class='ocrx_word' id='word_1_193' title='bbox 933 1944 1169 1996; x_wconf 89' lang='lat' dir='ltr'>creaturis,</span> <span class='ocrx_word' id='word_1_194' title='bbox 1187 1947 1274 1987; x_wconf 90' lang='lat' dir='ltr'>hoc</span> <span class='ocrx_word' id='word_1_195' title='bbox 1297 1953 1383 1997; x_wconf 88' lang='lat' dir='ltr'>est,</span> <span class='ocrx_word' id='word_1_196' title='bbox 1405 1945 1609 1988; x_wconf 89' lang='lat' dir='ltr'>laborare</span> <span class='ocrx_word' id='word_1_197' title='bbox 1634 1944 1873 1989; x_wconf 87' lang='lat' dir='ltr'>facientem</span> 
     </span>
     <span class='ocr_line' id='line_1_24' title="bbox 229 2021 1874 2078; baseline 0.002 -18"><span class='ocrx_word' id='word_1_198' title='bbox 229 2027 481 2062; x_wconf 88' lang='lat' dir='ltr'>creaturam</span> <span class='ocrx_word' id='word_1_199' title='bbox 506 2035 586 2076; x_wconf 90' lang='lat' dir='ltr'>pro</span> <span class='ocrx_word' id='word_1_200' title='bbox 623 2021 771 2073; x_wconf 87' lang='lat' dir='ltr'>nobis,</span> <span class='ocrx_word' id='word_1_201' title='bbox 799 2021 907 2076; x_wconf 87' lang='lat' dir='ltr'>quid</span> <span class='ocrx_word' id='word_1_202' title='bbox 945 2023 1137 2066; x_wconf 87' lang='lat' dir='ltr'>obsecro</span> <span class='ocrx_word' id='word_1_203' title='bbox 1177 2022 1324 2078; x_wconf 88' lang='lat' dir='ltr'>magis</span> <span class='ocrx_word' id='word_1_204' title='bbox 1347 2022 1544 2078; x_wconf 88' lang='lat' dir='ltr'>proprie,</span> <span class='ocrx_word' id='word_1_205' title='bbox 1579 2022 1687 2078; x_wconf 91' lang='lat' dir='ltr'>quid</span> <span class='ocrx_word' id='word_1_206' title='bbox 1711 2022 1874 2065; x_wconf 85' lang='lat' dir='ltr'>acriter</span> 
     </span>
     <span class='ocr_line' id='line_1_25' title="bbox 231 2097 1878 2155; baseline 0.002 -17"><span class='ocrx_word' id='word_1_207' title='bbox 231 2097 376 2151; x_wconf 85' lang='lat' dir='ltr'>magis</span> <span class='ocrx_word' id='word_1_208' title='bbox 399 2098 455 2139; x_wconf 89' lang='lat' dir='ltr'>ad</span> <span class='ocrx_word' id='word_1_209' title='bbox 478 2098 771 2140; x_wconf 87' lang='lat' dir='ltr'>excitandum</span> <span class='ocrx_word' id='word_1_210' title='bbox 794 2099 841 2140; x_wconf 92' lang='lat' dir='ltr'>in</span> <span class='ocrx_word' id='word_1_211' title='bbox 865 2099 997 2142; x_wconf 86' lang='lat' dir='ltr'>nobis</span> <span class='ocrx_word' id='word_1_212' title='bbox 1020 2112 1221 2143; x_wconf 89' lang='lat' dir='ltr'>amorem</span> <span class='ocrx_word' id='word_1_213' title='bbox 1246 2099 1332 2142; x_wconf 88' lang='lat' dir='ltr'>Dei</span> <span class='ocrx_word' id='word_1_214' title='bbox 1356 2099 1521 2142; x_wconf 91' lang='lat' dir='ltr'>adduci</span> <span class='ocrx_word' id='word_1_215' title='bbox 1544 2100 1715 2155; x_wconf 81' lang='lat' dir='ltr'>potest?</span> <span class='ocrx_word' id='word_1_216' title='bbox 1734 2100 1878 2142; x_wconf 90' lang='lat' dir='ltr'>Labo-</span> 
     </span>
     <span class='ocr_line' id='line_1_26' title="bbox 235 2175 1876 2231; baseline 0.002 -17"><span class='ocrx_word' id='word_1_217' title='bbox 235 2182 302 2215; x_wconf 88' lang='lat' dir='ltr'>rat</span> <span class='ocrx_word' id='word_1_218' title='bbox 325 2175 444 2217; x_wconf 88' lang='lat' dir='ltr'>enim</span> <span class='ocrx_word' id='word_1_219' title='bbox 469 2177 596 2219; x_wconf 87' lang='lat' dir='ltr'>Deus</span> <span class='ocrx_word' id='word_1_220' title='bbox 617 2175 664 2217; x_wconf 90' lang='lat' dir='ltr'>in</span> <span class='ocrx_word' id='word_1_221' title='bbox 686 2175 972 2219; x_wconf 88' lang='lat' dir='ltr'>humanitate</span> <span class='ocrx_word' id='word_1_222' title='bbox 995 2175 1069 2219; x_wconf 81' lang='grc' dir='ltr'>Χ.ἰ</span> <span class='ocrx_word' id='word_1_223' title='bbox 1091 2177 1148 2219; x_wconf 89' lang='lat' dir='ltr'>ad</span> <span class='ocrx_word' id='word_1_224' title='bbox 1173 2183 1367 2220; x_wconf 88' lang='lat' dir='ltr'>mortem</span> <span class='ocrx_word' id='word_1_225' title='bbox 1389 2190 1547 2231; x_wconf 88' lang='lat' dir='ltr'>vsque,</span> <span class='ocrx_word' id='word_1_226' title='bbox 1568 2176 1750 2228; x_wconf 84' lang='lat' dir='ltr'>dormit,</span> <span class='ocrx_word' id='word_1_227' title='bbox 1774 2176 1876 2219; x_wconf 89' lang='lat' dir='ltr'>fati-</span> 
     </span>
     <span class='ocr_line' id='line_1_27' title="bbox 233 2252 1878 2309; baseline 0.001 -15"><span class='ocrx_word' id='word_1_228' title='bbox 233 2260 369 2305; x_wconf 75' lang='lat' dir='ltr'>gatur</span> <span class='ocrx_word' id='word_1_229' title='bbox 392 2267 447 2295; x_wconf 85' lang='lat' dir='ltr'>ex</span> <span class='ocrx_word' id='word_1_230' title='bbox 480 2252 657 2305; x_wconf 88' lang='lat' dir='ltr'>itinere,</span> <span class='ocrx_word' id='word_1_231' title='bbox 699 2253 1009 2306; x_wconf 83' lang='lat' dir='ltr'>lachrimatur,</span> <span class='ocrx_word' id='word_1_232' title='bbox 1050 2261 1139 2298; x_wconf 91' lang='lat' dir='ltr'>etc.</span> <span class='ocrx_word' id='word_1_233' title='bbox 1170 2254 1177 2309; x_wconf 87' lang='grc' dir='ltr'>Ι</span> <span class='ocrx_word' id='word_1_234' title='bbox 1206 2255 1269 2297; x_wconf 91' lang='lat' dir='ltr'>At</span> <span class='ocrx_word' id='word_1_235' title='bbox 1292 2253 1394 2308; x_wconf 90' lang='lat' dir='ltr'>quis</span> <span class='ocrx_word' id='word_1_236' title='bbox 1417 2255 1506 2296; x_wconf 88' lang='lat' dir='ltr'>hoc</span> <span class='ocrx_word' id='word_1_237' title='bbox 1538 2253 1729 2309; x_wconf 87' lang='lat' dir='ltr'>patitur?</span> <span class='ocrx_word' id='word_1_238' title='bbox 1751 2255 1878 2296; x_wconf 88' lang='lat' dir='ltr'>Deus</span> 
     </span>
     <span class='ocr_line' id='line_1_28' title="bbox 236 2329 1878 2386; baseline 0.002 -17"><span class='ocrx_word' id='word_1_239' title='bbox 236 2329 280 2370; x_wconf 89' lang='lat' dir='ltr'>in</span> <span class='ocrx_word' id='word_1_240' title='bbox 311 2329 614 2373; x_wconf 86' lang='lat' dir='ltr'>humanitate.</span> <span class='ocrx_word' id='word_1_241' title='bbox 653 2329 769 2385; x_wconf 75' lang='lat' dir='ltr'>Quis</span> <span class='ocrx_word' id='word_1_242' title='bbox 809 2329 936 2373; x_wconf 87' lang='lat' dir='ltr'>facit?</span> <span class='ocrx_word' id='word_1_243' title='bbox 975 2331 1092 2386; x_wconf 39' lang='lat' dir='ltr'>,Quis</span> <span class='ocrx_word' id='word_1_244' title='bbox 1124 2330 1367 2386; x_wconf 88' lang='lat' dir='ltr'>praecipit?</span> <span class='ocrx_word' id='word_1_245' title='bbox 1400 2333 1543 2383; x_wconf 84' lang='lat' dir='ltr'>Deus,</span> <span class='ocrx_word' id='word_1_246' title='bbox 1580 2330 1657 2385; x_wconf 89' lang='lat' dir='ltr'>qui</span> <span class='ocrx_word' id='word_1_247' title='bbox 1696 2330 1878 2374; x_wconf 89' lang='lat' dir='ltr'>tradidit</span> 
     </span>
     <span class='ocr_line' id='line_1_29' title="bbox 232 2405 1873 2463; baseline 0.002 -17"><span class='ocrx_word' id='word_1_248' title='bbox 232 2405 371 2447; x_wconf 82' lang='lat' dir='ltr'>filium</span> <span class='ocrx_word' id='word_1_249' title='bbox 397 2406 441 2447; x_wconf 89' lang='lat' dir='ltr'>in</span> <span class='ocrx_word' id='word_1_250' title='bbox 466 2415 672 2459; x_wconf 89' lang='lat' dir='ltr'>mortem,</span> <span class='ocrx_word' id='word_1_251' title='bbox 699 2414 836 2461; x_wconf 90' lang='lat' dir='ltr'>atque</span> <span class='ocrx_word' id='word_1_252' title='bbox 858 2407 972 2451; x_wconf 91' lang='lat' dir='ltr'>adeo</span> <span class='ocrx_word' id='word_1_253' title='bbox 997 2415 1088 2450; x_wconf 88' lang='lat' dir='ltr'>tota</span> <span class='ocrx_word' id='word_1_254' title='bbox 1121 2407 1336 2460; x_wconf 85' lang='lat' dir='ltr'>Trinitas3</span> <span class='ocrx_word' id='word_1_255' title='bbox 1363 2415 1408 2451; x_wconf 88' lang='lat' dir='ltr'>et</span> <span class='ocrx_word' id='word_1_256' title='bbox 1438 2407 1544 2451; x_wconf 88' lang='lat' dir='ltr'>fecit</span> <span class='ocrx_word' id='word_1_257' title='bbox 1569 2409 1738 2463; x_wconf 89' lang='lat' dir='ltr'>Xpurn.</span> <span class='ocrx_word' id='word_1_258' title='bbox 1766 2422 1873 2463; x_wconf 93' lang='lat' dir='ltr'>pec-</span> 
     </span>
     <span class='ocr_line' id='line_1_30' title="bbox 233 2480 1876 2540; baseline 0.002 -17"><span class='ocrx_word' id='word_1_259' title='bbox 233 2489 401 2534; x_wconf 90' lang='lat' dir='ltr'>catum,</span> <span class='ocrx_word' id='word_1_260' title='bbox 435 2484 522 2526; x_wconf 89' lang='lat' dir='ltr'>hoc</span> <span class='ocrx_word' id='word_1_261' title='bbox 561 2492 645 2536; x_wconf 91' lang='lat' dir='ltr'>est,</span> <span class='ocrx_word' id='word_1_262' title='bbox 667 2490 741 2536; x_wconf 72' lang='grc' dir='ltr'>περὶ</span> <span class='ocrx_word' id='word_1_263' title='bbox 770 2490 946 2537; x_wconf 78' lang='grc' dir='ltr'>ἁμαρτίαν,</span> <span class='ocrx_word' id='word_1_264' title='bbox 972 2484 1016 2527; x_wconf 91' lang='lat' dir='ltr'>id</span> <span class='ocrx_word' id='word_1_265' title='bbox 1056 2492 1141 2537; x_wconf 90' lang='lat' dir='ltr'>est,</span> <span class='ocrx_word' id='word_1_266' title='bbox 1169 2484 1365 2527; x_wconf 87' lang='lat' dir='ltr'>hostiam</span> <span class='ocrx_word' id='word_1_267' title='bbox 1399 2499 1480 2540; x_wconf 90' lang='lat' dir='ltr'>pro</span> <span class='ocrx_word' id='word_1_268' title='bbox 1519 2480 1722 2540; x_wconf 88' lang='lat' dir='ltr'>peccato.</span> <span class='ocrx_word' id='word_1_269' title='bbox 1749 2486 1876 2528; x_wconf 89' lang='lat' dir='ltr'>Haec</span> 
     </span>
     <span class='ocr_line' id='line_1_31' title="bbox 233 2560 1875 2617; baseline 0.004 -17"><span class='ocrx_word' id='word_1_270' title='bbox 233 2574 371 2613; x_wconf 81' lang='lat' dir='ltr'>quum</span> <span class='ocrx_word' id='word_1_271' title='bbox 397 2560 457 2603; x_wconf 90' lang='lat' dir='ltr'>ita</span> <span class='ocrx_word' id='word_1_272' title='bbox 480 2560 586 2612; x_wconf 90' lang='lat' dir='ltr'>sint,</span> <span class='ocrx_word' id='word_1_273' title='bbox 613 2576 704 2603; x_wconf 92' lang='lat' dir='ltr'>non</span> <span class='ocrx_word' id='word_1_274' title='bbox 728 2563 876 2604; x_wconf 91' lang='lat' dir='ltr'>solum</span> <span class='ocrx_word' id='word_1_275' title='bbox 896 2569 991 2604; x_wconf 83' lang='lat' dir='ltr'>turn</span> <span class='ocrx_word' id='word_1_276' title='bbox 1015 2562 1411 2606; x_wconf 89' lang='lat' dir='ltr'>doctores-locum</span> <span class='ocrx_word' id='word_1_277' title='bbox 1443 2561 1618 2614; x_wconf 87' lang='lat' dir='ltr'>Esaiae,</span> <span class='ocrx_word' id='word_1_278' title='bbox 1651 2561 1722 2617; x_wconf 87' lang='lat' dir='ltr'>p.⁰</span> <span class='ocrx_word' id='word_1_279' title='bbox 1752 2575 1875 2617; x_wconf 87' lang='lat' dir='ltr'>cap.,</span> 
     </span>
     <span class='ocr_line' id='line_1_32' title="bbox 235 2635 1880 2695; baseline 0.003 -20"><span class='ocrx_word' id='word_1_280' title='bbox 235 2635 516 2691; x_wconf 84' lang='lat' dir='ltr'>interpretati</span> <span class='ocrx_word' id='word_1_281' title='bbox 541 2645 588 2679; x_wconf 88' lang='lat' dir='ltr'>vt</span> <span class='ocrx_word' id='word_1_282' title='bbox 618 2639 769 2681; x_wconf 90' lang='lat' dir='ltr'>locum</span> <span class='ocrx_word' id='word_1_283' title='bbox 799 2639 1063 2694; x_wconf 86' lang='lat' dir='ltr'>Geneseos,</span> <span class='ocrx_word' id='word_1_284' title='bbox 1091 2650 1145 2681; x_wconf 88' lang='lat'>22</span> <span class='ocrx_word' id='word_1_285' title='bbox 1170 2652 1291 2695; x_wconf 89' lang='lat' dir='ltr'>cap.;</span> <span class='ocrx_word' id='word_1_286' title='bbox 1324 2639 1405 2682; x_wconf 92' lang='lat' dir='ltr'>sed</span> <span class='ocrx_word' id='word_1_287' title='bbox 1432 2638 1575 2682; x_wconf 87' lang='lat' dir='ltr'>illum:</span> <span class='ocrx_word' id='word_1_288' title='bbox 1605 2637 1786 2681; x_wconf 87' lang='lat' dir='ltr'>«Habui</span> <span class='ocrx_word' id='word_1_289' title='bbox 1807 2652 1880 2680; x_wconf 92' lang='lat' dir='ltr'>me</span> 
     </span>
    </p>
   </div>
   <div class='ocr_carea' id='block_1_3' title="bbox 254 2742 388 2746">
    <p class='ocr_par' dir='ltr' id='par_1_6' title="bbox 254 2742 388 2746">
     <span class='ocr_line' id='line_1_33' title="bbox 254 2742 388 2746; baseline 0 0"><span class='ocrx_word' id='word_1_290' title='bbox 254 2742 388 2746; x_wconf 95' lang='lat' dir='ltr'> </span> 
     </span>
    </p>
   </div>
   <div class='ocr_carea' id='block_1_4' title="bbox 389 2744 517 2748">
    <p class='ocr_par' dir='ltr' id='par_1_7' title="bbox 389 2744 517 2748">
     <span class='ocr_line' id='line_1_34' title="bbox 389 2744 517 2748; baseline 0 0"><span class='ocrx_word' id='word_1_291' title='bbox 389 2744 517 2748; x_wconf 95' lang='lat' dir='ltr'> </span> 
     </span>
    </p>
   </div>
   <div class='ocr_carea' id='block_1_5' title="bbox 234 2798 1882 3083">
    <p class='ocr_par' dir='ltr' id='par_1_8' title="bbox 234 2798 1882 3083">
     <span class='ocr_line' id='line_1_35' title="bbox 305 2798 1877 2844; baseline 0.002 -12"><span class='ocrx_word' id='word_1_292' title='bbox 305 2808 320 2823; x_wconf 50' lang='grc' dir='ltr'><strong>ἢ</strong></span> <span class='ocrx_word' id='word_1_293' title='bbox 349 2798 608 2833; x_wconf 85' lang='lat' dir='ltr'>Emendatum</span> <span class='ocrx_word' id='word_1_294' title='bbox 628 2811 649 2833; x_wconf 89' lang='lat' dir='ltr'>a</span> <span class='ocrx_word' id='word_1_295' title='bbox 669 2799 762 2834; x_wconf 90' lang='lat' dir='ltr'>Nat.</span> <span class='ocrx_word' id='word_1_296' title='bbox 788 2801 861 2835; x_wconf 92' lang='lat' dir='ltr'>hoc</span> <span class='ocrx_word' id='word_1_297' title='bbox 880 2801 990 2838; x_wconf 86' lang='lat' dir='ltr'>verb.</span> <span class='ocrx_word' id='word_1_298' title='bbox 1033 2801 1099 2827; x_wconf 89' lang='lat' dir='ltr'>—b</span> <span class='ocrx_word' id='word_1_299' title='bbox 1118 2799 1325 2837; x_wconf 89' lang='lat' dir='ltr'>Emendat.</span> <span class='ocrx_word' id='word_1_300' title='bbox 1347 2811 1368 2834; x_wconf 94' lang='lat' dir='ltr'>a</span> <span class='ocrx_word' id='word_1_301' title='bbox 1388 2799 1478 2835; x_wconf 91' lang='lat' dir='ltr'>Nat.</span> <span class='ocrx_word' id='word_1_302' title='bbox 1496 2810 1545 2834; x_wconf 87' lang='lat' dir='ltr'>ex</span> <span class='ocrx_word' id='word_1_303' title='bbox 1563 2799 1668 2844; x_wconf 80' lang='lat' dir='ltr'>Quis</span> <span class='ocrx_word' id='word_1_304' title='bbox 1682 2802 1725 2834; x_wconf 84' lang='lat' dir='ltr'>tu</span> <span class='ocrx_word' id='word_1_305' title='bbox 1743 2800 1877 2839; x_wconf 75' lang='lat' dir='ltr'>addis,</span> 
     </span>
     <span class='ocr_line' id='line_1_36' title="bbox 236 2856 1881 2905; baseline 0.003 -15"><span class='ocrx_word' id='word_1_306' title='bbox 236 2865 299 2881; x_wconf 72' lang='lat' dir='ltr'>-c</span> <span class='ocrx_word' id='word_1_307' title='bbox 328 2856 402 2891; x_wconf 89' lang='lat' dir='ltr'>Hic</span> <span class='ocrx_word' id='word_1_308' title='bbox 421 2857 565 2892; x_wconf 87' lang='lat' dir='ltr'>desinit</span> <span class='ocrx_word' id='word_1_309' title='bbox 584 2858 730 2894; x_wconf 84' lang='lat' dir='ltr'>librarii</span> <span class='ocrx_word' id='word_1_310' title='bbox 747 2871 899 2905; x_wconf 85' lang='lat' dir='ltr'>manus,</span> <span class='ocrx_word' id='word_1_311' title='bbox 916 2864 956 2894; x_wconf 90' lang='lat' dir='ltr'>et</span> <span class='ocrx_word' id='word_1_312' title='bbox 975 2858 1126 2894; x_wconf 85' lang='lat' dir='ltr'>Natalis</span> <span class='ocrx_word' id='word_1_313' title='bbox 1145 2858 1192 2894; x_wconf 86' lang='lat' dir='ltr'>ad</span> <span class='ocrx_word' id='word_1_314' title='bbox 1211 2859 1329 2894; x_wconf 89' lang='lat' dir='ltr'>finem</span> <span class='ocrx_word' id='word_1_315' title='bbox 1344 2869 1469 2905; x_wconf 89' lang='lat' dir='ltr'>usque</span> <span class='ocrx_word' id='word_1_316' title='bbox 1488 2858 1751 2905; x_wconf 89' lang='lat' dir='ltr'>prosequitur.</span> <span class='ocrx_word' id='word_1_317' title='bbox 1766 2859 1881 2905; x_wconf 79' lang='lat' dir='ltr'>Quae</span> 
     </span>
     <span class='ocr_line' id='line_1_37' title="bbox 236 2915 1882 2963; baseline 0.004 -16"><span class='ocrx_word' id='word_1_318' title='bbox 236 2921 451 2959; x_wconf 80' lang='lat' dir='ltr'>sequuntur</span> <span class='ocrx_word' id='word_1_319' title='bbox 469 2915 675 2963; x_wconf 86' lang='lat' dir='ltr'>desumpta</span> <span class='ocrx_word' id='word_1_320' title='bbox 694 2923 785 2952; x_wconf 89' lang='lat' dir='ltr'>sunt</span> <span class='ocrx_word' id='word_1_321' title='bbox 805 2929 853 2953; x_wconf 90' lang='lat' dir='ltr'>ex</span> <span class='ocrx_word' id='word_1_322' title='bbox 876 2917 972 2953; x_wconf 87' lang='lat' dir='ltr'>Cod.</span> <span class='ocrx_word' id='word_1_323' title='bbox 999 2918 1126 2954; x_wconf 87' lang='lat' dir='ltr'>Vatic.</span> <span class='ocrx_word' id='word_1_324' title='bbox 1144 2927 1186 2962; x_wconf 88' lang='lat'>4,</span> <span class='ocrx_word' id='word_1_325' title='bbox 1205 2917 1273 2953; x_wconf 83' lang='lat' dir='ltr'>fol.</span> <span class='ocrx_word' id='word_1_326' title='bbox 1294 2926 1314 2962; x_wconf 85' lang='lat'><strong>5</strong></span> <span class='ocrx_word' id='word_1_327' title='bbox 1335 2929 1370 2953; x_wconf 90' lang='lat' dir='ltr'>r.</span> <span class='ocrx_word' id='word_1_328' title='bbox 1427 2918 1492 2944; x_wconf 87' lang='lat' dir='ltr'>-d</span> <span class='ocrx_word' id='word_1_329' title='bbox 1520 2917 1695 2952; x_wconf 89' lang='lat' dir='ltr'>Verbum</span> <span class='ocrx_word' id='word_1_330' title='bbox 1710 2918 1882 2954; x_wconf 89' lang='lat' dir='ltr'>obscure-</span> 
     </span>
     <span class='ocr_line' id='line_1_38' title="bbox 234 2972 1880 3023; baseline 0.004 -17"><span class='ocrx_word' id='word_1_331' title='bbox 234 2972 441 3008; x_wconf 82' lang='lat' dir='ltr'>admodum</span> <span class='ocrx_word' id='word_1_332' title='bbox 461 2981 676 3021; x_wconf 85' lang='lat' dir='ltr'>exaratum,</span> <span class='ocrx_word' id='word_1_333' title='bbox 698 2976 802 3022; x_wconf 88' lang='lat' dir='ltr'>quod</span> <span class='ocrx_word' id='word_1_334' title='bbox 821 2976 1071 3023; x_wconf 85' lang='lat' dir='ltr'>interpretari</span> <span class='ocrx_word' id='word_1_335' title='bbox 1090 2987 1166 3012; x_wconf 90' lang='lat' dir='ltr'>non</span> <span class='ocrx_word' id='word_1_336' title='bbox 1185 2977 1398 3023; x_wconf 87' lang='lat' dir='ltr'>potuimus.</span> <span class='ocrx_word' id='word_1_337' title='bbox 1449 2986 1513 3004; x_wconf 82' lang='lat' dir='ltr'>-e</span> <span class='ocrx_word' id='word_1_338' title='bbox 1540 2976 1626 3011; x_wconf 92' lang='lat' dir='ltr'>Hoc</span> <span class='ocrx_word' id='word_1_339' title='bbox 1646 2977 1757 3012; x_wconf 87' lang='lat' dir='ltr'>verb.</span> <span class='ocrx_word' id='word_1_340' title='bbox 1776 2976 1880 3013; x_wconf 34' lang='lat' dir='ltr'>desi*</span> 
     </span>
     <span class='ocr_line' id='line_1_39' title="bbox 236 3025 1304 3083; baseline 0.007 -18"><span class='ocrx_word' id='word_1_341' title='bbox 236 3031 394 3067; x_wconf 87' lang='lat' dir='ltr'>deratur</span> <span class='ocrx_word' id='word_1_342' title='bbox 412 3034 450 3068; x_wconf 87' lang='lat' dir='ltr'>in</span> <span class='ocrx_word' id='word_1_343' title='bbox 472 3045 559 3071; x_wconf 77' lang='lat' dir='ltr'>ms..</span> <span class='ocrx_word' id='word_1_344' title='bbox 580 3045 625 3069; x_wconf 90' lang='lat' dir='ltr'>eo</span> <span class='ocrx_word' id='word_1_345' title='bbox 643 3035 747 3081; x_wconf 88' lang='lat' dir='ltr'>quod</span> <span class='ocrx_word' id='word_1_346' title='bbox 765 3037 898 3071; x_wconf 85' lang='lat' dir='ltr'>charta</span> <span class='ocrx_word' id='word_1_347' title='bbox 917 3025 1147 3083; x_wconf 84' lang='lat' dir='ltr'>consumpta</span> <span class='ocrx_word' id='word_1_348' title='bbox 1167 3036 1304 3072; x_wconf 81' lang='lat' dir='ltr'>fuerit.</span> 
     </span>
    </p>
   </div>
  </div>
 </body>
</html>
