2028 3426
310 271 375 307 166
778 269 931 304 PATms
958 268 994 302 H
999 274 1202 302 tERONYmi
1228 263 1380 299 NADAL

195 421 198 425 ,
259 373 391 417 nobis
414 378 662 416 occurrunt
683 370 976 427 proponenda
999 366 1269 423 compendio
1292 367 1350 408 D.
1372 366 1430 408 V.
1451 365 1642 416 Illmae.,
1672 370 1721 408 ut
1751 378 1807 408 ex
1835 363 1903 410 eis
1947 405 1949 410 ,
2000 362 2001 405 ξ

262 451 319 494 ad
341 451 514 495 Smum.
541 451 600 493 D.
626 449 683 492 N.
710 449 879 492 referre
902 445 1042 502 possit
1065 445 1121 488 de
1145 450 1301 486 nostra
1323 455 1479 486 causa.
1940 428 1942 430 ’

350 529 477 571 Deus
499 533 658 570 auctor
679 535 747 568 est
772 523 968 579 religiosi
993 520 1205 573 instituti,
1226 520 1300 562 uel
1318 533 1398 575 per
1416 518 1743 564 reuelationem
1761 517 1901 562 diser·
1935 537 1941 547 =
1982 553 2003 577 ,ς

265 614 372 658 tam,
402 606 472 648 uel
494 619 573 660 per
596 603 780 659 spiritus
802 601 1084 644 instinctum.
1111 601 1172 642 Vt
1195 598 1315 642 enim
1337 597 1544 654 singulos
1568 603 1701 639 uocat
1723 596 1780 638 ad
1802 594 1904 640 reli-
1935 616 1939 622 ·
2002 593 2003 602 ¹

266 683 467 739 gionem,
508 681 570 723 ita
609 680 732 736 prius
769 693 822 722 ac
855 676 1024 721 certius
1052 675 1320 732 religionem
1353 675 1513 731 ipsam:
1546 674 1721 718 nullum
1752 680 1904 717 tamen
1940 708 1941 711 η

266 759 523 802 institutum
553 757 814 813 religiosum
844 754 1158 798 auctoritatem
1189 753 1379 805 obtinet,
1407 751 1493 794 nisi
1520 752 1578 794 ab
1609 750 1801 794 ecclesia
1829 764 1903 793 ro·
1952 741 1969 781 ',

270 851 402 879 mana
439 844 483 880 et
521 849 698 878 summo
737 832 954 890 pontifice
991 831 1049 874 sit
1086 828 1421 882 confirmatum;
1462 843 1551 884 qua
1593 827 1641 870 in
1685 843 1733 872 re
1776 820 1909 872 sedes
1987 850 1990 854 v

270 912 515 970 apostolica
538 926 688 955 errare
712 925 800 953 non
826 917 990 965 potest.
1944 894 1946 897 ¹

361 992 534 1033 Harum
559 1003 708 1033 rerum
736 985 1096 1043 praeclarissima
1122 992 1231 1027 sunt
1259 991 1548 1041 argumenta,
1579 982 1697 1026 sacri
1729 981 1910 1026 ordines

273 1068 364 1112 divi
384 1069 418 1110 F
423 1065 613 1110 rancisci
637 1073 682 1108 et
704 1064 796 1107 divi
819 1062 1066 1107 Dominici.

362 1146 529 1188 Nostra
552 1142 773 1193 Societas,
800 1140 976 1185 etiamsi
998 1139 1182 1183 minima
1205 1146 1289 1191 est,
1314 1146 1360 1182 et
1377 1153 1493 1194 quae
1510 1138 1650 1194 longo
1667 1136 1910 1180 interuallo

275 1222 360 1265 illis
382 1236 471 1264 non
495 1219 552 1263 sit
575 1219 865 1270 conferenda,
894 1217 976 1260 fuit
1001 1224 1151 1260 tamen
1173 1215 1379 1259 similiter
1400 1214 1623 1258 instituta.
1956 1266 1959 1270 Α
1986 1260 2007 1271 Η

369 1301 453 1342 Per
483 1296 710 1353 Ignatium
739 1297 866 1338 Deus
897 1301 1057 1338 auctor
1086 1293 1171 1336 fuit
1200 1292 1342 1336 nostri
1371 1291 1584 1337 instituti.
1615 1291 1720 1343 Hic,
1755 1276 1954 1336 accitis>
1981 1283 1998 1334 .Ϊ.

278 1375 429 1427 sociis,
456 1374 567 1416 illud
589 1371 946 1429 repraesentauit
971 1371 1113 1414 Paulo
1138 1371 1206 1425 3.⁰
1235 1370 1612 1413 confirmandum.
1648 1369 1835 1420 Paulus,
1867 1383 1914 1412 re
1946 1367 1951 1371 ’
2007 1356 2008 1360 ¹

278 1452 447 1503 audita,
474 1457 666 1494 testatus
688 1457 773 1501 est,
800 1449 959 1505 spiritu
984 1448 1067 1492 Dei
1090 1449 1265 1491 afflatos
1283 1446 1424 1489 fuisse
1440 1446 1668 1503 Ignatium
1686 1445 1912 1498 et'socios‚
1978 1443 1995 1486 '-

278 1540 322 1572 et
344 1529 602 1571 institutum
626 1525 914 1570 confirmauit
944 1540 1063 1568 anno
1091 1538 1164 1579 40,
1197 1532 1242 1569 et
1268 1538 1448 1566 rursum
1477 1538 1599 1566 anno
1629 1536 1685 1578 43
1721 1522 1913 1579 plenius;

277 1621 395 1649 anno
420 1619 527 1648 uero
552 1615 607 1659 50
623 1604 773 1662 Julius
798 1617 822 1658 3
856 1602 1130 1660 plenissime.
1159 1601 1337 1657 Reliqui
1361 1608 1594 1657 praeterea
1617 1615 1792 1651 omnes,
1813 1606 1914 1656 post
1955 1587 1995 1660 ,ᾗ

280 1687 378 1736 hos,
404 1681 567 1725 summi
592 1681 843 1738 pontifices,
873 1681 944 1724 uel
967 1680 1060 1723 suis
1083 1678 1333 1735 priuilegiis
1355 1685 1400 1722 et
1422 1677 1814 1729 concessionibus,
1837 1678 1910 1721 uel
1953 1660 1996 1723 d:

282 1761 414 1804 viuae
439 1759 564 1803 uocis
589 1758 784 1802 oraculis
801 1758 1203 1801 confirmauerunt.
1768 1795 1787 1805 „

370 1837 580 1880 Accessit
607 1838 693 1880 sub
737 1835 819 1879 Pio
847 1849 875 1889 4
905 1834 1082 1878 concilii
1116 1834 1349 1879 tridentini
1379 1833 1641 1878 auctoritas.
1679 1834 1802 1877 Sess.
1840 1843 1911 1887 25,

284 1930 382 1971 cap.
417 1915 483 1966 16,
510 1915 566 1958 de
589 1913 892 1970 regularibus.

348 1993 497 2035 ‘Loco
527 1990 885 2034 confirmationis
918 1989 1101 2033 diuinae
1133 1988 1398 2044 accipimus,
1439 1988 1560 2043 quod
1597 1987 1756 2043 paucis
1792 1986 1922 2030 annis

288 2078 378 2112 tam
402 2070 491 2112 late
513 2075 763 2124 propagata
785 2067 841 2110 sit
867 2082 943 2123 per
972 2081 1128 2111 omnes
1159 2068 1367 2122 Europae
1396 2065 1604 2110 nationes
1633 2064 1838 2109 Societas
1867 2063 1925 2106 ab
1989 2051 1994 2065 '

291 2192 422 2228 videre
442 2198 502 2227 est
518 2192 557 2227 in
573 2191 690 2226 variis
704 2191 950 2237 adversariis,
969 2190 1145 2237 ejusdem
1160 2190 1311 2226 Natalis
1327 2201 1441 2225 manu
1461 2188 1628 2236 scriptis,
1645 2200 1745 2235 quae
1763 2188 1802 2223 in
1821 2197 1928 2234 prae·
1987 2191 2001 2221 ²:

289 2251 369 2287 fato
387 2251 521 2287 codice
540 2257 808 2286 asservantur.
835 2251 932 2286 Nam
951 2263 972 2285 a
991 2250 1056 2289 fol.
1089 2250 1154 2295 167
1177 2249 1225 2285 ad
1254 2249 1314 2285 181
1342 2250 1536 2284 habentur
1559 2248 1682 2295 prima
1707 2245 1929 2284 adversaria

291 2312 530 2357 autographa
548 2310 749 2356 cujusdam
762 2310 983 2357 compendii
996 2310 1111 2356 hujus
1130 2309 1278 2356 scripti,
1300 2308 1426 2344 Patris
1446 2307 1598 2343 Natalis
1619 2319 1735 2342 manu
1756 2310 1926 2342 exarata.
1959 2335 1962 2347 2
1995 2336 1999 2347 ,

294 2371 377 2405 Hoc
408 2370 630 2415 exemplum
661 2369 900 2415 praecedunt
928 2380 1068 2405 novem
1099 2368 1190 2404 folia
1219 2380 1296 2404 non
1327 2367 1494 2414 signata,
1525 2367 1564 2402 in
1594 2366 1738 2414 quibus
1762 2363 1952 2400 alterum'

293 2428 469 2475 ejusdem
495 2428 628 2474 scripti
652 2434 958 2475 transumptum,
989 2429 1038 2463 ab
1064 2439 1302 2469 amanuense
1332 2432 1533 2462 exaratum
1564 2431 1604 2462 et
1635 2425 1786 2461 Natalis
1816 2435 1930 2462 manu
1990 2423 2001 2458 ἒ

294 2494 510 2523 correctum
529 2517 536 2533 ‚
572 2488 821 2534 conspicitur.
858 2488 928 2523 Illa
958 2499 1071 2534 porro
1105 2487 1326 2522 adversaria
1361 2486 1600 2532 autographa
1636 2485 1689 2520 ita
1724 2483 1928 2530 incipiunt:
1942 2479 1954 2515 .’
1985 2495 1992 2515 s

296 2561 312 2580 «
334 2548 363 2592 †
382 2548 509 2582 Illrne.
535 2554 574 2582 et
594 2548 690 2584 R.¹1¹c
711 2547 889 2584 Domine.
913 2546 1198 2594 Compendium
1220 2558 1367 2587 eorum,
1389 2557 1489 2592 quae
1508 2546 1558 2584 D.
1581 2545 1630 2582 V.
1651 2545 1762 2580 In.ma
1783 2541 1933 2590 aceepit
1983 2567 1992 2578 ,

294 2605 420 2642 fusius
438 2607 594 2652 scripta.
615 2607 689 2641 Pro
708 2606 1029 2652 SocietateJesu.
1061 2608 1168 2642 Deus
1193 2613 1254 2642 est
1277 2611 1412 2642 auctor
1435 2605 1608 2651 religiosi
1631 2603 1818 2640 instituti.
1849 2602 1933 2637 Hoc
1976 2605 2002 2650 f,

295 2672 355 2702 est
373 2672 536 2712 certum,
559 2666 625 2701 ubi
643 2666 794 2701 accedit
811 2665 1052 2701 confirmatio
1071 2665 1310 2713 apostolieae
1329 2665 1450 2711 sedis,
1468 2676 1544 2712 qua
1561 2665 1602 2699 in
1619 2675 1661 2699 re
1685 2664 1782 2698 haec
1807 2671 1934 2698 errare
1955 2656 1961 2669 ⁵

298 2736 374 2760 non
393 2730 593 2772 potest...»
614 2724 770 2760 Desinit
787 2730 917 2760 autem
938 2725 975 2760 in
995 2726 1096 2760 hunc
1117 2725 1286 2760 modum:
1309 2731 1371 2760 «et
1386 2735 1474 2769 nos,
1493 2735 1582 2759 cum
1597 2722 1654 2758 tui
1668 2721 1872 2766 fuerimus,
1886 2714 1952 2755 de'
2005 2767 2008 2769 ι

299 2791 365 2819 tua
385 2784 528 2820 virtute
547 2789 587 2819 et
605 2784 850 2829 benignitate
869 2784 1136 2831 amantissimi,
1160 2791 1199 2820 et
1217 2782 1569 2827 observantissimi,
1595 2783 1669 2818 hoc
1693 2792 1844 2817 summo
1870 2784 1938 2816 tuo
1957 2771 1966 2819 J
1984 2779 2008 2825 ’ᾗ

300 2843 491 2879 beneficio
509 2844 626 2889 longe
644 2843 780 2889 majori
798 2843 1038 2889 obligatione
1057 2843 1234 2879 deuincis
1254 2843 1293 2879 in
1312 2845 1427 2890 Xpo.;
1448 2854 1575 2889 neque
1594 2841 1698 2877 enim
1713 2840 1935 2877 existimare
1959 2855 1962 2869 ι

300 2903 422 2938 debes
442 2903 565 2938 maius
585 2902 818 2938 beneficium
839 2908 876 2937 te
896 2903 934 2937 in
953 2914 1023 2938 nos
1041 2902 1218 2939 conferre
1237 2914 1391 2949 posse.»
1410 2902 1453 2937 In
1471 2902 1651 2948 exemplo
1669 2912 1690 2936 a
1714 2900 1827 2936 nobis
1850 2897 1937 2935 heic
1963 2913 1982 2926 ν
2005 2941 2008 2948 ¹

302 2963 451 3008 prolato
471 2962 622 2998 Natalis
643 2961 936 2997 emendationes
955 2973 1023 2997 seu
1042 2962 1262 2997 additiones
1286 2961 1427 2998 litteris
1452 2961 1594 2996 italicis
1618 2966 1754 2996 notare
1778 2954 1951 3006 placuit(

304 3021 410 3057 Folia
425 3027 568 3068 autem,
589 3032 677 3056 cum
695 3020 851 3067 saepius
870 3022 1022 3066 signata
1037 3020 1196 3066 fuerint,
1211 3033 1232 3056 a
1247 3021 1360 3057 nobis
1374 3021 1492 3056 etiam
1508 3019 1722 3056 novissima
1738 3008 1982 3064 signatura*
2005 3049 2008 3054 .

304 3085 501 3126 notantur,
521 3080 678 3127 antiqua
696 3080 795 3115 intra
813 3080 975 3115 uncinos
993 3079 1160 3126 adjecta.
1959 3075 1963 3079 ’
1982 3068 1987 3075 ’
