2028 3426
494 259 768 295 MONUMENTA
793 267 1049 295 PRovmciAE
1075 259 1388 303 AUSTRIAE-47
1638 258 1707 303 273

208 361 532 416 praeceptores
554 367 769 415 poterunt
792 375 971 405 sumere
999 359 1279 404 ientaculum
1308 366 1409 415 post
1438 358 1619 401 missam
1645 367 1749 402 ante

117 435 354 488 lectiones,
381 443 426 480 et
449 436 521 479 alii
545 437 697 489 etiam,
724 452 828 479 curn
851 437 909 480 sit
930 436 1154 480 audienda
1170 436 1322 487 missa,
1344 442 1449 479 ante
1471 434 1745 479 lectiones...

207 512 255 556 Si
280 512 488 556 uenerint
518 513 575 555 ad
603 513 783 556 ianuam
813 513 994 570 collegii
1023 512 1249 564 mulieres,
1277 513 1401 554 nullo
1429 519 1578 567 pactO,
1604 527 1661 554 ne
1690 514 1745 554 ad

116 588 311 644 primurn
332 589 512 644 quidem
536 586 689 642 limen,
719 590 1031 642 admittantur,
1058 604 1142 632 nec
1165 590 1299 633 etiam
1323 589 1474 640 lotrix,
1502 604 1528 631 a
1556 603 1644 644 qua
1667 604 1748 632 ex-

114 665 337 708 trinsecus
360 666 641 721 accipiantur
662 667 816 722 panni,
841 675 887 710 et
909 667 1034 709 intus
1057 667 1433 718 numerabuntur3
1455 672 1500 708 et
1523 665 1743 720 siquidem

111 742 392 797 loquendum
416 750 484 786 est
512 743 614 794 illis,
646 743 846 786 breuiter
880 746 964 786 hoc
993 744 1070 787 fiat
1099 744 1156 786 ad
1188 742 1385 795 ianuam3
1418 742 1456 784 si
1485 742 1648 793 fusius,
1675 742 1747 784 iu-

112 819 307 862 beantur
329 818 486 863 uenire
508 820 564 862 ad
590 820 847 864 ecclesiam.

199 895 299 938 Fiat
322 896 378 937 ad
401 895 581 938 ianuam
605 897 784 952 collegii
808 898 997 952 paruula
1025 898 1224 940 fenestra
1253 896 1474 951 quadrata
1499 910 1603 938 curn
1635 910 1744 939 can-

111 971 236 1015 cellis
266 971 421 1015 ferreis
446 972 647 1027 paruulis
675 980 720 1016 et
748 988 830 1016 sua
858 973 1008 1025 ianua,
1035 973 1155 1017 vnde
1192 972 1357 1015 ianitor
1385 972 1526 1028 possit
1556 987 1744 1028 prospe—

112 1056 237 1092 ctare
260 1049 511 1103 pulsantes.

199 1126 316 1168 Cum
337 1124 423 1167 erit
445 1127 630 1168 morbus
659 1126 820 1181 aliquis
849 1126 1150 1182 periculosus,
1177 1125 1345 1181 poterit
1372 1133 1529 1168 nostro
1567 1126 1743 1170 medico

111 1201 316 1245 adhiberi
339 1202 452 1245 alter
474 1202 678 1245 medicus
700 1218 756 1245 ex
785 1203 1054 1258 praecipuis,
1082 1202 1158 1258 qui
1187 1217 1341 1246 amore
1368 1202 1453 1245 Dei
1484 1202 1640 1246 uenire
1668 1217 1742 1246 so-

110 1279 221 1323 lent.

199 1357 315 1399 Cum
333 1357 588 1400 celebratur
606 1371 685 1412 pro
697 1357 930 1408 defuncto,
952 1356 1196 1412 praecipue
1213 1357 1250 1398 si
1268 1357 1347 1399 fiat
1364 1370 1420 1399 ex
1439 1356 1736 1413 obligatione,

108 1432 145 1475 si
167 1432 262 1475 fieri
285 1433 434 1488 aliqua
456 1433 630 1476 ratione
648 1433 803 1489 possit,
830 1433 1008 1475 dicatur
1031 1433 1168 1476 missa
1195 1440 1287 1476 tota
1309 1434 1365 1477 de
1388 1433 1559 1488 requie.
1588 1433 1636 1477 Si
1659 1448 1739 1476 ne-

105 1523 284 1552 cessum
307 1517 426 1553 esset
454 1511 681 1553 celebrare
703 1511 760 1553 de
783 1509 872 1561 die,
900 1518 1008 1552 tunc
1037 1517 1189 1565 posset
1218 1511 1410 1552 collecta
1442 1510 1539 1552 fieri
1570 1511 1626 1553 de
1656 1511 1737 1554 de-

106 1587 279 1639 functo,
304 1594 349 1630 et
373 1594 522 1630 tamen
546 1586 816 1643 intelligitur
838 1587 1078 1643 applicatio
1100 1587 1341 1642 praecipua
1363 1588 1526 1630 missae
1550 1602 1633 1642 pro
1656 1588 1737 1630 de—

106 1663 274 1706 functis
296 1664 392 1706 fieri
420 1664 465 1707 in
492 1671 770 1706 «memento»
795 1671 842 1706 et
864 1664 1116 1723 intentione
1134 1664 1345 1719 primaria
1368 1664 1627 1708 celebrandi
1650 1678 1735 1719 pro

105 1739 227 1795 ipsis.
255 1741 359 1783 Non
381 1741 648 1797 intelligitur
672 1748 824 1784 tamen
850 1740 1102 1794 intermitti,
1129 1740 1237 1795 quin
1268 1741 1313 1783 in
1347 1748 1628 1784 «memento»
1656 1755 1739 1796 pro

107 1816 226 1860 uiuis
248 1818 327 1859 fiat
350 1819 480 1873 plena
502 1818 759 1875 applicatio.
1708 1818 1712 1822 ’

193 1895 463 1937 Consultum
487 1895 682 1946 uidetur,
710 1902 760 1937 ut
783 1902 966 1950 paretur
993 1907 1213 1951 campana
1241 1895 1382 1938 maior
1411 1909 1547 1950 quam
1570 1909 1623 1938 ea
1648 1902 1735 1946 est,

106 1985 222 2026 quae
244 1978 312 2014 est
333 1971 380 2013 in
402 1971 680 2025 dormitorio,
701 1986 789 2027 qua
811 1971 992 2014 dabitur
1010 1972 1193 2028 signum
1217 1971 1615 2028 adloccupationes
1639 1972 1736 2014 col—

106 2047 230 2103 legii,
257 2055 306 2090 ut
334 2050 506 2091 Romae
534 2049 601 2101 fit;
627 2047 924 2091 collocabitur
948 2055 1099 2092 autem
1129 2048 1174 2090 in
1203 2049 1317 2101 loco,
1345 2049 1422 2091 ubi
1451 2049 1736 2091 commodum

109 2124 354 2168 uidebitur.

197 2209 291 2255 3.a¹¹¹
313 2201 555 2244 lectionem
578 2202 790 2245 breuiarii
810 2202 855 2244 in
879 2217 1035 2245 mensa
1066 2217 1157 2244 non
1189 2211 1258 2245 est
1288 2201 1594 2246 necessarium
1624 2201 1733 2257 legi,

106 2276 191 2320 nisi
213 2278 395 2333 quando
417 2285 486 2320 est
509 2278 696 2322 historia
717 2280 774 2321 de
796 2286 955 2322 sancto
980 2278 1183 2335 aliquo...

195 2355 244 2396 In
273 2354 618 2410 quadragesima
654 2354 739 2397 erit
767 2355 925 2398 concio
963 2355 1147 2399 alternis
1175 2355 1358 2407 diebus,
1391 2354 1435 2397 id
1469 2362 1553 2408 est,
1587 2362 1654 2397 ter
1690 2354 1736 2396 in

106 2431 390 2475 hebdomada
412 2430 459 2473 in
482 2439 636 2474 nostro
659 2433 843 2488 templo.

196 2508 327 2562 Quae
349 2503 517 2550 dantur'
537 2507 753 2551 ecclesiae
775 2507 1057 2560 nominatim,
1084 2508 1365 2564 applicentur
1388 2507 1469 2550 soli
1493 2507 1634 2550 cultui
1659 2520 1733 2551 ec-

107 2583 288 2628 clesiae.

194 2661 364 2704 Sumus
385 2675 468 2703 nos
491 2660 671 2715 quidem
694 2661 906 2716 exempti,
933 2669 984 2703 ut
1006 2661 1337 2704 ecclesiasticae
1361 2674 1577 2715 personae
1595 2667 1639 2702 et
1658 2674 1731 2702 re·-

103 2735 309 2792 ligiosae,
335 2752 361 2779 a
382 2736 692 2779 iurisdictione
713 2737 883 2792 politici
905 2737 1215 2793 magistratus,
1240 2739 1395 2792 Itaque
1417 2736 1461 2777 in
1497 2735 1728 2778 conscien-

108 2812 168 2855 tia
189 2812 276 2868 illis
298 2828 387 2856 non
416 2813 624 2869 cogimur
652 2814 850 2857 obedire.
886 2815 961 2857 Ad
1001 2814 1229 2856 uitandam
1260 2820 1408 2854 tamen
1444 2811 1729 2854 uexationem

90 2879 180 2933 'uel
202 2890 480 2943 scandalum,
508 2891 579 2934 uel
608 2891 664 2933 ad
687 2891 884 2945 quietem
907 2891 1257 2946 comparandum
1280 2896 1459 2931 nostrae
1484 2902 1729 2931 conuersa-

105 2965 238 3008 tionis
260 2967 381 3009 etad
413 2966 589 3018 similia,
619 2967 788 3010 uidebit
816 2966 1110 3023 prouincialis
1138 2966 1302 3020 quibus
1332 2964 1377 3006 in
1408 2966 1542 3006 rebus
1570 2978 1732 3007 eorum

103 3042 338 3085 autoritati
360 3044 610 3087 cedendum
634 3043 706 3095 sit,
732 3058 815 3086 suo
838 3042 970 3086 etiarn
994 3043 1093 3084 loco
1116 3049 1278 3084 rector.

284 3117 397 3147 Emsr.
417 3118 453 3146 P.
475 3118 610 3154 ΝΑῡΑι,
628 3127 703 3148 Tou.
723 3100 788 3148 IV'.
1512 3118 1547 3146 19
