2028 3426
328 257 400 293 500
800 251 954 288 PATms
980 252 1224 288 Hissnonvm
1250 252 1400 289 NADAL

370 351 656 397 Adhibeatur
673 352 923 409 diligentia,
944 360 993 395 vt
1011 352 1173 397 medici
1192 362 1354 398 curent
1372 361 1565 407 nostros,
1587 369 1680 398 non
1699 362 1913 411 tanquam

278 428 445 473 diuites
461 430 533 473 vel
551 431 808 486 opulentos,
831 444 920 485 quo
939 429 1143 474 fortassis
1162 430 1460 483 inclinabunt,
1474 419 1578 474 'tum
1596 447 1651 475 ex
1667 438 1796 488 parte
1813 446 1912 485 sua,

279 512 375 548 tum
398 506 472 549 vbi
494 506 715 551 videbunt
735 520 833 549 esse
856 507 1044 550 fundata
1065 517 1110 550 et
1132 508 1286 550 dotata
1314 507 1522 564 collegia;
1553 509 1635 551 sed
1662 515 1711 550 vt
1740 522 1913 565 paupe·

278 596 365 634 res,
386 582 448 626 ita
467 590 632 635 tamen,
653 591 701 625 vt
719 582 829 625 nihil
851 583 1094 627 necessarii
1111 583 1198 626 illis
1215 583 1330 627 desit
1347 599 1428 640 pro
1445 583 1650 628 sanitatis
1668 599 1914 641 recupera-

278 658 400 703 tione
424 661 494 704 vel
517 660 863 705 conseruatione
885 674 990 703 cum
1014 660 1098 706 Dei
1121 661 1283 717 gratia,
1309 662 1459 718 quoad
1481 661 1580 706 eius
1603 661 1699 706 fieri
1730 661 1907 718 poterit.

366 737 481 780 Illud
505 752 683 793 quoque
706 745 776 780 est
798 739 1065 790 curandum,
1091 752 1149 781 ne
1171 738 1216 781 in
1240 739 1420 783 delectu
1437 738 1523 784 383
1541 739 1748 782 ciborum
1766 739 1911 784 medi-

276 827 358 857 cus
381 814 616 870 indulgeat
640 813 770 858 facile
792 816 973 867 nostris,
999 821 1044 858 et
1066 817 1152 858 hoc
1175 815 1451 859 familiariter
1472 816 1702 872 agendum
1720 823 1789 859 est
1807 829 1911 860 cum

277 891 468 943 medico,
501 890 761 946 praesertim
791 890 828 934 si
857 891 933 946 qui
961 891 1126 947 alioqui
1155 906 1246 935 non
1278 891 1388 935 satis
1420 892 1595 949 probati
1627 900 1789 949 petunt
1822 892 1908 936 sibi

276 967 397 1010 aliud
415 968 585 1020 vinum,
607 969 678 1011 vel
695 967 833 1010 aliurn
851 967 1003 1011 cibum
1021 968 1202 1025 apponi,
1223 970 1344 1025 quod
1361 969 1515 1012 dicant
1533 983 1697 1014 nocere
1714 969 1800 1012 sibi
1817 970 1904 1013 vsi—

277 1051 435 1086 tatum.
463 1046 562 1087 Hac
586 1044 726 1101 igitur
747 1045 804 1088 de
826 1060 875 1089 re
897 1045 1065 1090 iudicet
1088 1045 1271 1101 quidem
1294 1046 1514 1099 medicus;
1546 1053 1729 1090 censeat
1758 1053 1909 1091 autem

276 1122 495 1177 superior,
521 1137 577 1164 an
601 1121 675 1164 illa
696 1122 753 1165 sit
775 1122 937 1166 medici
959 1122 1244 1180 indulgentia
1261 1138 1353 1166 non
1377 1123 1645 1177 necessaria3
1672 1131 1718 1167 et
1736 1138 1829 1167 rem
1847 1123 1910 1167 ita

276 1213 380 1241 cum
402 1199 576 1241 medico
599 1199 837 1256 transigat,
861 1207 910 1242 vt
932 1199 995 1243 sic
1019 1199 1132 1243 ratio
1162 1201 1384 1245 habeatur
1411 1200 1615 1244 sanitatis
1644 1200 1905 1257 corporalis,
1971 1234 1973 1239 ,
1995 1237 1998 1241 .

274 1285 322 1319 vt
345 1291 434 1319 non
458 1276 721 1332 negligatur
743 1276 979 1333 disciplina
1000 1277 1264 1333 spiritualis.

914 1411 976 1440 DE
999 1411 1272 1442 IENTACULO

363 1511 686 1565 praeceptores
708 1517 752 1554 et
774 1509 1004 1563 officiales,
1035 1509 1112 1566 qui
1139 1510 1362 1553 ordinarie
1390 1509 1436 1552 in
1465 1510 1624 1553 officiis
1653 1510 1748 1553 suis
1778 1511 1908 1553 labo-

273 1595 389 1639 rant,
416 1594 460 1630 et
490 1587 802 1632 adolescentes
822 1601 965 1643 vsque
987 1588 1043 1630 ad
1072 1588 1120 1630 18
1144 1602 1329 1642 annum,
1354 1595 1399 1631 et
1421 1587 1737 1632 valetudinarii
1759 1595 1805 1631 et
1827 1589 1909 1632 de-

272 1664 385 1708 biles
401 1672 591 1721 possunt
613 1664 889 1708 ientaculum
907 1679 1087 1709 sumere
1105 1672 1200 1708 toto
1219 1679 1357 1719 anno,
1379 1664 1464 1708 nisi
1482 1664 1539 1707 sit
1556 1664 1791 1708 ieiunium.
1815 1665 1906 1709 Alii

272 1749 442 1786 aestate
463 1749 653 1798 possunt
677 1741 820 1785 tribus
844 1749 923 1784 aut
945 1755 973 1796 4
990 1742 1238 1794 mensibus,
1259 1742 1346 1785 alio
1365 1750 1564 1798 tempore
1583 1757 1674 1785 non
1696 1742 1904 1785 sinantur

271 1833 466 1872 sumere,
491 1818 608 1861 sicut
631 1819 681 1861 fit
703 1818 747 1861 in
772 1818 965 1875 collegio
989 1833 1190 1862 romano.
1218 1819 1495 1862 Ientaculum
1524 1826 1675 1863 autem
1699 1833 1901 1862 commu-

272 1895 387 1939 niter
410 1903 478 1940 est
501 1895 727 1938 modicum
749 1895 879 1952 panis
901 1903 946 1940 et
974 1895 1085 1941 vini.

357 1972 447 2017 384
469 1972 658 2025 Diebus,
684 1973 850 2028 quibus
873 1973 1032 2016 fratres
1055 1973 1408 2026 communicant,
1440 1972 1525 2015 nisi
1555 1972 1801 2017 necessitas
1828 1987 1904 2014 vr-

224 2057 226 2060 ’
271 2057 392 2105 geat,
419 2064 510 2092 non
532 2051 646 2092 solet
668 2049 764 2092 dari
787 2049 1080 2094 ientaculum.

359 2128 456 2171 Nec
485 2127 698 2171 merenda
726 2127 841 2170 solet
869 2126 913 2168 in
943 2126 1170 2171 Societate
1198 2141 1396 2183 vnquam
1419 2126 1532 2180 dari,
1566 2126 1651 2170 nisi
1685 2126 1902 2171 fratribus

270 2204 422 2256 fabris,
449 2205 519 2248 vel
548 2202 771 2264 murariis,
804 2204 875 2246 vel
905 2202 1125 2259 lignariis,
1159 2204 1234 2246 vbi
1265 2210 1409 2247 totum
1441 2203 1558 2248 diem
1581 2211 1821 2247 versantur
1855 2204 1901 2247 in

270 2281 440 2325 labore.

655 2419 661 2426 ¹
726 2407 788 2437 DE
812 2406 1042 2437 BONORUM
1068 2406 1448 2437 DISTRIBUTIONE

359 2513 451 2568 Qui
473 2514 592 2555 bona
615 2513 802 2565 habent,
833 2519 878 2555 et
907 2511 1155 2567 ingressuri
1185 2519 1290 2554 sunt
1319 2512 1610 2566 Societatem,
1637 2521 1714 2556 aut
1744 2513 1897 2570 dispo-

269 2599 383 2632 nunt
412 2592 468 2634 de
497 2589 568 2632 his
595 2596 836 2643 antequam
867 2587 1078 2642 cuiquam
1107 2588 1351 2643 loquantur
1383 2590 1439 2633 de
1461 2589 1689 2646 ingressu,
1721 2597 1766 2633 et
1791 2598 1898 2633 tunc

267 2668 377 2709 nihil
410 2674 477 2710 est
511 2666 631 2721 quod
670 2664 907 2722 prouidere
940 2664 1178 2720 possimus3
1215 2673 1293 2707 aut
1327 2665 1450 2721 prius
1473 2674 1632 2721 petunt
1669 2682 1719 2710 se
1759 2667 1896 2723 recipi

267 2759 399 2799 quam
432 2741 751 2799 disposuerint,
786 2750 831 2784 et
865 2749 972 2783 tunc
1005 2741 1235 2784 admoneri
1268 2742 1435 2786 debent
1466 2743 1809 2799 circumspecte,
1848 2751 1894 2786 vt

266 2821 624 2863 animaduertant
647 2835 703 2863 an
727 2817 967 2861 conueniat
990 2819 1108 2860 bona
1137 2832 1218 2860 sua
1248 2818 1517 2861 distribuere
1547 2827 1791 2875 antequam
1824 2820 1894 2862 in-

265 2897 542 2949 grediantur,
578 2911 634 2940 ne
663 2895 876 2950 deinceps
905 2894 1076 2950 seipsos
1104 2894 1316 2938 fefellisse
1345 2896 1547 2940 doleant.
1576 2896 1749 2940 Poterit
1772 2896 1891 2940 enim

267 2973 376 3025 lieri,
403 2981 447 3014 vt
472 2987 561 3014 non
583 2978 874 3028 perseuerent
897 2970 940 3013 in
965 2970 1207 3023 Societate,
1228 2979 1306 3014 aut
1330 2979 1377 3014 vt
1399 2973 1603 3016 Societas
1621 2973 1721 3016 illos
1738 2973 1891 3018 dimit-

268 3058 344 3092 tat.
369 3050 504 3105 Quod
522 3049 558 3091 si
576 3048 794 3101 eueniret,
817 3056 910 3090 tum
929 3049 1109 3091 demum
1130 3048 1332 3091 fortassis
1349 3048 1468 3105 ipsos
1491 3049 1597 3092 facti
1621 3050 1891 3105 poeniteret.
