2028 3426
336 180 405 224 486
807 179 961 214 PATms
988 179 1231 214 HlERoqu
1257 179 1405 215 NADAL
1451 176 1454 180 ’

292 280 470 337 proprio
502 280 634 334 libro,
672 280 1048 337 subsignabitque
1079 295 1162 324 suo
1191 281 1387 325 nomine.
1420 282 1541 326 Idem
1582 281 1716 326 faciet
1749 281 1803 335 is,
1839 283 1920 338 qui·

290 357 586 401 examinatur.

381 434 726 479 Animaduertat
755 442 985 490 praeterea
1008 435 1302 488 examinator,
1337 443 1386 477 vt
1417 445 1660 491 antequam
1694 436 1794 492 quis
1826 436 1918 492 pri-

293 526 408 554 mam
448 512 769 568 probationem
794 511 1075 567 egrediatur,
1116 512 1379 568 polliceatur
1415 514 1539 568 quod
1581 521 1682 569 post
1725 512 1922 569 primum*

293 603 460 630 annum
494 589 655 644 quouis
695 597 893 644 tempore
930 590 986 631 ad
1025 589 1344 645 professionem
1384 604 1542 646 vsque,
1582 591 1679 635 siue
1717 591 1773 634 ad
1809 590 1921 633 illud

294 673 472 721 tempus
495 680 651 720 Vsque,
679 680 767 720 quo
791 665 1064 709 coadiutoris
1085 667 1202 709 votis
1224 666 1518 723 astringatur,
1545 676 1749 724 prompte
1766 667 1919 710 distri-

295 742 405 784 buet
435 742 583 784 onmia
615 744 731 783 bona
761 757 859 794 sua,
899 749 976 786 aut
1009 757 1061 786 ea
1093 743 1258 794 omnia,
1291 758 1406 799 quae
1432 744 1516 787 sibi
1549 745 1804 787 obuentura
1831 743 1921 788 sint

296 820 442 871 (modo
465 819 589 874 prius
612 819 829 861 dissoluat
851 819 994 875 primo
1017 834 1197 876 quoque
1220 828 1422 876 tempore
1449 821 1599 865 debita
1622 829 1666 866 et
1689 826 1773 868 354
1805 822 1922 864 obli-

297 895 520 950 gationes,
557 896 593 937 si
631 910 742 950 quas
775 897 953 951 habeat)
982 897 1272 953 pauperibus,
1304 898 1427 941 iuxta
1456 898 1680 955 propriam
1714 898 1921 942 deuotio-

298 986 417 1024 nem;
451 972 657 1027 disponet
686 971 819 1014 etiam
848 973 905 1015 de
934 973 1164 1017 beneficiis
1187 974 1329 1030 (siqua
1357 976 1472 1018 forte
1495 976 1643 1031 habet)
1667 976 1791 1019 iuxta
1820 990 1921 1031 pro·

298 1048 436 1104 priam
466 1049 771 1102 deuotionem,
808 1050 877 1092 vel
906 1051 1322 1095 reddendoeadem
1362 1066 1517 1095 rursus
1545 1052 1601 1104 ei,
1627 1038 1709 1107 'qui
1747 1052 1831 1095 sibi
1868 1066 1923 1095 ea

297 1126 566 1178 contulerat3
593 1127 713 1180 quod
736 1141 844 1170 sane
866 1126 1055 1183 intelligi
1079 1129 1213 1172 debet
1231 1128 1267 1171 si
1286 1128 1414 1172 aliter
1432 1130 1488 1173 de
1506 1129 1762 1173 huiusmodi
1781 1131 1921 1174 bene-

297 1202 411 1244 ficiis
433 1202 610 1258 disponi
634 1217 725 1245 non
748 1210 911 1258 potest,
936 1211 1014 1247 aut
1037 1212 1159 1248 certe
1181 1205 1338 1248 eadem
1368 1207 1513 1248 tradat
1541 1206 1586 1249 in
1617 1206 1764 1262 aliqua
1787 1221 1922 1263 opera

297 1278 384 1333 pia,
406 1287 482 1320 aut
500 1278 724 1334 aliquibus
742 1280 956 1336 resignet,
977 1281 1142 1337 quibus
1160 1283 1273 1325 haec
1290 1271 1445 1327 eadem
1464 1282 1553 1325 sint
1571 1297 1693 1326 arma
1710 1282 1891 1326 diuinae
1906 1292 1923 1309 ²

297 1356 483 1409 gloriae.
509 1356 554 1400 Si
584 1371 691 1400 vero
719 1358 836 1400 bona
869 1359 940 1402 vel
968 1358 1187 1402 beneficia
1222 1359 1412 1404 voluerit
1444 1360 1567 1411 dare,
1608 1361 1679 1403 vel
1718 1362 1927 1404 conferre

297 1432 365 1484 iis,
392 1433 467 1487 qui
490 1433 573 1475 sibi
597 1441 703 1476 sunt
725 1435 1137 1491 consanguinitate,
1163 1436 1394 1488 affinitate,
1421 1437 1492 1479 vel
1515 1436 1708 1480 amicitia
1731 1437 1922 1480 coniun-

297 1508 374 1561 cti,
415 1509 524 1552 illud
561 1510 685 1566 prius
712 1511 1001 1555 iudicandum
1031 1512 1115 1556 erit
1144 1527 1170 1554 a
1199 1514 1381 1556 duobus
1411 1513 1614 1557 tribusue
1645 1514 1921 1567 hominibus,

298 1594 391 1628 tum
421 1587 576 1641 literis,
610 1596 703 1631 tum
733 1588 852 1632 vitae
881 1588 1178 1633 sanctimonia
1206 1590 1435 1646 praeditis,
1467 1605 1580 1646 quos
1612 1592 1927 1647 vnusquisque·

296 1664 505 1719 elegerit,
546 1666 790 1709 accedente
829 1673 979 1709 tamen
1017 1666 1262 1722 superioris
1303 1681 1550 1720 consensu,
1590 1667 1822 1720 videlicet,
1865 1683 1925 1711 an,

296 1740 480 1796 cognati
504 1742 574 1785 vel
597 1741 728 1784 amici
751 1742 828 1794 illi,
855 1742 1019 1798 quibus
1047 1743 1306 1786 huiusmodi
1331 1744 1549 1788 beneficia
1571 1746 1776 1787 conferre
1805 1745 1922 1797 vult,

298 1818 367 1861 vel
390 1818 508 1861 bona
530 1820 652 1870 dare,
679 1834 898 1875 pauperes
920 1820 1026 1872 sint,
1052 1835 1107 1864 an
1133 1835 1238 1863 non.
1265 1821 1312 1865 Si
1342 1820 1525 1864 iudicati
1555 1821 1721 1865 fuerint
1750 1836 1923 1878 paupe-

298 1908 384 1946 res,
411 1894 496 1937 illis
518 1896 682 1951 poterit
703 1911 784 1952 pro
805 1911 888 1939 sua
920 1897 1164 1941 deuotione
1197 1899 1320 1951 dare3
1357 1898 1394 1941 si
1422 1913 1512 1941 non
1543 1898 1708 1942 fuerint
1736 1898 1922 1942 iudicati

299 1972 424 2024 tales,
465 1971 693 2016 iubebitur
730 1978 813 2020 355
850 1989 905 2017 ex
943 1974 1122 2031 integro
1158 1975 1427 2018 distribuere
1465 1976 1751 2032 pauperibus.
1794 1977 1921 2020 Haec

297 2056 447 2091 autem
485 2049 633 2093 omnia
666 2044 779 2093 fient*
807 2051 931 2094 iuxta
966 2066 1034 2106 ea,
1075 2067 1190 2107 quae
1227 2054 1296 2106 4.⁰
1334 2052 1480 2109 capite
1516 2053 1739 2097 examinis
1775 2053 1924 2097 conti-

298 2133 477 2168 nentur.

388 2203 518 2257 Quae
556 2212 785 2259 praeterea
815 2206 990 2261 agenda
1019 2213 1126 2248 sunt
1153 2220 1256 2249 cum
1286 2206 1556 2259 examinato,
1598 2215 1839 2264 antequam
1867 2208 1924 2250 ad

300 2286 394 2321 2.³¹¹¹
426 2280 735 2334 probationem
765 2281 930 2331 veniat,
963 2296 1015 2325 ea
1044 2284 1238 2338 petenda
1275 2291 1382 2326 sunt
1420 2298 1475 2327 ex
1514 2283 1663 2327 officio
1696 2284 1928 2328 examina-

300 2355 426 2398 toris.

388 2433 536 2476 Finito
560 2435 649 2476 hoc
672 2436 873 2477 secundo
895 2435 1117 2488 examine,
1144 2438 1264 2492 quod
1287 2437 1332 2479 in
1361 2437 1502 2494 prima
1532 2438 1797 2494 probatione
1826 2438 1923 2481 fieri

300 2510 430 2562 solet,
456 2511 752 2566 absolutaque
775 2512 1058 2557 confessione
1087 2514 1303 2569 generali,
1336 2514 1511 2557 reddita
1540 2514 1725 2571 insuper
1754 2515 1929 2560 ratione

299 2586 619 2639 conscientiae,
639 2596 812 2644 postea,
832 2589 1014 2632 domum
1035 2598 1243 2646 receptus
1262 2591 1319 2633 ad
1338 2599 1433 2634 2.am
1450 2591 1778 2647 probationem,
1798 2591 1925 2635 subi-

300 2663 365 2705 bit
388 2664 509 2707 aliud
532 2678 722 2707 examen
745 2672 873 2709 sexto
896 2679 1077 2721 quoque
1100 2680 1253 2710 mense
1275 2676 1319 2710 et
1342 2668 1632 2712 confitebitur
1655 2669 1929 2725 generaliter

300 2747 345 2782 et
367 2741 491 2783 dabit
514 2740 732 2785 rationem
755 2742 1060 2786 conscientiae
1081 2744 1137 2786 ab
1160 2743 1313 2786 Vltima
1332 2745 1618 2789 confessione
1633 2753 1678 2788 et
1696 2745 1926 2801 apertione

301 2818 621 2870 conscientiae,
656 2833 708 2861 ac
737 2819 974 2863 renouabit
1003 2826 1106 2862 vota
1136 2835 1234 2873 sua,
1265 2821 1302 2864 si
1335 2835 1387 2864 ea
1425 2822 1648 2875 habuerit,
1690 2836 1926 2878 quousque

370 2995 387 3011 a
437 2984 607 3020 diuitiae
627 2997 697 3020 ms.
