2028 3426
644 237 1075 275 INSTRUCTIONE8-61
1555 242 1619 276 611

43 338 269 381 habentur
287 353 367 393 pro
385 338 568 381 nouitiis
585 354 611 382 a
628 339 721 382 suis
739 339 1059 395 superioribus,
1075 340 1172 384 siue
1189 342 1415 393 studeant,
1431 341 1527 385 siue
1544 344 1664 397 non),

44 420 110 456 ter
139 414 183 456 in
214 429 335 458 anno
366 417 652 459 renouabunt
681 424 800 468 vota,
831 416 916 459 nisi
945 417 1166 472 superiori
1190 417 1397 461 videatur
1430 418 1670 473 aliquando

37 489 178 533 -etiam
201 491 381 547 saepius
400 491 456 536 vid
483 507 582 536 esse
611 494 838 549 agendum
868 494 923 536 ab
947 493 1047 544 illis,
1073 495 1129 535 ad
1152 496 1482 549 promouendos
1510 509 1586 538 eos
1617 497 1670 538 ad

38 567 347 611 deuotionem.
390 570 525 612 Festa
561 584 668 612 vero
705 577 919 625 poterunt
955 584 1053 613 esse
1096 570 1347 612 natiuitatis
1390 571 1581 624 Christi,
1628 579 1670 615 et

37 645 90 686 S.
110 644 314 701 Joannis:
341 650 423 691 650
448 645 618 701 reliqua
640 647 753 688 festa
784 659 799 688 1
828 647 898 690 vel
922 659 945 688 2
970 646 1108 702 eliget
1130 653 1293 698 rector,
1315 648 1449 689 modo
1466 648 1672 691 examina

43 721 153 762 fiant
175 728 220 762 et
242 723 478 777 generales
501 722 807 765 confessiones
829 730 957 765 sexto
981 737 1161 778 quoque
1184 738 1337 766 mense
1360 731 1405 766 et
1428 739 1508 766 sua
1539 739 1671 767 reno-

47 797 187 841 uatio.

131 873 223 929 Qui
244 873 291 916 in
314 874 542 918 Societate
563 889 699 930 supra
722 876 835 917 duos
858 890 1000 918 annos
1022 889 1112 917 non
1135 877 1320 928 fuerint,
1347 891 1450 919 cum
1479 877 1671 932 primum

41 951 180 994 edent
201 958 321 1003 vota,
347 951 384 994 si
407 965 491 994 suo
513 951 696 994 arbitrio
718 959 763 994 et
785 952 1033 994 deuotione
1055 966 1110 994 eo
1134 959 1333 1008 tempore
1356 955 1490 997 edere
1514 954 1670 1006 velint,

39 1026 150 1071 vtile
171 1027 255 1071 erit
277 1034 325 1069 vt
353 1027 398 1069 id
427 1027 607 1080 faciant,
639 1028 813 1071 etiamsi
841 1036 1016 1072 secreto
1046 1036 1211 1080 tamen,
1244 1030 1460 1072 adhibitis
1493 1031 1674 1072 duobus

46 1104 253 1156 testibus,
284 1105 355 1147 vel
378 1104 561 1147 omnino
592 1106 746 1161 elapso
775 1105 958 1149 biennio
981 1107 1117 1149 edant
1139 1115 1156 1131 ὃ
1177 1107 1238 1149 ita
1268 1114 1388 1158 vota,
1420 1121 1472 1150 ac
1501 1106 1538 1149 si
1568 1115 1675 1149 tunc

46 1182 233 1225 ederent
255 1181 273 1206 b
295 1182 504 1238 primum,
530 1189 579 1224 vt
600 1182 674 1224 illa
696 1197 787 1225 non
804 1182 978 1225 dicatur
996 1184 1274 1226 confirmatio
1296 1183 1541 1239 superioris
1563 1183 1678 1226 obli-

17 1316 19 1318 ,
47 1258 261 1312 gationis,
286 1259 366 1302 sed
389 1273 507 1301 noua
530 1258 763 1315 obligati03
785 1267 940 1314 petant
964 1266 1113 1302 tamen
1132 1261 1367 1303 formulam
1385 1275 1410 1302 a
1428 1260 1672 1316 superiore.

48 1335 352 1377 Renouabunt
374 1343 525 1378 autern
548 1343 652 1378 ante
674 1334 905 1379 biennium
930 1343 1034 1378 vota
1056 1351 1275 1390 seorsum,
1307 1351 1398 1378 non
1426 1351 1530 1379 cum
1562 1336 1674 1387 aliis,

47 1417 91 1452 et
116 1417 266 1454 tamen
289 1412 379 1453 alta
405 1426 533 1464 voce,
566 1412 682 1454 sicut
711 1411 882 1455 dictum
912 1420 996 1466 est,
1021 1420 1066 1455 et
1096 1413 1407 1468 praesentibus
1430 1413 1600 1468 aliquot
1624 1429 1678 1457 ex

42 1488 198 1540 domo,
224 1496 310 1531 etc.
1392 1483 1398 1487 ¹

135 1565 300 1607 Modus
333 1572 484 1607 autem
517 1565 765 1608 renouandi
797 1573 902 1608 vota
934 1565 1006 1608 hic
1038 1566 1136 1609 erit:
1177 1574 1241 1619 vt,
1282 1568 1533 1619 sacerdote,
1577 1575 1679 1622 post

46 1647 277 1694 peractum
308 1641 594 1694 sacrificium,
631 1656 723 1684 non
752 1656 971 1685 conuerso
1000 1644 1057 1685 ad
1086 1643 1260 1695 fratres,
1292 1645 1370 1686 sed
1401 1645 1456 1686 ad
1485 1643 1678 1686 sanctis-

46 1715 210 1758 simum
239 1725 589 1769 sacramentum,
615 1723 684 1765 651
724 1726 769 1762 et
801 1718 846 1760 in
879 1719 1068 1761 alterurn
1101 1719 1253 1762 altaris
1285 1721 1402 1763 latus
1439 1721 1679 1764 secedente

48 1793 296 1847 paululum,
337 1793 486 1849 posito
524 1794 810 1838 sanctissimo
843 1796 1136 1839 Sacramento
1173 1811 1308 1853 super
1341 1804 1566 1852 patenam,
1602 1804 1680 1839 aut

49 1870 220 1924 prolata
242 1870 446 1913 custodia
469 1879 640 1926 aperta,
666 1871 841 1915 dicatur
864 1872 1007 1928 primo
1030 1873 1086 1916 ab
1109 1873 1318 1916 omnibus
1346 1874 1573 1917 confessio
1602 1887 1680 1928 ge-

47 1946 227 1998 neralis,
249 1955 293 1988 et
310 1947 442 1989 detur
459 1947 699 2000 absolutio,
719 1948 883 1990 deinde
900 1949 1112 2005 legantur
1128 1957 1233 1992 vota
1250 1965 1275 1991 a
1293 1949 1485 2006 singulis
1505 1950 1677 2002 ordine,

49 2037 185 2065 manu
207 2037 362 2065 eorum
385 2024 551 2079 scripta
574 2032 619 2068 et
641 2025 830 2077 firmata,
858 2025 1062 2082 apposito
1087 2026 1218 2069 titulo
1246 2027 1292 2069 in
1322 2029 1445 2069 hunc
1477 2027 1675 2069 modum:

43 2099 330 2142 confirmatio
353 2107 564 2143 votorum
590 2101 665 2143 tali
688 2101 775 2155 die,
802 2109 888 2146 etc.
916 2104 1068 2157 Atque
1091 2103 1166 2145 vbi
1189 2119 1347 2147 omnes
1371 2103 1579 2159 legerint,
1607 2118 1679 2145 ac-

44 2175 156 2230 cipit
177 2177 386 2219 sacerdos
400 2176 740 2236 *sanctissimum
764 2186 1112 2231 sacramentum,
1133 2187 1178 2223 et
1201 2180 1337 2223 Vertit
1359 2194 1407 2222 se
1430 2182 1485 2224 ad
1504 2194 1680 2222 vouen-

50 2258 133 2304 tes,
158 2242 384 2294 hidicunt
405 2252 538 2294 simul
566 2254 799 2306 «Domine,
826 2269 915 2297 non
938 2270 1037 2297 sum
1060 2255 1253 2312 dignus»
1279 2264 1387 2309 etc.;
1413 2264 1457 2299 et
1491 2256 1681 2311 porrigit

45 2328 205 2371 <ordine
233 2328 424 2385 singulis
453 2343 626 2373 sacram
655 2331 875 2386 synaxim,
907 2339 1219 2387 praeterquam
1249 2333 1576 2384 sacerdotibus,
1604 2332 1680 2386 qui

51 2412 206 2458 postea
234 2406 544 2449 celebrabunt.
572 2408 698 2451 Haec
721 2415 789 2451 est
812 2408 974 2450 vsitata
996 2409 1107 2451 ratio
1130 2409 1378 2452 renouandi
1402 2416 1506 2451 vota
1529 2410 1574 2451 in
1598 2410 1678 2452 So-

48 2481 215 2525 cietate
238 2498 294 2526 ex
318 2482 686 2538 interpretatione
709 2484 1059 2527 constitutionis.

139 2559 433 2601 Consuetudo
455 2559 542 2601 iam
565 2560 775 2612 obtinuit,
808 2568 855 2602 vt
884 2561 1024 2615 pridie
1053 2569 1156 2604 ante
1186 2570 1391 2604 votorum
1421 2561 1679 2618 renouatio-

53 2649 154 2677 nem
177 2616 277 2678 sese
298 2637 435 2678 semel
458 2650 615 2679 omnes
636 2638 866 2693 flagellent
889 2637 933 2679 in
956 2640 1093 2680 choro
1116 2638 1330 2693 quamdiu
1355 2639 1552 2692 psalmus
1585 2638 1679 2679 «De

49 2711 311 2764 profundis»
346 2712 573 2764 recitatur,
605 2714 1090 2771 praecedenteletania
1114 2728 1215 2756 curn
1245 2714 1337 2755 suis
1360 2718 1439 2758 652
1464 2712 1678 2754 orationi—

35 2786 153 2828 bus:
186 2794 230 2829 at
258 2787 295 2829 si
324 2788 452 2830 multi
480 2788 662 2842 suerint,
695 2789 740 2830 in
771 2797 859 2832 tres
889 2797 1142 2844 quatuorue
1171 2797 1327 2832 noctes
1357 2789 1678 2844 praecedentes

50 2861 327 2906 diuidantur.
354 2849 447 2919 Qui
469 2872 619 2907 autem
643 2867 729 2907 hoc
753 2874 906 2921 agent,
939 2866 1027 2908 sint
1056 2867 1111 2908 ab
1141 2865 1236 2908 aliis
1265 2865 1455 2908 seiuncti
1485 2864 1558 2906 vbi
1588 2879 1679 2907 non

53 2938 307 2992 videantur,
333 2940 544 2983 extinctis
567 2941 701 2983 etiam
725 2942 986 2991 luminibus,
1013 2950 1099 2984 etc.

125 3037 142 3052 ἃ
190 3028 283 3062 edat
302 3039 372 3066 ms.
424 3030 489 3055 —b
509 3030 640 3064 ederet
660 3041 734 3064 ms.
