2028 3426
534 237 867 274 ANNOTAronEs
893 238 1216 282 commum—64
1567 240 1635 284 627

64 339 195 389 rales;
223 337 344 379 nulla
367 351 475 379 uero
495 351 615 379 noua
637 339 919 382 consuetudo
941 337 1180 394 generalis,
1202 338 1275 381 uel
1292 338 1589 393 particularis,
1610 339 1682 382 uel

65 414 220 470 regula
243 413 332 456 vim
356 421 373 438 ³
395 413 597 457 obtineat
619 414 877 457 inconsulto
900 415 1112 471 generali.

153 491 493 534 Conferendum
517 505 619 533 cum
646 493 780 534 Patre
802 493 922 546 quod
952 492 1133 548 regulas
1160 505 1425 534 communes
1447 491 1492 533 in
1518 494 1683 534 Portu-

65 566 200 622 gallia
223 566 394 621 aliquas
416 567 726 623 expunxerim,
749 568 820 611 uel
844 569 897 610 ad
917 568 1133 612 rationem
1151 567 1349 624 regionis
1366 569 1684 610 accommoda-

66 643 222 687 uerim.

154 722 226 763 An
252 720 513 763 retinendus
536 720 594 762 sit
620 734 726 763 usus
749 720 929 763 diaconi
952 728 997 763 et
1019 720 1282 764 subdiaconi
1304 720 1349 762 in
1372 720 1576 776 collegiis
1605 721 1682 762 ali-

69 796 232 851 quibus
255 796 516 852 Hispaniae,
542 804 650 849 etc.,
675 798 764 840 hoc
787 804 872 849 est,
892 798 1298 853 Caesaraugustae.

154 874 228 916 An
252 873 309 916 sit
337 872 354 898 ¹³
382 873 427 915 in
464 873 743 929 Portugallia
781 874 1136 917 introducendus
1170 880 1330 917 cantus
1366 873 1603 916 missarum
1642 881 1686 917 et

66 964 354 1006 uesperarum
378 949 537 994 diebus
558 950 793 992 dominicis
814 958 859 993 et
881 948 1021 994 festis.

155 1027 317 1070 Modus
339 1027 733 1070 confessionalium
757 1041 784 1081 4
805 1027 996 1079 sedium,
1022 1028 1099 1070 ubi
1122 1027 1262 1071 nostri
1291 1027 1480 1071 audiunt
1507 1028 1687 1070 confes-

69 1103 232 1156 siones,
258 1103 295 1146 is
318 1105 479 1159 placet,
507 1103 582 1159 qui
606 1104 650 1146 in
673 1104 916 1147 Germania
937 1111 1006 1147 est
1027 1104 1233 1156 vsitatus,
1265 1112 1313 1147 vt
1341 1105 1458 1147 duae
1479 1103 1569 1146 sint
1597 1104 1688 1147 cel-

70 1181 202 1231 lulae,
224 1180 422 1235 Vndique
444 1180 669 1223 asseribus
687 1187 962 1232 constantes,
984 1188 1296 1236 praeterquam
1315 1182 1434 1236 quod
1453 1180 1541 1223 sint
1558 1188 1688 1236 aptae

70 1263 340 1310 extrorsum,
361 1264 404 1301 et
428 1257 645 1299 craticula
668 1257 916 1301 intercedat
938 1256 983 1299 in
1006 1257 1190 1313 pariete,
1210 1257 1285 1312 qui
1304 1257 1464 1300 diuidit
1482 1257 1685 1309 cellulas,

71 1332 196 1376 fortis
220 1333 417 1389 quidem,
444 1334 523 1377 sed
551 1333 644 1376 suis
672 1333 824 1389 paruis
853 1333 1144 1377 foraminibus
1173 1334 1398 1386 distincta,
1426 1341 1600 1377 tantum
1633 1334 1689 1375 ad

69 1409 194 1452 vocis
227 1410 545 1465 receptionem.
582 1412 646 1452 Ea
675 1417 743 1454 est
772 1426 827 1454 ex
855 1410 1030 1453 laminis
1053 1410 1206 1453 ferreis
1229 1410 1461 1455 exal-batis:
1486 1410 1532 1453 in
1555 1411 1692 1453 altera

71 1486 202 1530 sedes
224 1493 291 1529 est
322 1494 367 1530 et
394 1487 754 1530 sustentaculum
783 1487 838 1529 ad
870 1485 1111 1539 sinistram3
1146 1488 1191 1528 in
1229 1488 1367 1530 altera
1404 1487 1689 1530 commodum

74 1562 424 1616 reclinatorium,
451 1577 540 1618 quo
563 1563 764 1605 nitantur
786 1562 1015 1619 genuflexi
1037 1564 1305 1607 confitentes
1328 1571 1358 1606 ⁰.

160 1640 336 1694 Pragae
359 1655 447 1682 non
479 1639 698 1694 recipiunt
727 1639 856 1682 facile
887 1646 934 1681 ut
962 1639 1246 1694 appellentur
1268 1641 1541 1684 sacerdoteS.
1576 1642 1691 1682 Tum

74 1730 180 1757 num
210 1715 267 1758 sit
296 1730 422 1759 mens
453 1716 616 1768 Patris,
649 1722 698 1758 ut
726 1716 782 1758 sit
805 1716 950 1758 media
978 1718 1089 1759 hora
1116 1716 1316 1759 exercitii
1348 1707 1606 1772 corporalis,
1644 1723 1691 1759 ut

24 1844 27 1853 Δ
77 1792 255 1836 uidetur
277 1807 375 1836 esse
398 1792 722 1848 praescriptum
746 1792 790 1834 in
815 1792 984 1848 regulis
1006 1792 1025 1817 ἃ
1048 1793 1255 1862 rectoris,

161 1869 236 1911 An
258 1868 409 1924 pueris
431 1869 669 1913 Societatis
685 1869 826 1925 possit
848 1869 1050 1921 concedi,
1079 1876 1126 1912 ut
1147 1870 1305 1912 ludant
1323 1870 1563 1926 aliquando
1582 1877 1692 1914 tem-

72 1960 182 2001 pore
205 1945 367 2000 quietis
390 1952 491 2001 post
514 1945 768 2001 prandium,
794 1960 850 1989 ne
872 1947 982 1989 fiant
1004 1947 1336 1991 melancholici.

10 2014 13 2017 ’
163 2021 471 2074 Scholasticis,
499 2025 575 2077 qui
597 2030 818 2065 non'sunt
840 2023 1088 2078 approbati,
1115 2030 1263 2079 potest
1284 2038 1339 2066 ex
1363 2023 1693 2066 constitutioni-

72 2099 157 2140 bus
183 2099 284 2154 plus
312 2098 406 2141 dari
438 2098 648 2154 temporis
677 2098 904 2152 orationis3
930 2114 1034 2142 nam
1056 2101 1206 2142 adhuc
1230 2107 1492 2155 reputantur
1515 2099 1690 2152 nouitii3

73 2174 134 2216 ita
159 2175 286 2218 fieret
309 2189 525 2231 magnum
550 2160 865 2231 compend-ium
891 2176 1102 2232 temporis
1123 2178 1179 2219 ad
1201 2177 1464 2220 orationem.

164 2253 225 2294 Vt
249 2267 424 2304 eorum,
450 2252 542 2306 qui,
566 2252 636 2295 uel
661 2267 685 2294 a
703 2252 834 2294 nobis
851 2251 1008 2295 iniussi
1026 2252 1278 2305 discedunt,
1303 2254 1372 2295 uel
1390 2252 1692 2308 dimittuntur,

80 2329 150 2371 uel
169 2336 329 2384 petunt
347 2336 396 2370 ut
414 2328 521 2383 ipsis
539 2335 642 2370 uota
663 2329 910 2381 soluantur,
931 2329 1102 2392 uelxqui
1125 2337 1231 2372 sunt
1252 2330 1408 2385 inepti,
1434 2345 1490 2373 ne
1513 2330 1688 2372 soluan-

36 2424 39 2427 ·
78 2411 150 2446 tur
175 2404 302 2447 facile
327 2411 447 2447 uota.
475 2404 564 2446 Illis
587 2404 793 2447 iubeatur
817 2412 866 2446 ut
888 2405 932 2446 in
956 2405 1142 2448 seruitio
1165 2405 1353 2448 alicuius
1376 2405 1592 2448 ecclesiae
1624 2405 1693 2447 uel

80 2481 263 2535 praelati
286 2481 390 2533 sint,
416 2480 679 2536 praesertim
703 2480 740 2523 si
762 2495 865 2536 spes
882 2481 1055 2537 concipi
1079 2481 1219 2537 possit
1242 2481 1285 2523 in
1310 2481 1506 2524 Domino
1524 2484 1607 2523 hac
1626 2496 1693 2523 ra-

80 2556 203 2599 tione
228 2558 428 2599 futurum
452 2564 500 2599 vt
523 2558 577 2599 ad
596 2557 759 2599 bonam
778 2564 971 2600 mentem
992 2559 1193 2613 redeant,
1214 2572 1296 2600 nec
1318 2557 1693 2600 existimationem

79 2631 257 2675 interim
282 2633 523 2677 Societatis
545 2633 634 2675 sint
656 2632 791 2675 lesuri
813 2641 846 2677 e.

945 2764 954 2775 .

149 2803 166 2819 a
216 2792 300 2826 Hoc
321 2793 428 2826 verb.
449 2792 596 2826 addidit
615 2785 707 2827 Nat.
766 2812 795 2817 -—
814 2794 830 2818 b
857 2792 937 2826 sint
956 2804 1026 2828 ms.
1079 2802 1142 2819 -ο
1166 2793 1262 2827 Tota
1281 2793 1375 2826 haec
1396 2792 1654 2837 paragraphus
1674 2803 1694 2826 a

80 2849 169 2886 Nat.
190 2856 348 2887 exarata
373 2857 446 2894 est3
468 2862 555 2885 nam
580 2851 685 2896 prius
710 2851 804 2885 haec
823 2855 971 2885 tantum
997 2850 1035 2885 in
1054 2863 1099 2885 ea
1117 2852 1372 2887 habebantur:
1396 2852 1452 2884 De
1473 2851 1585 2884 modo
1609 2862 1694 2885 con-

72 2909 357 2955 fessionalium
382 2920 406 2953 4
425 2910 594 2953 sedium,
612 2909 680 2944 ubi
704 2909 829 2944 nostri
848 2910 1023 2944 audiunt
1040 2909 1312 2955 confessioneS,
1328 2909 1458 2954 placet
1476 2920 1573 2953 quae
1584 2909 1694 2955 fiunt

80 2967 123 3002 in
142 2967 379 3003 Germania.
430 2970 498 2995 ——d
525 2968 679 3015 regulis
694 2969 736 3002 in
752 2979 823 3003 ms.
875 2977 937 2994 -e
957 2968 1063 3002 Haec
1083 2968 1227 3012 ultima,
1255 2979 1276 3001 a
1302 2966 1431 3001 verbis
1451 2969 1695 3012 praesertim

80 3026 115 3060 si
132 3030 228 3072 spes,
249 3039 364 3062 manu
382 3027 471 3063 Nat.
491 3027 620 3061 addita
639 3031 741 3061 sunt.
