2028 3426
299 172 369 217 694
777 165 934 201 PATRIS
960 164 1204 199 H1ERONYM1
1231 161 1382 196 NADAL

256 272 430 316 toribus
459 274 518 327 (et
547 269 771 325 qualibus,
812 269 933 309 bone
964 265 1109 323 Jesul)
1149 278 1284 319 quam
1324 260 1566 305 consensui
1604 268 1620 285 ³
1657 258 1894 312 ecclesiae,

257 346 658 393 concionatoribus
675 344 828 387 multis
847 357 955 386 suae
973 340 1188 394 nationis,
1208 354 1260 383 ac
1277 339 1487 394 omnibus
1505 336 1603 381 aliis
1620 336 1893 391 reliquarum

257 425 458 469 omnium
483 425 688 483 gentium
713 421 835 465 orbis
857 418 1106 463 christiani.
1133 417 1258 474 Quid
1280 425 1348 460 est
1372 416 1495 472 quod
1517 414 1604 458 illis
1625 412 1772 469 magis
1794 425 1896 456 cre-

258 505 387 546 dant?
410 503 528 548 Sunt
550 500 797 544 doctiores?
827 499 944 542 Sunt
982 496 1155 552 plures?
1188 496 1307 539 Sunt
1339 492 1568 537 meliores?
1605 488 1898 534 Authoritate

261 581 362 636 plus
393 581 569 630 valent,
607 578 665 622 ΙΙ4
695 575 946 632 dignitate?
979 574 1165 616 Habent
1193 572 1384 616 verbum
1415 569 1530 614 Dei?
1559 569 1652 612 Cur
1685 581 1776 610 non
1805 564 1903 608 alii?-

262 657 484 712 Loquitur
506 655 593 698 illis
615 653 802 710 spiritus
824 652 1031 695 sanctus?
1060 650 1154 692 Cur
1185 663 1276 692 non
1308 647 1426 690 aliis?
1455 645 1580 702 Quid
1609 642 1825 700 quaeritis
1853 642 1899 683 in

262 734 370 778 illis?
394 733 518 790 Quid
542 729 798 776 sectamini?
821 728 965 772 Cuius
988 727 1110 779 fidei,
1138 724 1418 776 authoritati,
1445 721 1658 780 dignitati
1684 718 1902 764 haeretis?

264 811 501 867 Exurgite,
523 809 688 860 videte,
706 806 1006 857 considerate,
1027 804 1175 860 capite
1189 802 1470 859 vulpeculas,
1489 799 1769 856 vulpeculas,
1787 809 1902 851 quae

265 888 573 932 demoliuntur
590 885 748 928 vineas
771 885 800 928 ¹.
819 885 919 940 Jam
938 880 1182 937 singularis
1201 880 1322 923 ferus
1339 879 1373 931 ²,
1393 877 1557 934 dignas
1579 890 1677 927 sua,
1699 889 1788 930 qua
1805 888 1901 915 mo-

268 965 488 1008 ribundus
511 961 714 1006 euomuit
737 959 990 1016 pharisaica
1013 956 1271 1014 arrogantia
1294 970 1346 998 ac
1369 952 1701 1003 maledicentia,
1727 965 1809 994 sua
1831 964 1905 992 ca·

269 1043 428 1086 thedra
447 1039 732 1096 pestilentiae
748 1039 782 1090 ³,
800 1052 882 1079 sua
899 1035 1131 1080 teterrima
1141 1032 1317 1078 haeresi
1333 1046 1502 1088 poenas
1517 1029 1704 1085 accepit.
1724 1027 1904 1079 Exuite,

270 1119 346 1175 qui
387 1117 549 1174 spiritu
574 1123 811 1171 tantopere
840 1128 919 1170 per
947 1119 1124 1155 vestros
1160 1110 1470 1155 excucullatos
1497 1107 1726 1156 exultatis,
1756 1104 1908 1148 exuite

272 1204 471 1240 veterem
491 1193 720 1237 hominem
735 1193 769 1246 ⁴,
781 1193 1006 1246 abnegate
1024 1203 1204 1232 carnem
1224 1194 1268 1231 et
1286 1185 1577 1243 sanguinem3
1590 1181 1910 1226 obliuisciminiv

273 1289 373 1319 esse
397 1273 496 1315 illos
519 1278 698 1316 vestrae
721 1268 888 1326 gentis,
915 1266 1163 1323 percurrite
1186 1279 1368 1308 causam
1393 1265 1448 1307 ab
1472 1262 1599 1304 initio
1617 1261 1751 1304 huius
1774 1259 1908 1303 dissi-

274 1351 353 1402 dii,
381 1364 473 1394 rem
507 1356 650 1392 totam
679 1353 873 1398 maturo,
909 1343 1137 1400 prudenti,
1173 1355 1414 1399 generoso,
1449 1339 1712 1389 christiano,
1754 1336 1910 1379 humili

274 1428 320 1470 in
345 1427 530 1470 Christo
553 1424 721 1467 iudicio
742 1438 797 1467 ex
819 1422 1000 1478 integro
1017 1418 1381 1463 animaduertite.
1403 1417 1520 1473 Quis
1537 1415 1744 1458 dubitare
1762 1420 1910 1470 potest

275 1504 386 1560 quin
426 1504 483 1546 ad
518 1504 667 1546 lucem
706 1499 811 1544 fidei
850 1507 894 1543 et
933 1499 989 1541 ad
1026 1498 1243 1540 vnitatem
1282 1495 1503 1540 ecclesiae
1547 1492 1606 1538 ΙΙ5
1649 1493 1911 1543 redeuntes,

278 1580 683 1637 praeclarissimam
723 1585 860 1632 atque
897 1574 1245 1618 illustrissimam
1290 1571 1513 1615 laeticiam
1557 1570 1772 1613 vniuerso
1816 1566 1914 1611 orbi

279 1657 530 1701 christiano
553 1656 652 1700 sitis
675 1653 932 1705 adducturi,
957 1652 1176 1706 vobisque
1194 1650 1303 1706 ipsis
1325 1656 1587 1705 perpetuam
1607 1645 1917 1690 foelicitatem?

368 1735 490 1778 Vitia
514 1741 636 1777 certe
659 1732 761 1784 alia,
787 1731 832 1774 in
856 1730 1009 1787 primis
1037 1727 1264 1784 superbia,
1297 1726 1403 1769 fecit
1433 1733 1480 1767 vt
1508 1725 1726 1767 darentur
1757 1724 1918 1765 haere-

282 1813 357 1856 tici
381 1813 426 1855 in
450 1812 693 1868 reprobum
717 1823 901 1852 sensum
921 1809 952 1849 5.
975 1806 1097 1849 Hinc
1115 1805 1234 1850 enirn
1253 1818 1342 1847 non
1363 1802 1489 1846 audit
1506 1800 1743 1844 ecclesiam
1761 1801 1918 1842 haere-

284 1891 416 1942 ticus,
449 1890 529 1932 sed
558 1902 642 1930 suo
672 1886 830 1928 nititur
866 1883 1048 1927 iudicio.
1092 1882 1213 1925 Hinc
1244 1882 1376 1924 datur
1413 1880 1458 1921 in
1497 1876 1835 1934 inspirationem
1875 1882 1920 1918 et

284 1966 534 2010 dominium
559 1963 808 2014 daemonis,
835 1961 928 2017 qui,
953 1975 1069 2015 quae
1091 1974 1173 2002 sua
1202 1966 1270 2003 est
1299 1956 1516 2012 nequitia,
1551 1954 1845 2009 transfigurat
1875 1966 1927 1996 se

286 2044 331 2087 in
355 2044 570 2099 angelum
594 2041 709 2083 lucis
731 2042 764 2091 ⁰,
790 2053 842 2082 ac
880 2037 1160 2081 dolosissima
1193 2035 1443 2078 imitatione
1471 2032 1725 2075 diuinarum
1759 2028 1925 2071 illumi-

287 2120 523 2163 nationum
555 2118 743 2161 miseras
780 2115 952 2159 animas
989 2114 1170 2170 decipit.
1218 2114 1320 2155 Hoc
1357 2126 1465 2155 vero
1502 2117 1571 2152 est
1609 2108 1729 2164 quod
1762 2107 1847 2148 iarn
1881 2105 1927 2148 in

287 2196 509 2241 haeresim
549 2203 685 2250 atque
722 2193 885 2236 mentis
917 2190 1267 2234 obstinationem
1307 2188 1508 2231 abiectos
1546 2186 1591 2228 in
1631 2183 1928 2241 peruersitate

289 2274 454 2319 mentis
477 2281 521 2317 et
539 2271 703 2316 retinet
721 2278 765 2314 et
784 2271 839 2312 ad
854 2268 1047 2312 aliorum
1066 2266 1381 2322 deceptionem
1401 2278 1454 2307 ac
1473 2262 1709 2319 pernitiem
1729 2259 1926 2303 instruit.

293 2351 512 2406 Exempla
542 2356 670 2405 potes
706 2355 861 2403 petere
897 2360 953 2388 ex
991 2344 1272 2400 superiorum
1312 2349 1511 2386 aetatum
1551 2337 1808 2388 haereticis,
1835 2344 1931 2379 tum

293 2429 427 2472 etiarn
460 2424 725 2483 praesentis:
758 2422 896 2465 illusit
927 2421 1088 2465 Ebioni
1117 2428 1162 2464 et
1192 2418 1413 2463 Chesinto
1442 2418 1634 2459 daemon
1665 2430 1741 2470 per
1772 2414 1932 2456 falsum

295 2519 478 2550 sensum
511 2502 698 2545 vnitatis
732 2500 817 2544 Dei
855 2509 899 2544 et
938 2497 1230 2555 perfectionis
1269 2495 1376 2552 Xpi.
1410 2493 1616 2537 hominis.
1648 2493 1840 2540 Contra,
1877 2488 1934 2534 116

296 2580 493 2626 Cerdoni
523 2594 604 2636 per
634 2579 796 2621 falsum
835 2590 1018 2620 sensum
1052 2573 1304 2617 diuinitatis
1341 2571 1469 2627 Xpi.;
1495 2569 1700 2613 similiter
1730 2569 1932 2612 Luthero

298 2675 377 2715 per
402 2660 565 2701 falsum
590 2670 774 2700 sensum
799 2653 902 2697 fidei
920 2661 965 2696 et
989 2650 1260 2708 receptionis
1283 2649 1458 2705 gratiae
1480 2647 1588 2704 Xpi.
1614 2661 1693 2702 per
1716 2645 1866 2687 fidem.

373 2807 389 2822 Ἀ
439 2805 629 2830 consensu
650 2804 706 2827 mS
713 2821 721 2829 .

375 2922 381 2940 ¹
437 2919 654 2964 CANT.,II,
678 2926 734 2962 15.
927 2919 941 2937 ²·
994 2915 1061 2949 Ps.
1083 2913 1257 2957 LXXIX,
1281 2919 1336 2955 14.
1527 2911 1540 2929 ⁷·
1590 2909 1658 2944 Ps.
1678 2908 1708 2953 1,
1728 2916 1763 2941 1.

379 2984 387 3000 '⁴
439 2980 637 3021 COLOSS.,
665 2978 736 3021 ΙΙΙ,
755 2987 794 3020 9.
931 2977 944 2995 ⁵
994 2975 1120 3017 ΗΘΜ,
1139 2973 1169 3018 1,
1189 2971 1250 3007 28.
1528 2971 1542 2990 ¹³
1591 2968 1629 3002 ΙΙ
1654 2967 1773 3009 Con„
1793 2965 1860 3009 XI,
1885 2972 1939 3010 14.
