2028 3426
288 245 356 283 294
757 237 908 272 PATms
935 237 1174 271 HffiRoNvm
1201 234 1352 270 NADAL

241 345 285 381 et
302 338 444 394 possit
469 345 618 382 tamen
637 339 793 381 adesse
813 334 1092 381 renouationi
1112 342 1318 378 votorum
1343 335 1388 377 in
1413 335 1647 380 viennensi
1671 337 1876 394 collegio—

241 422 286 458 et
312 414 608 470 tyrnauiensi,
634 422 679 457 et
702 413 892 469 singulis
915 412 1044 455 annis
1063 413 1152 455 hoc
1177 413 1404 464 obseruet,
1425 420 1477 455 ut
1499 412 1543 454 in
1568 427 1657 456 una
1675 428 1875 458 renoua·-

242 491 363 535 tione
388 499 593 534 votorum
618 491 733 533 adsit
758 490 824 532 his
842 491 1020 532 duobus
1043 488 1262 545 collegiis,
1289 488 1472 545 reliquis
1495 489 1539 532 in
1563 489 1649 533 alia
1672 504 1866 534 renoua-

242 568 378 622 tione3
405 568 552 611 medio
577 583 684 610 uero
710 576 911 622 tempore
934 566 995 608 ita
1018 566 1075 608 sit
1098 574 1296 622 paratus,
1325 574 1373 609 ut
1396 574 1603 610 accurrat
1626 568 1682 610 ad
1705 582 1757 611 ea
1775 569 1865 611 col—

241 646 373 701 legia,
400 660 514 700 quae
538 647 739 698 egebunt
763 645 859 687 eius
882 643 1151 699 praesentia3
1178 657 1261 686 nec
1284 643 1527 687 arbitretur
1556 659 1604 687 se
1628 645 1762 688 fixam
1793 659 1867 688 se—

241 724 342 766 dem
381 724 562 772 habere,
595 723 672 764 secl
701 736 798 764 esse
831 721 939 764 utile
975 734 1085 762 suae
1114 720 1432 777 gubernationi
1467 730 1515 763 ut
1553 722 1746 778 collegia
1779 722 1867 765 cir-

242 807 438 844 cumeat.

329 877 399 919 De
423 876 645 918 uisitancla
673 874 874 926 Polonia,
903 874 976 917 uel
998 875 1055 918 de
1078 874 1249 918 ratione
1278 889 1429 927 curae,
1457 877 1591 931 qua'm
1620 876 1755 919 debet
1784 878 1876 919 ha--

242 954 348 996 bere
372 952 414 994 in
441 952 513 994 illa
537 953 626 994 duo
655 951 862 1012 collegia,
888 951 1031 1006 primo
1061 964 1242 1006 quoque
1270 958 1471 1008 tempore
1500 952 1668 997 scribet
1697 954 1754 996 ad
1778 955 1866 997 Pa-

244 1037 356 1071 trem
383 1030 655 1083 generalem.

331 1105 670 1149 Districtissime
688 1107 954 1148 obseruetur
977 1106 1087 1149 ordo
1110 1105 1337 1148 scribendi
1359 1106 1635 1150 constitutus
1663 1121 1688 1149 a
1719 1107 1865 1149 Patri-

246 1184 350 1226 bus.
371 1182 693 1226 Admonitores
716 1190 939 1225 rectorum
964 1190 1010 1225 et
1032 1182 1374 1239 prouincialium
1403 1183 1513 1226 illud
1543 1183 1662 1228 inter
1690 1192 1873 1228 caetera·

245 1258 487 1314 diligenter
519 1260 778 1310 obseruent,
810 1267 854 1303 et
891 1260 1178 1311 admoneant,
1210 1275 1319 1302 num
1350 1275 1433 1303 suo
1461 1267 1661 1316 tempore
1690 1248 1877 1305 litterae

247 1335 502 1378 scribantur
530 1336 654 1378 iuxta
677 1337 908 1380 decretum
938 1337 1163 1393 generalis
1190 1337 1559 1394 congregationis
1592 1339 1601 1359 ¹
1627 1345 1671 1382 et
1699 1337 1868 1381 instru-

242 1412 437 1456 ctionem
464 1412 610 1455 Patris
633 1413 870 1468 generalis.
1300 1410 1303 1411 ⁷

330 1489 621 1545 Expurgetur
649 1490 927 1534 bibliotheca
954 1499 998 1535 et
1030 1491 1239 1534 cubicula
1278 1493 1464 1535 Patrum
1503 1499 1548 1536 et
1586 1492 1790 1544 fratrum,
1831 1492 1873 1535 si-

246 1581 358 1621 quos
382 1568 551 1609 habent
573 1567 727 1620 libros,
752 1567 827 1622 qui
849 1583 903 1611 ex
927 1569 1129 1624 professo
1150 1576 1290 1625 agant
1312 1569 1368 1612 de
1389 1569 1583 1621 haeresi,
1609 1576 1654 1612 et
1683 1569 1870 1612 conclu-

245 1644 425 1696 dantur,
453 1645 831 1698 quemadmodum
856 1644 961 1688 alibi
977 1644 1148 1688 dictum
1171 1653 1255 1690 est.

336 1720 384 1763 Si
428 1720 664 1776 contingat
701 1721 831 1764 binos
861 1721 1049 1766 recitare
1086 1724 1218 1765 horas
1256 1723 1520 1775 canonicas,
1552 1723 1662 1766 illud
1694 1724 1773 1766 fiat
1808 1723 1871 1766 ita

244 1796 471 1839 submissa
495 1811 624 1848 uoce,
651 1805 716 1849 ut,
741 1805 1027 1853 preterquam
1049 1799 1105 1841 ab
1134 1800 1366 1853 alterutro,
1391 1799 1534 1843 audiri
1563 1814 1655 1842 non
1679 1800 1869 1856 possint,

242 1880 286 1915 et
310 1880 487 1928 tempus
512 1873 727 1916 orationis
749 1874 998 1918 matutinae
1021 1883 1165 1918 totum
1189 1877 1296 1920 dare
1317 1891 1409 1919 non
1433 1883 1646 1933 poterunt
1679 1876 1875 1920 orationi

245 1949 404 2001 uocali,
431 1951 510 1992 sed
533 1965 710 2006 semper
727 1951 896 2006 aliquid
919 1952 1026 1994 dent
1050 1952 1242 1995 orationi
1264 1953 1464 1998 mentali.
1498 1953 1744 1998 Prouideat
1766 1968 1872 2010 pro-

243 2026 452 2069 uincialis
488 2027 532 2069 in
562 2027 787 2082 collegiis,
820 2035 870 2070 ut
907 2028 1113 2073 celeriter
1148 2029 1277 2072 cibus
1314 2029 1532 2074 inferatur
1565 2031 1609 2073 in
1649 2044 1869 2083 mensam,

243 2117 327 2147 nec
350 2103 599 2147 intercedat
620 2104 832 2160 spatium,
858 2112 1077 2160 quantum
1101 2105 1197 2149 fieri
1221 2106 1400 2162 poterit,
1425 2106 1543 2150 inter
1561 2121 1699 2149 unum
1720 2106 1874 2149 cibum

245 2186 290 2223 et
313 2179 465 2222 alium.

332 2256 462 2298 Fiant
485 2257 605 2300 sacci
628 2273 709 2313 pro
731 2258 997 2315 disciplinis.

333 2333 551 2376 Seruetur
574 2334 794 2378 modestia
816 2334 863 2376 in
887 2335 1020 2388 tonis,
1046 2349 1103 2378 ne
1127 2336 1285 2378 fratres
1308 2335 1498 2380 rideant.

246 2465 308 2494 DE
333 2466 582 2505 PERSONIS,
604 2468 669 2497 -ET
694 2468 902 2500 OFFICIIS
927 2470 1019 2500 UEL
1044 2470 1318 2501 EXERCITIIS
1342 2470 1536 2500 PATRUM
1563 2470 1620 2500 ΕΤ
1644 2470 1872 2503 FRATRUM

338 2564 633 2608 Prouincialis
664 2567 714 2609 P.
748 2569 1020 2612 Laurentius
1051 2569 1281 2612 inchoabit
1318 2569 1514 2612 officium
1550 2583 1682 2612 suum
1713 2583 1879 2625 gerere·

250 2649 487 2696 postquam
511 2642 768 2687 discesserit
794 2647 844 2688 P.
872 2647 1102 2703 Lanoyus.

340 2720 388 2760 P.
414 2719 645 2762 Emericus
669 2721 752 2764 erit
775 2729 922 2765 rector
944 2723 1140 2779 collegii,
1168 2724 1293 2779 quod
1321 2739 1487 2768 nomen
1516 2739 1607 2767 non
1640 2722 1874 2779 usurpabit

248 2801 487 2850 antequam
507 2795 710 2839 discedat
729 2798 779 2839 P.
798 2799 1025 2854 Lanoyus3
1039 2800 1216 2844 interim
1235 2807 1385 2845 autem
1405 2814 1507 2843 cum
1527 2801 1671 2854 abest,
1686 2802 1736 2844 Ρ.
1751 2801 1873 2844 Lau-

250 2871 420 2913 rentius
443 2873 527 2914 sub
551 2873 730 2916 nomine
753 2874 944 2917 ministri
967 2877 1102 2920 debet
1136 2891 1345 2934 magnam
1370 2884 1545 2933 partem
1571 2876 1706 2920 officii
1732 2884 1880 2920 recto-

324 3038 331 3057 ¹
386 3037 610 3083 Decretum,
631 3040 793 3084 scilicet,
814 3050 857 3085 54
877 3042 1192 3088 congregationis
1211 3043 1419 3080 secundae.

2018 2851 2028 2938 ἑ

2018 2940 2028 2983 l

2019 3006 2028 3033 i

2015 3200 2028 3339 ἰ
