2028 3426
334 229 403 256 xv1
985 218 1229 256 PRAEFATJO

285 323 445 378 plexus
468 329 550 366 est.
579 323 680 365 Hac
702 320 820 365 enirn
843 336 894 365 re
921 320 1115 365 maxime
1143 335 1332 377 peccare
1360 321 1443 364 visi
1473 328 1579 364 sunt
1607 321 1685 377 qui
1713 329 1922 366 auctores

285 401 411 444 fuere
439 400 690 441 turbarum:
723 397 844 453 quod
866 397 1122 441 institutum
1146 397 1400 451 Societatis,
1426 398 1532 441 boni
1554 399 1611 442 de
1634 405 1813 443 caetero
1835 400 1919 441 ho·
1978 399 1981 402 ’

285 477 445 528 mines,
478 483 524 519 et
554 476 610 518 de
638 474 804 529 quibus
832 476 1060 530 praeclara
1093 474 1240 537 multa·
1267 474 1577 530 superioribus
1613 475 1920 519 voluminibus

282 554 422 597 relata
444 559 567 605 sunt,
593 566 645 594 ac
669 559 825 608 postea
847 552 1115 604 referentur,
1148 551 1466 608 magistrorum
1495 552 1661 609 inopia,
1693 560 1738 597 et
1767 567 1919 596 rerum

283 631 562 687 agendarum
591 628 966 685 occupationibus
988 642 1220 684 nunquam
1243 629 1400 672 intime
1422 630 1676 686 cognitum,
1701 631 1809 672 dum
1833 630 1920 673 alio

282 708 477 762 quodam
508 721 592 749 suo
619 720 756 749 sensu
784 713 1001 762 aguntur,
1036 705 1079 747 in
1111 705 1355 749 maximum
1387 707 1637 762 periculum
1667 707 1915 751 deduxere.

283 785 387 827 Dux
411 783 495 825 fuit
517 783 734 826 Nicolaus
757 782 1006 836 Bobadilla,
1032 782 1098 824 vir
1121 797 1240 836 acer,
1272 783 1496 838 salutique
1526 783 1733 839 publicae
1765 783 1921 827 multis

282 861 328 902 in
357 859 603 916 prouinciis
632 857 811 914 magnis
839 858 933 901 suis
962 858 1192 902 laboribus
1219 847 1351 903 valde
1374 859 1509 912 vtilis;
1536 860 1696 903 solitus
1719 867 1872 904 tamen
1895 875 1920 904 e

281 937 422 981 libera
444 936 594 992 potius
617 936 810 992 quadam
835 936 1022 979 caritate
1045 934 1124 992 <sic
1147 935 1242 992 ipse
1264 936 1539 993 nominabat)
1563 951 1698 992 quam
1721 953 1776 980 ex
1794 944 1919 980 arcta

281 1014 544 1070 regularum
568 1028 725 1055 norma
747 1012 1015 1068 religionem
1039 1012 1201 1066 metiri,
1227 1027 1280 1056 ac
1306 1013 1489 1069 perinde
1512 1013 1649 1056 vitam
1674 1028 1777 1056 cum
1809 1020 1919 1057 tem-

279 1104 433 1145 perare
458 1103 606 1141 suam,
633 1097 728 1131 tum
752 1103 937 1132 censere
960 1089 1151 1133 alienam
1180 1089 1225 1131 in
1253 1090 1393 1132 sacris
1421 1090 1627 1133 coetibus
1659 1098 1920 1147 temperan-

282 1167 431 1211 dam.»
453 1168 554 1209 Hac
572 1165 783 1221 prudenti
800 1165 1072 1210 discretione
1089 1165 1136 1208 in
1156 1166 1416 1210 Bobadillae
1438 1174 1483 1210 et
1509 1167 1658 1209 Pontii
1682 1168 1920 1221 Cogorda-

281 1244 326 1285 ni
350 1243 492 1300 gestis
508 1242 766 1298 judicandis
790 1256 900 1285 usus
928 1250 997 1285 est
1019 1243 1286 1295 Sacchinus,
1322 1244 1452 1298 cujus
1480 1244 1732 1288 sententiae
1754 1246 1914 1287 suffra-

280 1329 450 1377 gantur
479 1328 685 1364 recentes
716 1320 930 1363 historiae
960 1320 1221 1376 scriptores,
1247 1335 1360 1375 quos
1388 1320 1505 1365 inter
1530 1321 1790 1364 nominandi
1814 1329 1920 1364 sunt

284 1400 333 1441 P.
352 1400 496 1441 Boero
519 1400 525 1418 ¹
545 1405 588 1441 et
604 1399 654 1439 P.
673 1396 857 1440 Astrain
869 1397 900 1440 ².
919 1398 1178 1448 Caeterum,
1194 1399 1355 1440 horum
1369 1406 1414 1441 et
1428 1397 1639 1440 similium
1651 1412 1915 1441 monumen-

280 1483 428 1517 torum
453 1475 657 1517 notitiam
684 1474 923 1517 historicae
946 1474 1125 1517 veritati
1147 1489 1336 1530 prorsus
1360 1475 1532 1528 utilem,
1560 1482 1851 1531 nostramque
1874 1475 1918 1517 in

280 1552 332 1595 iis
350 1552 621 1608 evulgandis
641 1551 859 1594 rationem
877 1552 1167 1603 laudandam,
1182 1551 1438 1607 gravissimi
1458 1551 1539 1594 viri
1556 1551 1914 1596 existimarunt⁵.

350 1667 357 1685 ¹
422 1665 511 1699 Vita
530 1665 593 1699 del
611 1676 724 1699 servo
743 1664 787 1698 di
809 1664 884 1698 Dio
903 1664 952 1698 P.
973 1663 1110 1698 Nicolo
1129 1663 1388 1710 Bobadiglia,
1408 1663 1475 1701 lib.
1497 1665 1525 1710 Ι,
1543 1665 1560 1710 ἕ
1579 1664 1646 1698 ΧΙ.

348 1727 361 1746 ²
413 1724 511 1759 Loc.
534 1723 844 1769 cit.,1·1,12-22.

344 1785 357 1802 ·““
408 1783 515 1818 Inter
534 1783 666 1826 multa,
686 1794 786 1830 quae
804 1781 853 1817 ad
871 1782 944 1817 hoe
961 1781 1266 1816 confirmandum
1285 1782 1424 1817 afferre
1438 1793 1655 1829 possemus,
1675 1783 1917 1828 testimonia,

276 1853 408 1886 unum,
429 1841 546 1889 idque
566 1840 724 1876 maximi
744 1840 940 1887 ponderis,
960 1840 1130 1885 allegare
1156 1840 1336 1876 sufficiat.
1362 1842 1640 1877 Bruxellenses
1666 1848 1822 1877 nostrae
1849 1842 1918 1878 So-

272 1900 428 1936 cietatis
447 1901 701 1947 hagiographi
720 1901 816 1935 haec
834 1899 883 1935 de
902 1899 1045 1935 nostris
1064 1900 1348 1935 MONUMENTIS
1374 1900 1626 1947 scripserunt:
1657 1901 1781 1937 «Pour
1807 1906 1918 1937 notre

264 1967 374 2006 part,
394 1972 493 1996 nous
513 1961 664 1995 l'avons
682 1963 859 1995 constate
879 1971 955 1995 une
972 1959 1046 1994 fois
1065 1959 1113 1994 de
1133 1960 1231 2005 plus:
1254 1959 1304 1994 ici
1322 1971 1463 1995 encore
1488 1960 1543 2006 [in
1567 1961 1837 1996 Monumentis
1861 1973 1916 1997 sc.

263 2020 535 2065 -Xa-verianis]
559 2030 670 2054 come
693 2021 843 2066 chaque
867 2018 939 2054 fois
963 2030 1039 2065 que
1064 2019 1121 2054 les
1147 2018 1320 2054 editeurs
1344 2019 1414 2054 des
1439 2019 1700 2055 Monumenta
1726 2021 1916 2057 historica

272 2079 479 2115 Societatis
496 2079 594 2126 jesu
613 2084 681 2114 ont
701 2078 833 2125 publie
852 2078 922 2113 des
940 2077 1169 2113 documents
1187 2078 1254 2124 qui
1278 2078 1494 2113 relevaient
1517 2078 1566 2114 de
1591 2079 1912 2126 l’hagiographie,

269 2149 421 2174 comme
440 2138 491 2173 du
510 2145 614 2174 reste
633 2138 728 2173 dans
747 2143 856 2173 toute
875 2139 911 2172 la
929 2137 1046 2180 serie,
1065 2136 1153 2183 deja
1171 2138 1329 2182 longue,
1349 2137 1398 2172 de
1417 2138 1521 2172 leurs
1540 2139 1764 2184 precieuses
1790 2139 1915 2184 publi-

269 2197 439 2242 cations,
472 2198 645 2243 toujours
681 2198 728 2232 ils
765 2202 833 2231 ont
864 2196 1001 2231 merite
1034 2196 1178 2241 l'eloge
1208 2195 1359 2230 d'avoir
1389 2196 1628 2242 loyalement
1659 2198 1835 2232 travaille
1867 2209 1915 2233 au

273 2257 464 2303 triomphe
478 2257 526 2291 de
543 2258 578 2291 13
593 2256 717 2291 verite
733 2262 772 2291 et
787 2267 883 2302 pour
901 2257 958 2290 les
978 2255 1140 2290 interets
1159 2254 1208 2289 de
1227 2254 1415 2290 l’histoire
1434 2255 1602 2290 sincere.
1622 2255 1788 2291 Ceux-la
1808 2258 1914 2292 seuls

269 2316 493 2362 pourraient
520 2323 677 2351 trouver
701 2315 722 2349 a
748 2327 774 2361 y
800 2314 941 2360 redire,
975 2315 1041 2361 qui
1071 2314 1373 2360 regretteraient
1402 2314 1450 2348 de
1481 2315 1565 2350 voir
1596 2316 1652 2350 les
1681 2315 1914 2351 documents

269 2375 546 2422 authentiques
571 2375 702 2410 ruiner
728 2374 797 2410 des
822 2374 1002 2421 opinions
1026 2373 1119 2409 dont
1144 2374 1180 2408 13
1210 2374 1320 2409 seule
1346 2375 1479 2408 valeur
1504 2380 1564 2409 est
1587 2374 1738 2410 d'avoir
1762 2378 1826 2410 ete
1854 2387 1914 2411 ac-

269 2437 430 2481 ceptees
450 2447 500 2469 un
513 2435 614 2481 jour,
634 2446 683 2469 on
702 2446 750 2469 ne
770 2433 845 2469 sait
863 2439 1075 2479 comment,
1095 2438 1134 2468 et
1152 2432 1200 2468 de
1220 2432 1339 2468 s’etre
1358 2436 1574 2479 propagees
1593 2434 1806 2470 desormais
1825 2447 1914 2470 sans

269 2494 378 2530 subir
395 2494 444 2529 de
463 2495 650 2529 contrOle.
674 2494 772 2528 Sans
791 2493 924 2537 doute,
945 2493 969 2528 il
989 2505 1032 2528 se
1051 2497 1144 2539 peut
1161 2503 1238 2539 que
1256 2493 1291 2527 13
1310 2492 1549 2538 publication
1567 2493 1637 2528 des
1656 2496 1815 2530 sourc'es
1840 2494 1914 2530 ori-

267 2555 419 2599 ginales
450 2554 498 2589 de
530 2560 640 2588 notre
670 2554 831 2588 histoire
858 2552 963 2588 force
991 2552 1134 2599 parfois
1157 2552 1178 2586 a
1205 2553 1384 2597 releguer
1412 2551 1509 2587 dans
1535 2554 1570 2587 le
1597 2553 1777 2589 domaine
1803 2553 1852 2589 de
1878 2555 1914 2589 la

270 2613 436 2659 lege'nde
450 2614 618 2648 certains
634 2613 744 2648 traits
760 2613 963 2659 poe'tiques
978 2618 1018 2647 et
1033 2612 1236 2647 touchants
1250 2612 1438 2658 auxquels
1453 2622 1503 2646 on
1518 2611 1621 2647 avait
1636 2612 1714 2658 pris
1726 2613 1912 2660 jusqu’ici

266 2673 397 2719 plaisir
413 2673 434 2707 a
453 2672 638 2709 s'edifier.
662 2672 758 2707 Mais
777 2673 812 2707 la
832 2672 938 2706 vraie
957 2670 1180 2706 edification
1199 2676 1259 2705 est
1277 2670 1448 2716 ailleurs3
1469 2671 1543 2705 elle
1563 2677 1622 2706 est
1641 2671 1736 2707 dans
1756 2673 1791 2707 la
1816 2684 1911 2718 pure

267 2739 306 2767 et
324 2732 463 2778 simple
486 2731 621 2766 verite.
643 2731 754 2766 C'est
774 2731 809 2766 la
837 2730 1088 2766 visiblement
1113 2729 1278 2765 l’intime
1306 2730 1527 2765 conviction
1553 2730 1623 2765 des
1648 2736 1806 2766 savants
1832 2731 1912 2766 edi-

265 2798 372 2827 teurs
397 2791 466 2826 des
492 2791 769 2833 Jllommzentffl
794 2791 894 2824 c'est
919 2790 953 2824 la
978 2789 1099 2835 aussi,
1117 2799 1214 2824 nous
1232 2790 1268 2824 le
1287 2799 1441 2831 savons,
1462 2790 1497 2824 la
1517 2790 1740 2825 conviction
1758 2790 1828 2826 des
1847 2803 1911 2827 su—

265 2851 440 2896 perieurs
460 2849 627 2895 majeurs
646 2848 694 2883 de
714 2848 883 2894 l’Ordre,
905 2848 970 2895 qui
996 2853 1261 2894 encouragent
1287 2847 1335 2882 de
1363 2852 1469 2882 toute
1502 2847 1612 2893 fag-on
1640 2849 1674 2883 13
1699 2848 1847 2894 grande
1872 2856 1912 2885 et

263 2919 504 2955 courageuse
535 2908 751 2954 entreprise
778 2907 827 2942 de
853 2919 922 2943 nos
951 2907 1149 2942 confreres
1174 2906 1222 2941 de
1252 2906 1412 2954 Madrid3
1440 2906 1531 2942 bien
1557 2907 1768 2953 persuades
1793 2908 1910 2954 qu’ils

261 2968 495 3004 defendront
514 2967 627 3011 ainsi,
655 2966 785 3002 mieux
813 2979 889 3014 que
915 2968 971 3002 les
996 2968 1083 3013 plus
1108 2965 1265 3001 ardents
1290 2966 1542 3012 apologistes,
1570 2967 1775 3002 l’honneur
1801 2967 1849 3002 de
1875 2969 1911 3003 la

264 3027 504 3074 Compagnie
519 3027 567 3062 de
587 3027 743 3072 Jesus.»
764 3026 959 3061 Analecta
978 3026 1271 3066 Bollandiana,
1293 3025 1400 3070 XIX,
1419 3024 1588 3070 467-468.
