2028 3426
493 250 623 285 INDEX
648 257 942 294 PERSONARUM,
972 256 1116 285 RERUM
1143 257 1198 283 AC
1222 256 1425 283 LOCORUM

141 349 356 394 Desolatio,
377 350 459 395 642,
480 349 565 396 644,
583 350 668 395 692,
688 349 860 394 844-848,

142 408 358 451 Detractio‚
378 408 463 454 380,
482 408 567 454 403,
588 417 675 453 470.
717 445 721 452 ¹

142 468 264 512 Deus,
285 467 336 504 O.
363 469 436 514 M.‚
465 474 597 503 auctor
620 473 774 502 nostrae
793 466 921 502 Socie-

191 527 294 571 tatis,
318 527 398 569 1663
414 527 600 573 quidquid
614 527 704 561 boni
719 528 837 561 habet
856 526 923 561 So-

190 584 312 619 cietas
330 596 352 619 a
377 586 462 619 Deo
487 597 554 631 per
578 585 797 620 institutum
817 596 922 619 acce-

191 643 261 690 pit,
285 644 364 689 168,
387 644 465 688 173,
496 653 576 689 175,
601 646 685 689 649,
711 646 763 679 nil
790 651 923 679 contra

194 704 319 737 Deum
338 702 466 738 facere
485 703 695 738 doceantur
713 703 922 749 principes,

193 770 275 807 2113
292 762 377 796 Deo
396 762 639 807 potissimum
654 761 923 796 commendan-

192 819 241 854 da
270 821 554 856 haereticorum
584 821 802 860 conversio,
841 820 923 862 218;

194 879 279 913 Deo
304 879 474 925 gratiora
494 887 598 922 sunt,
618 892 716 926 quae
741 880 839 915 fiunt
862 879 925 925 pie

193 944 328 973 contra
357 940 586 985 haereticos,
621 949 702 983 2193
734 939 817 974 sine
849 938 926 973 fide

195 997 436 1044 impossibile
452 1000 603 1044 placere
619 1000 715 1043 Deo,
733 1007 816 1044 22ος
836 1009 926 1044 quo-

196 1059 308 1092 modo
327 1058 435 1092 De‘us
457 1063 638 1104 operatur
662 1058 700 1092 in
726 1057 926 1102 creaturis,

195 1127 278 1164 22ος
299 1118 383 1153 sine
404 1120 488 1153 Deo
508 1119 559 1153 nil
586 1124 713 1164 potest
735 1130 843 1153 mens
864 1128 928 1151 no-

195 1181 274 1210 stra
292 1176 340 1211 ad
353 1178 516 1222 gratiam
532 1177 828 1225 assequendam,
845 1184 926 1219 2223

196 1234 323 1269 anima
357 1237 522 1272 hominis
559 1248 679 1283 capax
714 1236 809 1281 Dei,
847 1233 928 1276 2233

196 1293 346 1328 animae
363 1294 455 1340 vita,
475 1295 599 1340 gratia
618 1295 706 1340 Dei,
725 1304 805 1338 2243
827 1303 931 1327 sum-

197 1363 300 1386 mum
331 1353 405 1387 Dei
437 1353 579 1388 donum
616 1352 806 1396 charitas,
841 1358 929 1393 2253

197 1410 383 1445 haeretici
414 1410 466 1445 1111
499 1416 659 1457 possunt
683 1415 816 1445 contra
845 1418 930 1451 nos,

197 1469 237 1504 ni
268 1471 376 1505 Deus
409 1471 464 1505 eis
495 1470 710 1516 permittat,
741 1477 822 1514 2273
855 1464 933 1500 Dei

198 1540 305 1567 amor
323 1529 362 1563 in
382 1530 492 1564 nobis
514 1529 719 1573 fovendus,
745 1535 827 1572 571,
846 1527 930 1571 642,

198 1588 282 1633 667,
301 1587 384 1634 6733
410 1588 457 1622 de
479 1588 564 1622 Deo
590 1593 629 1621 et
653 1586 726 1621 Dei
750 1585 932 1631 operibus

199 1647 486 1692 meditandum,
518 1645 694 1691 577·578;
726 1643 854 1679 omnia
884 1655 932 1678 ex

201 1706 338 1752 spiritu
357 1706 430 1740 Dei
446 1706 629 1750 cogitare,
651 1704 798 1748 audire,
813 1703 932 1749 loqui,

201 1771 283 1808 5793
310 1764 557 1813 praesentiae
583 1763 658 1798 Dei
680 1763 821 1809 praxis,
849 1762 929 1808 586,

202 1824 286 1867 615,
312 1813 393 1868 ἄρ,
422 1823 506 1867 651,
525 1822 608 1866 671,
627 1822 711 1866 674,
737 1821 822 1865 681,
849 1819 930 1855 688·

199 1882 281 1927 689;
301 1883 538 1927 exemplum,
564 1882 648 1925 6453
673 1881 834 1926 gloriam
859 1880 934 1914 Dei

200 1941 350 1987 quaerit
368 1941 558 1985 Societas,
574 1939 656 1982 6163
677 1941 762 1974 Deo
776 1939 848 1974 soli
867 1939 933 1973 mi-

202 2000 302 2042 litat,
334 1999 416 2045 618,
450 1999 522 2033 tria
552 1999 590 2032 in
624 1997 698 2032 Dei
733 1996 934 2032 beneficiis

202 2057 504 2101 consideranda,
539 2056 628 2100 6383
667 2056 741 2091 Dei
781 2055 935 2090 bonitas

202 2127 294 2161 erga
318 2117 509 2161 homines,
534 2116 705 2160 644-645;
735 2116 842 2149 Deus
867 2125 935 2160 per

201 2175 388 2210 exercitia
407 2175 447 2210 S.
469 2175 613 2220 Ignatii
627 2174 817 2213 ecclesiae
832 2174 935 2208 labo-

201 2234 301 2269 ranti
329 2234 533 2279 succurrit,
563 2233 651 2277 6683
685 2233 758 2269 Dei
790 2231 936 2267 miseri-

205 2293 335 2328 cordia
349 2305 435 2328 cum
452 2291 616 2339 propriis
627 2291 797 2338 peccatis
807 2290 935 2326 confe-

204 2352 338 2396 renda,
356 2360 439 2398 7173
456 2363 531 2398 quo
550 2355 662 2397 pacto
674 2351 781 2384 Deus
796 2349 937 2384 dicitur
965 2380 977 2388 ,

205 2412 379 2463 [ab-orare
404 2410 442 2445 in
460 2408 660 2451 creaturis,
679 2408 850 2453 859-8703
872 2415 947 2441 va-‘

206 2470 282 2515 ria,
305 2458 483 2513 585583,
516 2477 598 2513 592,
627 2467 708 2513 593,
738 2467 822 2511 619,
851 2464 938 2500 636-

204 2527 285 2573 638,
308 2518 479 2575 fiii-643,
497 2526 578 2570 646,
600 2525 682 2570 647,
702 2525 872 2569 672-681.

158 2586 400 2621 Devotiones
424 2584 682 2631 praedilectae
706 2583 745 2617 in
770 2582 938 2617 Societa-

207 2650 259 2688 te,
280 2645 366 2688 723.

159 2704 271 2748 Diaz,
291 2703 606 2748 Christophorus,
626 2699 708 2745 193.

160 2763 272 2809 Diaz,
310 2762 356 2797 P.
398 2763 553 2805 Petrus,
589 2759 632 2795 S.
674 2759 726 2804 J.,
761 2766 822 2802 70,
857 2757 936 2803 187,

211 2825 293 2866 196.
320 2844 321 2847 =

161 2879 330 2924 Dictius,
346 2880 390 2913 P.
407 2880 578 2924 Joannes
597 2875 657 2921 (Ρ),
677 2875 717 2911 S.
739 2876 792 2920 J.,
811 2874 890 2917 187.

160 2938 331 2972 Didacus
364 2937 421 2981 (in
453 2941 563 2971 textu
594 2934 779 2979 Diegus)‚
813 2933 852 2967 S.
886 2933 936 2978 J.,

208 2996 406 3041 Dilingae,
429 2996 511 3030 260.

337 3096 454 3123 Emsr.
479 3095 520 3122 Ρ.
543 3094 675 3125 Numa,
697 3100 777 3120 rom.
801 3090 866 3118 IV.

1655 246 1724 293 897

996 347 1109 394 Diez,
1131 349 1174 384 Ρ.
1200 349 1413 391 1331168531,
1435 348 1478 383 S.
1512 349 1572 393 J.,
1591 347 1630 381 in
1652 346 1771 394 mdia,

1046 407 1131 442 188.

997 467 1153 512 Dilinga
1173 466 1420 512 (Dillingen),
1437 477 1540 512 opp.,
1557 477 1577 500 a
1592 464 1775 500 surrenti-

1044 537 1092 560 no
1127 525 1416 571 archiepiscopo
1455 524 1654 566 invisitur,
1691 531 1774 565 2123

1043 584 1247 619 instructio
1271 595 1292 618 a
1318 582 1447 617 Natali
1471 582 1558 617 data
1583 587 1621 616 et
1646 592 1775 616 emen-

1043 641 1143 685 data,
1172 641 1254 687 324;
1281 641 1437 686 collegii
1460 652 1551 676 cura
1576 639 1680 674 Patri
1702 639 1780 673 Ra·-

1044 701 1248 735 bensteino
1278 699 1544 743 demandatur,
1572 699 1655 743 325,
1689 697 1773 744 326,

1045 759 1192 793 Natalis
1227 759 1449 805 inspectio,-
1473 767 1562 803 772,
1603 757 1776 803 779-780,

1043 818 1217 863 784-785;
1252 818 1480 864 collegium,
1524 817 1775 859 universitas,

1044 887 1100 923 29,
1122 877 1182 923 48,
1201 877 1261 923 93,
1281 877 1360 922 239,
1383 877 1467 921 780;
1487 883 1627 921 rector,
1644 888 1685 911 v.
1706 875 1776 911 Ca·

1045 937 1182 982 nisius,
1200 936 1481 971 Theodoricus.

1000 995 1185 1030 Dimissio
1203 1007 1223 1029 e
1242 995 1453 1038 Societate,
1478 994 1559 1038 160,
1588 994 1668 1039 162,
1694 1000 1779 1036 505·

1047 1054 1128 1099 508,
1149 1054 1230 1099 624,
1251 1055 1332 1099 627,
1355 1054 1436 1099 629,
1457 1052 1540 1095 630,
1567 1051 1654 1096 635.

1001 1112 1237 1147 Dionantum
1273 1111 1482 1157 (Dinant),
1523 1122 1616 1156 opp.
1652 1110 1779 1145 Colle-

1047 1172 1154 1216 gium
1173 1183 1194 1205 a
1217 1171 1346 1206 Natali
1371 1170 1551 1205 invisitur
1576 1174 1615 1204 et
1640 1169 1780 1203 instru-

1048 1231 1176 1265 ctione
1203 1230 1382 1271 donatur‚
1411 1228 1579 1275 355-358,
1606 1238 1690 1273 790;
1722 1239 1779 1263 re-

1049 1295 1143 1334 ctor,
1165 1297 1204 1324 V.
1226 1288 1430 1323 Minutius.

1003 1348 1216 1394 Dionysius
1232 1346 1484 1393 Areopagita,
1497 1346 1603 1381 Stus.
1613 1376 1619 1391 ,
1630 1345 1778 1391 script.,

1052 1407 1139 1452 855.

1005 1466 1216 1511 Dionysius
1249 1467 1441 1512 (Denys),
1478 1465 1525 1499 P.
1571 1464 1780 1508 Henricus,

1052 1524 1097 1561 S.
1121 1525 1173 1570 J.,
1190 1523 1272 1568 352.

1004 1583 1224 1629 Diplomata
1265 1581 1476 1628 apostolica
1520 1580 1567 1615 ad
1609 1579 1780 1614 Societa-

1051 1647 1130 1676 tem
1173 1641 1408 1687 spectantia,
1444 1639 1534 1685 375,
1569 1638 1658 1683 382,
1697 1638 1779 1682 390,

1051 1709 1133 1746 417-

1006 1760 1234 1806 Disciplina,
1255 1771 1295 1794 v.
1320 1758 1567 1803 Flagellatio.

1006 1820 1153 1855 Discoli
1177 1826 1224 1855 et.
1240 1818 1475 1862 dimittendi,
1502 1816 1673 1861 387-388,
1699 1815 1784 1860 394,

1054 1879 1223 1923 395-401,
1243 1877 1412 1922 438-440.

1007 1936 1256 1984 Dispensatio
1275 1937 1313 1970 in
1328 1935 1503 1982 jejuniis,
1529 1933 1654 1968 officio
1672 1942 1785 1967 cano-

1053 1997 1161 2041 nico,
1197 1995 1477 2037 celebratione,
1511 1993 1670 2038 regulis,
1694 1982 1784 2035 ’275,

1054 2053 1240 2101 336‚413‚
1260 2062 1344 2098 415,
1364 2053 1446 2097 536,
1469 2050 1638 2096 542-543·

1007 2113 1277 2159 Dispensator,
1300 2123 1341 2145 v.
1366 2111 1546 2144 Promus.

1008 2171 1301 2218 Disputationes
1320 2168 1589 2212 scholasticae,
1605 2175 1684 2211 249,
1703 2166 1788 2209 267,

1055 2232 1137 2275 567,
1158 2230 1241 2273 629.

982 2283 988 2288 “
1009 2288 1243 2325 Distributio
1267 2288 1470 2330 bonorum,
1491 2283 1575 2328 376,
1604 2291 1782 2327 500-501.

1009 2348 1208 2390 Divillers,
1233 2359 1272 2381 v.
1300 2345 1502 2393 Villarius.

1009 2407 1159 2451 Doctis,
1180 2406 1329 2451 Gaspar
1346 2404 1406 2445 de,
1434 2403 1673 2448 gubernator
1692 2400 1793 2434 Lau—

1056 2465 1142 2510 reti,
1167 2463 1335 2506 103-105.

1010 2526 1220 2559 Doctorum
1238 2520 1418 2566 insignia,
1442 2520 1530 2564 258.

1010 2581 1195 2616 Doctrina
1212 2578 1420 2614 christiana
1445 2576 1484 2610 in
1509 2574 1706 2610 Societate
1725 2573 1791 2607 do-

1057 2638 1193 2682 cenda,
1214 2637 1294 2683 237,
1316 2644 1398 2680 271,
1424 2633 1593 2679 277-278‚
1619 2639 1791 2678 494·495‚

1057 2698 1144 2732 620.

1011 2757 1280 2791 Domeneccus
1299 2752 1574 2797 (Domenech),
1595 2750 1637 2784 P.
1655 2749 1792 2784 Hiero-

1059 2824 1214 2859 nymus,
1232 2811 1273 2850 S.
1294 2812 1346 2856 J.,
1369 2818 1449 2854 142,
1465 2808 1551 2853 875.

1012 2871 1256 2916 Dominicani
1273 2870 1412 2904 fratres
1437 2868 1545 2903 litem
1566 2872 1700 2901 contra
1725 2866 1792 2899 Pa-

1059 2936 1137 2965 tres
1157 2931 1350 2964 toletanos
1378 2926 1592 2970 sustinent,
1622 2924 1792 2970 797-8183

1060 2989 1245 3033 magister
1268 2986 1480 3033 generalis,
1516 2997 1557 3018 v.
1595 2983 1793 3027 Cavallus;

1582 3084 1616 3111 58
