2028 3426
481 295 755 330 MONUMENTA
781 299 1035 328 PRovmcmE
1062 289 1374 334 AUSTRJAE—48
1623 297 1690 334 279

199 398 379 441 Habeat
401 411 557 447 vnum,
584 396 660 451 qui
682 395 824 451 possit
845 394 969 437 illum
992 393 1149 436 iuuare
1171 392 1217 434 in
1240 391 1333 434 suis
1356 390 1568 447 negotiis,
1596 392 1671 446 qui
1690 392 1737 434 in

60 489 64 491 ’
109 474 208 519 eius
231 474 288 517 sit
311 473 568 517 obedientia
590 472 866 528 simpliciter.

197 551 306 594 Eius
328 565 468 592 vnum
493 549 681 592 offitium
707 556 750 591 et
772 546 1010 604 occupatio
1032 545 1132 598 erit,
1158 553 1207 587 ut
1230 552 1373 597 curet,
1400 560 1516 602 quae
1545 545 1738 589 attinent

108 629 165 672 ad
189 627 499 671 fundationem
521 626 700 681 collegii
723 624 995 676 viennensis,
1022 622 1258 680 pragensis
1284 629 1329 665 et
1351 621 1668 678 tyrnauiensis,
1695 629 1739 666 et

111 706 147 748 si
169 706 289 760 quod
313 704 434 747 aliud
457 703 636 745 fundari
658 702 895 745 commode
917 700 1072 757 possit.

199 783 273 826 Ad
292 781 600 824 fundationem
619 779 797 834 collegii
814 777 1088 829 viennensis,
1108 784 1236 819 curet
1253 776 1443 832 primum
1463 775 1619 831 augeri
1637 777 1740 818 red-

109 860 246 910 ditus,
284 859 356 902 uel
388 858 546 900 saltem
578 855 765 911 adiungi
798 855 870 897 illa
903 853 1027 910 ligna
1057 869 1112 896 ex
1142 853 1552 908 Elosternenburg:
1583 851 1740 894 vinum

111 936 262 990 etiam,
289 935 325 978 si
349 935 491 990 possit
513 933 624 977 fieri.
661 935 916 982 Praeterea,
945 930 1027 973 nisi
1055 939 1279 986 augeatur
1307 930 1363 972 ad
1394 943 1523 983 3ooo,
1555 944 1649 971 non
1671 928 1740 970 di-

110 1021 238 1056 catur
259 1013 391 1068 plena
415 1010 633 1054 fundatio.

196 1089 372 1132 Deinde
393 1095 444 1129 ut
466 1088 512 1129 in
533 1085 688 1137 literis,
715 1084 880 1140 quibus
902 1084 1031 1126 nobis
1055 1084 1295 1126 cathedrae
1318 1081 1604 1138 theologicae
1626 1096 1740 1124 con-

111 1167 350 1217 ceduntur,
376 1164 623 1220 explicetur
645 1171 662 1187 a
683 1162 794 1203 illud
817 1161 938 1215 quod
960 1161 1093 1204 debet
1115 1160 1133 1185 b
1161 1175 1240 1216 pro
1269 1158 1505 1215 stipendiis
1533 1158 1630 1202 dari
1658 1173 1740 1214 pro

110 1251 237 1299 parte
261 1240 538 1285 fundationis
560 1238 755 1295 collegii3
780 1245 826 1281 et
854 1238 899 1279 in
929 1238 1110 1292 reliquis
1139 1244 1188 1279 ut
1216 1237 1341 1279 iuxta
1370 1237 1606 1278 formulam
1638 1250 1740 1291 pra-

110 1319 263 1376 gensis
293 1318 474 1374 collegii
503 1315 778 1359 fundationis
805 1314 1101 1370 expediantur
1129 1314 1285 1357 literae
1308 1312 1585 1355 fundationis
1610 1312 1740 1355 vien»

292 1398 301 1417 ¹

113 1396 266 1441 nensis
311 1429 319 1438 .

200 1475 295 1516 Nec
318 1473 429 1514 illud
457 1471 703 1522 omittatur,
735 1477 784 1512 ut
812 1469 1038 1526 possimus
1066 1482 1347 1524 promouere,
1374 1466 1411 1508 si
1439 1481 1529 1508 non
1559 1481 1734 1519 omnes,

112 1552 270 1594 saltem
300 1557 479 1592 nostros
507 1556 552 1591 et
579 1562 816 1603 pauperes,
849 1546 925 1602 qui
955 1561 981 1587 a
1010 1545 1139 1588 nobis
1171 1544 1354 1600 cupient
1382 1543 1660 1599 promoueri3
1694 1550 1740 1586 et

111 1643 204 1680 eos,
231 1642 344 1684 quos
366 1626 476 1669 nolit
498 1639 763 1681 promouere
785 1622 1056 1666 Vniuersitas
1077 1620 1350 1672 viennensis,
1378 1627 1422 1664 et
1445 1620 1520 1675 qui
1545 1621 1742 1675 proben-

113 1713 186 1748 tur
209 1719 233 1747 a
256 1718 436 1748 caesare
459 1703 519 1745 ita
541 1704 748 1758 promoti,
776 1708 824 1743 ut
847 1700 1078 1757 gaudeant
1105 1697 1354 1754 priuilegiis
1382 1697 1608 1748 omnibus,
1639 1691 1743 1751 qui*-

110 1783 214 1833 bus,
239 1788 326 1824 etc.

199 1859 256 1900 Et
284 1857 321 1900 si
351 1857 459 1912 quid
487 1856 646 1899 melius
676 1854 841 1911 poterit
873 1855 1036 1905 facere,
1072 1853 1196 1909 quod⁴
1229 1852 1285 1894 ad
1322 1851 1563 1894 firmiorem
1601 1850 1658 1892 sit
1696 1860 1743 1893 et

109 1934 363 1978 uberiorem
388 1933 714 1985 fundationem,
739 1932 784 1973 id
805 1931 939 1974 etiam
961 1929 1152 1980 curabit,
1178 1936 1228 1970 ut
1256 1928 1293 1970 si
1322 1927 1526 1970 redditus
1557 1941 1736 1982 separa—

109 2019 264 2055 rentur
287 2027 310 2055 a
333 2011 581 2067 pinguibus
603 2008 794 2052 abbatiis
816 2015 860 2052 et
882 2008 981 2050 loco
1003 2021 1176 2057 eorum,
1203 2005 1280 2060 qui
1303 2004 1432 2047 nobis
1461 2011 1567 2047 sunt
1595 2003 1741 2047 desti-

115 2089 224 2141 nati,
252 2089 598 2145 applicarentur.

203 2167 292 2209 Pro
323 2164 590 2208 fundatione
619 2161 936 2218 tyrnauiensis,
968 2161 1115 2216 placet
1137 2159 1258 2215 quod
1286 2158 1348 2200 illi
1380 2157 1584 2201 redditus
1607 2170 1744 2212 super

115 2242 428 2298 praepositura
445 2242 501 2284 de
524 2248 625 2282 turo
650 2264 699 2270 —
715 2264 771 2269 —
790 2264 845 2269 —
864 2245 879 2262 ⁰
897 2243 1233 2280 commutentur
1249 2235 1294 2277 in
1314 2233 1493 2277 abbatia
1509 2233 1629 2275 illius
1647 2232 1743 2288 epi—

113 2319 256 2374 scopi,
282 2326 325 2362 et
357 2319 437 2360 fiat
471 2316 690 2368 fundatio,
726 2323 901 2359 retenta
933 2312 1150 2370 pensione
1186 2327 1266 2368 pro
1305 2310 1502 2354 aedifitio
1535 2308 1732 2365 collegii.

114 2395 218 2439 Alia
236 2410 394 2437 curare
412 2401 560 2450 potest
577 2393 711 2437 etiam
730 2406 808 2447 pro
827 2391 1090 2441 fundatione
1106 2388 1343 2444 pragensis
1361 2386 1556 2442 collegii:
1578 2393 1706 2428 curet
1724 2384 1742 2408 d

114 2480 179 2524 ut,
212 2472 247 2514 si
279 2471 396 2514 fierit
424 2470 582 2526 possit,
608 2468 780 2511 firmius
808 2467 854 2509 in
879 2473 1148 2522 perpetuum
1178 2464 1266 2507 sint
1296 2463 1408 2505 vniti
1441 2463 1503 2504 illi
1536 2462 1742 2505 redditus

110 2548 420 2599 zittauienses,
441 2555 490 2589 ut
509 2553 652 2589 totum
671 2545 741 2587 ius
758 2543 952 2587 suumin
972 2556 1052 2584 nos
1070 2543 1307 2584 transferat
1325 2554 1496 2590 caesar,
1518 2546 1566 2580 ut
1585 2545 1742 2579 nostro

112 2625 292 2667 nomine
311 2625 410 2666 illos
429 2623 610 2679 exigere
627 2621 865 2678 possimus,
887 2627 932 2664 et
948 2624 1284 2661 commutentur
1303 2617 1503 2660 redditus
1524 2616 1742 2657 Camerae

181 2761 198 2776 a
225 2749 297 2783 ΜΞ.
318 2748 558 2794 explicatur.
609 2748 676 2773 -b
700 2746 774 2780 Ms.
792 2745 944 2780 debent.
1001 2763 1033 2769 —-
1049 2752 1063 2769 e
1090 2742 1178 2776 Non
1193 2746 1352 2786 apparet
1366 2739 1457 2786 quid
1476 2738 1536 2773 hic
1556 2737 1743 2783 scripturn

110 2809 173 2845 sit.
225 2809 290 2835 —d
319 2808 398 2842 Alt.
420 2807 590 2852 exempl.
611 2806 742 2840 habet:
764 2804 859 2839 Alia
879 2814 1023 2838 curare
1038 2802 1176 2846 potest,
1198 2803 1268 2834 etc.
1291 2800 1374 2833 Pro
1386 2798 1633 2844 fundatione
1649 2799 1741 2840 pra-

107 2867 245 2914 gensis
263 2865 425 2913 collegii
442 2868 598 2902 σηπίη.

109 2980 208 3015 m'sz'i
225 2979 418 3025 epistulis,
447 2990 468 3013 a
486 2978 528 3012 P.
549 2979 890 3012 BRAUNSBERGER
909 2974 1039 3019 editis,
1059 2985 1126 3020 per
1151 2978 1273 3007 totum
1300 2971 1482 3004 volumen
1508 2966 1678 3010 tertium,
1699 2970 1741 2999 et

110 3039 149 3074 in
168 3039 298 3085 Epist.
321 3039 371 3073 P.
397 3038 547 3078 Nasica,
569 3037 618 3082 ΙΙ,
638 3036 808 3079 627-629‚
830 3033 913 3077 633,
932 3033 1017 3077 634,
1037 3039 1115 3067 etc.

184 3101 194 3119 ¹
246 3099 304 3132 De
323 3097 382 3132 his
401 3096 450 3135 cf.
474 3096 607 3142 Epist.
633 3096 684 3130 P.
711 3094 860 3141 Nadal,
881 3093 929 3136 H,
951 3092 1034 3137 480,
1054 3091 1136 3135 481.
