2028 3426
659 262 1088 301 INSTRUCTloNEs-—61
1567 271 1637 308 419

3 426 8 430 .
57 368 159 410 fieri
183 381 312 423 posse
333 367 551 409 videbunt
579 366 848 421 superiores,
881 373 1110 422 comperto
1137 378 1369 416 successu,
1402 364 1686 408 committent

6 490 10 493 ,
58 443 304 499 aliquibus,
330 443 407 498 qui
429 442 649 498 singulari
672 442 760 484 sint
782 442 964 498 spiritus
984 442 1167 494 virtute,
1202 448 1338 496 atque
1366 440 1502 483 animi
1533 441 1685 483 mode-

15 555 17 557 .
65 520 150 563 stia
172 534 225 563 ac
248 519 488 563 suauitate.
516 521 766 561 Taurorum
791 526 942 563 autem
965 518 1293 574 exagitationes
1315 517 1511 573 publice,
1532 519 1688 572 quales

40 633 42 635 .
65 597 112 639 in
135 596 352 652 Hispania
382 596 478 638 fieri
506 596 670 648 solent,
697 595 733 637 si
764 595 938 651 possint
966 611 1044 651 per
1075 594 1299 651 principes
1326 601 1371 637 et
1400 593 1690 649 magistratus

66 673 288 729 impediri,
313 673 357 715 id
381 680 595 728 poterunt
623 686 780 715 curare
803 672 959 723 nostri,
985 672 1031 714 in
1053 687 1241 716 caueam
1270 678 1395 722 vero,
1430 672 1498 712 vel
1522 670 1686 724 forum,

68 744 146 793 aut
174 750 219 791 in
242 750 457 806 populum
494 763 581 791 non
610 763 659 792 se
689 750 861 792 dabunt
893 763 996 791 cum
1025 748 1327 804 poenitentiis,
1353 755 1402 790 vt
1435 762 1513 791 eos
1541 748 1691 790 deter—

71 834 213 877 reant,
240 828 361 881 quod
383 825 546 868 alicubi
566 841 590 867 a
613 825 779 867 nostris
801 826 970 867 factum
992 825 1175 869 scimus.

159 905 207 946 Id
230 905 352 958 quod
374 904 550 946 dicetur
578 901 761 945 nomine
794 902 1039 945 comissarii
1066 903 1137 945 vel
1168 902 1300 946 etiam
1332 901 1623 957 prouincialis
1652 908 1696 944 et

69 996 162 1024 non
190 981 438 1036 reperiatur
470 981 513 1021 in
538 994 693 1021 eorum
726 979 919 1034 scriptis,
946 980 1184 1023 aduertant
1213 970 1467 1035 superiores
1499 993 1556 1020 an
1585 992 1697 1020 con--

71 1057 226 1101 ueniat
249 1072 408 1107 necne,
435 1065 479 1100 et
502 1057 627 1098 iuxta
649 1056 709 1107 id,
732 1057 852 1110 quod
870 1056 977 1111 ipsis
994 1056 1141 1098 visum
1164 1064 1181 1080 ³
1203 1055 1354 1107 fuerit,
1376 1055 1557 1097 faciant.
1581 1055 1697 1097 Nam

75 1134 184 1177 nihil
217 1142 302 1186 est,
337 1134 458 1188 quod
485 1134 541 1175 ad
571 1132 948 1188 gubernationem
982 1133 1186 1185 attineat,
1218 1133 1339 1187 quod
1366 1146 1459 1174 non
1488 1131 1700 1187 redigant

74 1210 136 1253 illi
158 1210 205 1252 in
227 1210 459 1265 scriptum,
485 1218 530 1251 et
547 1210 656 1253 dent
679 1209 1002 1264 superioribus,
1029 1216 1073 1251 et
1095 1209 1224 1252 cuius
1246 1209 1500 1264 exemplum
1524 1222 1614 1250 non
1633 1202 1700 1250 're-

76 1287 269 1330 tineant.
1540 1278 1551 1298 ⁰

167 1363 236 1407 133
259 1363 354 1405 Etsi
378 1378 433 1405 ex
456 1363 896 1417 officioprocurator
919 1363 1081 1405 debeat
1102 1363 1359 1414 obseruare,
1386 1375 1476 1416 quo
1501 1368 1703 1416 ternpore

76 1440 168 1482 sint
197 1454 268 1483 res
301 1440 402 1483 illae
432 1439 665 1490 emendae,
693 1452 804 1493 quas
825 1437 843 1463 b
865 1438 998 1481 simul
1020 1438 1169 1493 aliqua
1191 1438 1319 1494 copia
1341 1438 1466 1489 emit,
1491 1437 1590 1480 illas
1615 1452 1704 1480 non

48 1531 50 1533 ·
78 1523 197 1560 emet
230 1524 245 1541 0
278 1524 444 1559 tamen.
467 1516 551 1558 nisi
590 1515 809 1571 superiori
837 1514 1086 1571 significet,
1117 1515 1193 1570 qui
1222 1529 1313 1557 non
1347 1514 1553 1570 negliget
1589 1514 1706 1556 idem

80 1595 323 1637 obseruare
347 1601 392 1635 et
422 1607 499 1648 per
522 1592 793 1634 ministrum.
850 1619 853 1624 -

172 1670 360 1712 Etiamsi
382 1669 439 1712 sit
463 1669 693 1725 proprium
717 1668 904 1711 rectoris
926 1669 1145 1711 rationem
1168 1668 1261 1711 dati
1282 1675 1326 1712 et
1348 1668 1523 1723 accepti
1552 1683 1578 1710 a
1599 1682 1707 1723 pro-

43 1793 47 1795 ,
88 1754 297 1789 curatore
327 1746 548 1801 accipere,
580 1745 745 1801 poterit
779 1752 929 1788 tamen
961 1745 1072 1787 illud
1103 1745 1382 1788 committere
1414 1737 1634 1796 ministro,
1675 1744 1712 1786 si

38 1828 41 1842 ⁵
87 1824 199 1867 adeo
228 1823 401 1879 peritus
430 1825 588 1865 harum
622 1823 847 1865 rationum
880 1822 1032 1873 fuerit,
1067 1829 1112 1864 et
1147 1823 1528 1877 adeo-probatus,
1569 1828 1617 1862 vt
1651 1821 1713 1862 illi

37 1916 40 1919 ’
88 1901 292 1943 fortassis
315 1902 388 1942 vel
411 1900 556 1955 magis
578 1901 650 1941 vel
672 1914 788 1953 eque
810 1899 856 1941 in
888 1913 941 1941 ea
974 1914 1037 1950 re,
1062 1913 1198 1954 quam
1231 1898 1331 1950 sibi,
1356 1899 1541 1941 credere
1572 1897 1714 1954 possit

55 1972 57 1975 ’
86 1985 253 2029 rector,
281 1985 325 2021 et
350 1984 500 2019 tamen
525 1990 758 2030 nunquam
782 1975 957 2018 omittat
975 1976 1230 2031 exploratas
1253 1976 1419 2018 habere
1441 1975 1652 2017 rationes.

51 2053 58 2056 ⁴
176 2053 363 2096 Etiamsi
405 2068 461 2095 ex
498 2052 705 2108 collegiis
744 2052 908 2095 nostris
952 2052 1046 2095 dari
1089 2067 1182 2095 non
1225 2053 1365 2094 soleat
1409 2052 1711 2106 eleemosyna,

53 2190 55 2192 q
87 2131 457 2186 'quandoquidem
483 2145 552 2182 ea,
573 2145 689 2185 quae
707 2130 858 2179 habet,
878 2130 996 2172 bona
1018 2129 1274 2185 collegium,
1295 2130 1525 2185 eroganda
1543 2135 1649 2171 sunt
1670 2128 1716 2171 in

40 2195 58 2243 ζ’
93 2222 202 2250 vsus
231 2207 428 2263 collegii,
461 2215 506 2250 et
536 2208 628 2250 fere
658 2206 809 2248 omnia
842 2205 1049 2262 collegia,
1086 2206 1220 2250 etiam
1258 2220 1373 2261 quae
1410 2207 1563 2248 dotata
1591 2212 1713 2258 sunt,

94 2298 229 2339 egere
262 2284 451 2335 soleant,
489 2291 534 2327 et
571 2292 730 2325 mutuo
768 2282 974 2338 accipere
1010 2283 1226 2338 pecunias
1265 2284 1539 2338 frequenter,
1581 2290 1625 2324 et
1662 2297 1716 2324 ex

53 2412 55 2417 y
95 2360 370 2403 abundantia
395 2360 447 2416 (si
468 2361 653 2414 quando
677 2359 975 2415 contingeret)
998 2359 1149 2415 potius
1171 2360 1323 2415 plures
1346 2366 1498 2403 essent
1521 2359 1594 2402 134
1628 2359 1717 2401 fra-

97 2428 357 2480 tres'alendi
383 2437 426 2478 in
453 2437 672 2492 collegiis,
700 2437 771 2480 vel
793 2436 967 2479 externi
995 2436 1129 2480 etiam
1157 2436 1413 2479 scholastici
1441 2435 1715 2486 assumendi,

97 2512 223 2555 iuxta
253 2522 440 2568 quartae
472 2513 611 2569 partis
644 2513 1008 2565 declarationem3
1050 2520 1200 2557 tamen
1238 2513 1479 2568 aliquando
1516 2512 1719 2554 nonnihil

56 2597 59 2609 ³
97 2591 413 2645 eleemosynae
435 2591 541 2633 dare
565 2590 698 2632 alicui
720 2589 923 2645 pauperi,
950 2590 1026 2644 qui
1056 2591 1113 2633 ad
1140 2605 1226 2633 nos
1254 2590 1393 2641 venit,
1425 2604 1516 2632 non
1543 2589 1720 2630 videtur

97 2666 458 2710 interdicendum
499 2667 770 2717 rectoribus,
811 2667 945 2709 modo
983 2667 1081 2709 eius
1118 2667 1182 2710 rei
1218 2666 1592 2710 consuetudinem
1631 2678 1720 2706 non

64 2732 68 2767 ἶ
102 2742 281 2794 faciant,
307 2745 379 2786 vel
403 2744 683 2798 frequentem
713 2757 857 2786 Vsum.
892 2744 1144 2787 Censemus
1175 2743 1293 2785 enim
1325 2743 1490 2784 nullam
1521 2755 1602 2783 nos
1630 2741 1722 2783 ele—

102 2833 362 2885 emosynam
387 2820 606 2875 potiorem
630 2820 777 2862 facere
800 2834 947 2875 posse,
974 2834 1108 2874 quam
1132 2819 1185 2862 iis
1207 2818 1496 2875 pauperibus,
1523 2817 1600 2871 qui
1623 2824 1723 2858 tan-

103 2901 199 2938 tum
227 2897 284 2938 ad
313 2911 416 2939 eum
442 2897 585 2939 -finem
620 2895 901 2947 nutriuntur,
937 2903 985 2937 vt
1018 2896 1189 2938 animas
1225 2902 1467 2950 pereuntes
1499 2908 1554 2936 ex
1587 2907 1725 2935 manu

175 3071 193 3088 a
241 3061 336 3096 visis
356 3072 425 3096 ms.
479 3063 542 3087 -b
570 3073 669 3106 quae
688 3072 759 3095 ms.
812 3069 874 3087 ——0
902 3060 995 3094 illas
1012 3058 1139 3094 emere
1159 3071 1235 3094 non
1255 3061 1353 3094 emet
1371 3070 1442 3094 ms.
