2028 3426
674 269 1104 309 INSTRticrioNEs—61
1584 286 1653 322 497

737 423 800 452 DE
823 423 1048 454 SILENTIO

164 522 498 580 Chirographa,
525 539 641 580 quae
663 527 828 570 dantur
850 529 1050 581 nouitiis,
1077 529 1242 586 quibus
1269 530 1570 587 designantur
1598 533 1698 588 qui-

73 599 264 641 buscum
282 599 403 655 loqui
426 608 631 656 possunt,
657 610 705 644 vt
727 604 833 647 inde
850 604 1106 662 intelligant
1133 606 1299 661 quibus
1329 607 1452 662 loqui
1475 623 1568 651 non
1592 623 1698 664 poso

71 674 176 727 sint‚
197 691 265 728 ea,
290 675 466 719 etiamsi
486 677 575 720 sint
598 679 872 723 nouitiorum
895 682 1089 737 propria,
1116 690 1266 727 tamen
1289 683 1402 737 aliis,
1438 685 1514 726 vbi
1536 700 1698 730 neces-

4 750 7 753 *
70 752 237 794 sarium
259 752 502 806 videbitur,
527 754 623 797 dari
645 765 851 811 possunt,
877 759 948 800 vel
971 759 1106 802 etiam
1128 759 1204 802 vbi
1221 760 1346 826 vtile}
1371 776 1695 816 nonnunquam

69 828 205 871 etiam
228 830 283 871 ad
300 830 632 885 probationem.
666 834 830 876 Nullus
861 835 979 878 enim
1002 843 1086 888 est,
1114 837 1189 891 qui
1218 838 1291 880 vel
1313 839 1370 880 ad
1398 838 1548 881 omnia
1571 853 1696 882 exer-

11 913 13 915 ’
69 904 174 948 citia
195 905 470 949 nouitiorum
487 909 560 950 vel
582 909 638 951 ad
661 923 817 954 omnes
835 925 991 954 eorum
1010 913 1315 968 probationes,
1336 916 1408 957 vel
1425 917 1481 958 ad
1500 915 1695 971 aliquam

67 989 240 1036 partem
259 983 465 1027 reuocari
482 999 572 1027 non
590 985 746 1040 possit,
767 988 840 1031 vel
857 996 1039 1044 propter
1062 991 1395 1044 necessitatem,
1422 993 1494 1035 vel
1513 1001 1696 1049 propter

66 1057 320 1115 Vtilitatem‚
345 1061 417 1102 vel
438 1068 620 1116 propter
642 1062 855 1107 maiorem
883 1066 1224 1120 perfectionem,
1251 1069 1322 1112 vel
1345 1069 1480 1112 etiam
1510 1077 1694 1126 propter

67 1136 340 1191 exemplum.

154 1213 290 1267 Quod
327 1214 492 1257 dentur
529 1222 574 1258 et
612 1217 876 1260 auferantur
912 1217 1216 1275 chirographa
1255 1220 1436 1273 silentii,
1469 1238 1559 1265 non
1589 1224 1694 1266 facit

66 1295 245 1345 tempus
267 1297 458 1343 certum,
484 1292 571 1336 377
595 1294 675 1336 sed
698 1295 819 1348 quod
842 1296 1114 1350 profecerint
1136 1297 1181 1339 in
1205 1298 1366 1353 spiritu
1392 1301 1462 1343 vel
1492 1299 1601 1355 ipsis
1625 1301 1694 1343 in-

65 1364 269 1421 digeant,
289 1368 362 1410 vel
385 1375 559 1420 contra,
585 1383 641 1412 ex
664 1369 830 1412 iudicio
852 1372 1135 1427 superiorum
1159 1373 1204 1426 ii,
1237 1375 1402 1429 quibus
1431 1377 1597 1419 dantur
1619 1379 1691 1421 vel

66 1443 348 1497 auferuntur.
375 1445 531 1500 Itaque
554 1446 738 1490 euenire
761 1455 924 1503 potest,
950 1457 998 1490 vt
1021 1457 1121 1505 post
1143 1451 1256 1494 duos
1278 1467 1420 1495 annos
1452 1468 1542 1496 non
1566 1456 1689 1499 aufe-

15 1572 18 1574 *
62 1526 219 1562 rantur
241 1522 503 1576 schedulae,
530 1537 678 1578 neque
700 1525 965 1579 probatione
987 1527 1258 1580 eximantur,
1284 1536 1329 1571 et
1351 1537 1499 1584 potest
1523 1531 1621 1574 fieri
1643 1539 1692 1574 vt

61 1597 326 1640 auferantur
350 1606 454 1641 ante
477 1600 591 1642 duos
618 1616 777 1654 annos,
818 1610 863 1644 et
885 1610 989 1658 post
1029 1604 1199 1659 aliquot
1222 1620 1364 1649 annos
1386 1614 1539 1662 potest
1560 1610 1692 1651 sche-

61 1673 167 1716 dula
191 1689 370 1717 rursum
394 1675 505 1728 dari,
532 1684 577 1720 et
594 1678 803 1732 probatio
825 1679 977 1723 iterari
1001 1680 1047 1722 in
1077 1682 1241 1735 quouis
1263 1690 1400 1734 statu.
1429 1686 1496 1726 Ex
1528 1684 1599 1727 his
1621 1684 1690 1727 in-

60 1750 278 1807 telligitur
300 1753 473 1796 nullum
496 1754 662 1798 debere
695 1756 766 1798 vel
792 1756 942 1800 mirari
980 1758 1051 1801 vel
1088 1773 1225 1813 aegre
1265 1761 1397 1812 ferre,
1431 1760 1467 1802 si
1498 1761 1690 1816 accipiat

22 1848 25 1851 <
59 1827 411 1884 chirographum
433 1829 616 1883 silentii,
644 1832 775 1874 cuius
799 1840 889 1875 tam
922 1835 1090 1877 multae
1112 1844 1303 1890 possunt
1331 1851 1432 1880 esse
1455 1851 1621 1881 causae
1645 1846 1689 1880 et

61 1910 152 1946 tarn
176 1906 361 1961 amplus
377 1914 446 1949 est
470 1921 593 1950 Vsus.

147 1982 324 2033 Nullus,
349 1996 466 2036 quae
487 1984 608 2026 domi
630 1984 855 2038 accidunt,
881 1987 1185 2031 communicet
1207 2002 1310 2031 cum
1333 1990 1531 2033 externis
1554 1991 1688 2033 etiam

55 2048 249 2109 deuotis,
276 2059 360 2101 nisi
382 2059 427 2102 id
449 2060 522 2114 sit,
548 2062 670 2116 quod
698 2061 882 2106 indubie
911 2063 1055 2118 possit
1084 2065 1140 2106 ad
1168 2066 1525 2110 aedificationem
1555 2067 1687 2123 spiri-

57 2135 225 2177 tualem
253 2137 418 2179 facere.
1096 2139 1097 2143 ’
1398 2166 1415 2170 ·

141 2212 321 2263 Nullus,
353 2227 501 2268 neque
530 2213 708 2267 ianitor,
741 2229 888 2270 neque
917 2216 1140 2268 aedituus,
1173 2217 1368 2273 excipiat
1400 2220 1456 2261 ab
1489 2220 1687 2263 externis

2 2341 6 2344 ἡ
55 2287 295 2343 quippiam,
328 2290 449 2343 quod
477 2290 655 2335 nuntiet
683 2292 1011 2345 sacerdotibus,
1047 2294 1119 2336 vel
1152 2294 1249 2337 aliis
1285 2296 1560 2347 domesticis,
1601 2297 1685 2339 nisi

16 2399 20 2405 ,
54 2362 178 2418 prius
199 2378 252 2407 ea
273 2366 329 2409 de
352 2381 398 2408 re
421 2367 697 2422 superiorem
721 2369 961 2421 monuerit,
988 2371 1059 2412 {sel
1081 2372 1246 2414 habeat
1263 2373 1522 2426 generalem
1543 2373 1683 2415 facul-

55 2444 209 2483 tatem.
989 2452 992 2455 “

19 2569 27 2573 ³
140 2518 302 2560 Nullus
326 2527 558 2574 praeterea
579 2522 865 2573 sacerdotum
896 2523 968 2566 vel
997 2523 1184 2565 aliorum
1215 2524 1568 2568 domesticorum
1603 2540 1682 2568 ex-

27 2610 35 2651 j
55 2597 182 2636 terno
203 2594 337 2637 alicui
359 2597 586 2651 loquatur,
612 2599 784 2652 absque
813 2598 1014 2654 generali
1043 2601 1114 2642 vel
1143 2599 1227 2643 378
1256 2600 1514 2655 particulari
1544 2615 1682 2655 supe-

53 2667 179 2712 rioris
209 2672 436 2714 facultate:
468 2675 727 2717 sacerdotes
757 2674 937 2729 quidem
966 2682 1191 2718 vocantur
1214 2677 1269 2718 ad
1298 2676 1545 2719 audiendas
1569 2691 1679 2718 con-

51 2744 267 2789 fessiones
289 2748 535 2791 ordinarias
558 2750 699 2792 nostri
724 2750 891 2806 templi.
919 2752 1089 2794 Verum
1113 2752 1150 2793 si
1174 2751 1305 2793 aliam
1328 2753 1385 2793 ob
1415 2766 1595 2794 causam
1626 2767 1679 2795 eo

53 2830 341 2876 vocarentur,
373 2832 528 2880 petant
556 2833 573 2850 ³
602 2841 627 2868 a
649 2826 880 2882 superiore
901 2827 1077 2869 veniam
1101 2827 1252 2869 eundi.
1280 2827 1545 2882 Superiores
1567 2843 1678 2870 vero

52 2911 141 2939 non
163 2901 414 2943 concedant
436 2901 481 2943 id
504 2902 635 2946 facile
659 2904 830 2957 absque
853 2917 1017 2958 magna
1036 2903 1456 2958 circumspectione,
1478 2918 1677 2959 praeser-

99 3073 116 3090 a
159 3067 270 3110 petat
289 3077 359 3102 ms·

226 3129 338 3157 Emsr.
360 3130 394 3157 P.
418 3131 550 3163 NADAL.
573 3139 647 3159 1031.
669 3131 730 3159 IV.
1463 3133 1498 3160 33
