2028 3426
399 318 674 354 MONUMENTA
700 325 952 354 PRovmcmE
978 316 1316 360 FLANDR1AE—58
1574 314 1643 360 357

20 446 23 449 ·
66 428 176 465 tunc
198 420 318 463 enirn
344 418 510 475 poterit
547 418 588 461 ei
617 418 881 462 denunciari
918 418 1101 462 nomine
1140 418 1287 462 Patris
1324 416 1616 474 prouincialis
1646 423 1690 460 et

25 494 32 534 Ῐ
65 496 258 549 Natalis,
283 510 366 539 nos
387 495 569 551 quidem
590 495 688 538 eius
710 496 908 538 animum
931 497 1138 552 probare3
1164 495 1243 539 sed
1261 501 1412 538 tamen
1429 493 1573 537 videri
1590 507 1691 536 esse

25 571 28 573 ’
70 580 441 625 consentaneum,
460 579 510 614 vt
526 586 617 615 non
629 578 720 614 tam
733 587 893 616 seuere
910 572 1190 629 accipiantur
1206 570 1549 621 commensales;
1571 569 1691 613 nolle

23 656 25 658 ’
64 649 154 706 ipsi
177 664 274 693 eam
304 648 617 691 difficultatem
646 662 744 692 esse
781 649 1056 702 diuturnam,
1089 656 1138 691 vt
1167 663 1344 704 semper
1367 653 1557 690 conetur
1588 660 1691 688 cum

21 758 24 761 -
72 725 226 769 natiua
247 725 323 768 illa
345 724 588 768 seueritate
616 739 837 781 pugnare.
871 725 1027 780 Itaque
1054 725 1196 768 videri
1224 731 1273 767 vt
1300 724 1396 780 ipse
1425 723 1607 778 quidem
1636 722 1693 765 sit

65 803 191 859 apud
212 802 554 854 commensales,
580 808 628 843 vt
650 801 749 844 illos
772 802 998 854 obseruet,
1031 802 1411 857 quemadmodum
1431 799 1504 843 alii
1528 800 1690 842 solent:

24 933 31 936 .
70 879 327 936 praefectus
349 892 458 922 vero
479 860 657 921 illorum
680 878 738 921 sit
762 880 815 921 P.
844 880 1210 922 Bartholomeus.

159 955 208 1000 Si
230 958 291 999 M.
329 955 521 999 Ioannes
543 957 578 998 F
581 970 633 1010 ys
674 956 684 976 ¹
710 954 903 999 libenter
933 955 990 998 sit
1026 956 1146 1011 apud
1177 954 1520 1006 commensales,
1556 960 1601 996 et
1624 952 1695 994 vi—

66 1033 263 1076 deantur
283 1047 374 1075 non
398 1031 601 1087 impediri
624 1032 720 1075 eius
743 1031 907 1084 studia,
932 1032 993 1074 ibi
1021 1038 1296 1088 perseueret;
1329 1030 1366 1073 si
1395 1031 1517 1073 aliud
1538 1030 1694 1073 videa-

20 1094 27 1100 *
72 1116 160 1161 tur,
186 1108 487 1152 substituatur
524 1109 756 1152 Gerardus
793 1108 839 1150 in
860 1108 957 1151 eius
994 1110 1159 1160 locum,
1185 1115 1229 1152 et
1251 1123 1342 1151 non
1375 1107 1460 1151 erit
1482 1121 1695 1150 necessa—

69 1185 188 1228 rium
211 1186 331 1241 apud
355 1185 644 1229 conuictores
666 1199 766 1228 esse
787 1184 1057 1227 ministrum.

162 1265 225 1306 M.
261 1263 452 1305 Ioannes
474 1264 565 1317 Fys
595 1263 820 1318 gubernet
853 1263 975 1304 solus
1012 1277 1138 1304 suam
1161 1263 1366 1305 classem:
1393 1261 1518 1316 quod
1549 1260 1586 1303 si
1608 1275 1701 1303 non

71 1339 231 1395 possit,
257 1340 415 1382 eadem
438 1338 552 1381 ratio
569 1338 654 1381 erit
676 1345 811 1393 atque
834 1340 900 1384 M.
932 1338 1111 1381 Ioannis
1134 1338 1366 1381 Halenii...

164 1417 449 1459 Obseruetur
471 1415 628 1471 regula
652 1415 800 1457 Patris
822 1415 1062 1471 generalis,
1087 1422 1136 1456 vt
1157 1415 1309 1457 nullus
1331 1415 1465 1456 domo
1483 1413 1694 1470 egredia*

75 1499 150 1535 tur
173 1493 344 1547 absque
366 1492 504 1544 socio,
525 1499 704 1547 praeter
725 1498 987 1547 emptorem.

166 1570 236 1612 De
258 1567 480 1612 diuisione
503 1568 732 1624 temporis,
757 1568 878 1623 quod
895 1568 1026 1610 datur
1050 1567 1256 1620 orationi,
1288 1574 1337 1609 vt
1361 1582 1491 1610 mane
1519 1567 1699 1622 integra

7 1691 10 1700 ,
74 1646 190 1687 hora
211 1645 343 1688 detur
365 1644 569 1696 orationi,
604 1644 828 1700 quadrans
850 1651 953 1687 ante
981 1638 1218 1700 prandium
1247 1652 1292 1688 et
1314 1644 1540 1699 quadrans
1570 1649 1701 1686 ante-

78 1735 213 1776 quam
238 1729 344 1765 eant
374 1721 594 1785 cubitum,
636 1722 757 1776 quod
780 1722 916 1764 Pater
953 1720 1177 1777 generalis
1199 1721 1379 1776 scripsit
1407 1720 1698 1771 seruandum,

70 1799 284 1841 consulat
314 1801 450 1843 Pater
486 1797 777 1854 prouincialis
799 1798 962 1841 Rdum.
1007 1800 1185 1841 Patrem
1223 1798 1498 1853 generalem:
1531 1796 1703 1838 interea

75 1882 266 1931 possunt
284 1889 467 1919 seruare
489 1889 617 1917 suam
641 1874 1031 1918 consuetudinem.
1058 1874 1180 1918 Idem
1204 1874 1336 1916 faciat
1356 1876 1492 1917 Pater
1514 1872 1703 1929 prouin-

74 1951 206 1995 -cialis
229 1952 284 1994 de
307 1952 409 1993 lusu
434 1951 564 2006 pilae.
1287 1944 1290 1946 ¹

166 2029 224 2080 Is,
252 2027 330 2083 qui
354 2028 589 2071 commode
612 2028 752 2083 pedes
773 2042 880 2070 suos
907 2028 1058 2071 lauare
1086 2042 1176 2071 non
1205 2034 1370 2084 potest,
1408 2027 1703 2081 quemadmo-

38 2160 44 2166 ι
75 2105 187 2147 dum
210 2104 323 2147 dixit
347 2106 483 2148 Pater
503 2104 742 2160 generalis,
768 2111 917 2160 potest
938 2104 1098 2160 aliquis
1120 2119 1146 2147 a
1174 2111 1350 2147 rectore
1378 2102 1614 2146 ordinatus
1637 2103 1704 2144 la-

79 2196 207 2224 uare:
234 2181 401 2225 caeteri
419 2181 504 2223 sibi
526 2181 609 2236 ipsi
626 2182 779 2225 lauare
801 2188 1005 2237 possunt.

168 2259 267 2302 Nec
290 2260 421 2301 detur
442 2258 624 2315 signum
647 2265 847 2313 tempore
869 2258 1083 2300 orationis
1114 2258 1170 2300 ad
1200 2257 1400 2299 vocalem
1430 2255 1700 2307 orationem,

82 2335 459 2390 quemadmodum
482 2334 659 2390 scripsit
684 2336 819 2377 Pater
841 2334 1080 2389 generalis,
1101 2349 1185 2378 nec
1201 2333 1501 2390 praecipiatur
1519 2332 1701 2384 nostris,

78 2419 129 2453 vt
150 2411 356 2454 diuidant
379 2411 629 2455 orationem
658 2411 704 2453 in
740 2411 943 2455 vocalem
966 2418 1011 2455 et
1028 2412 1286 2463 mentalem,
1313 2411 1392 2454 sed
1415 2409 1703 2465 dispensetur

81 2487 239 2540 oratio,
266 2489 645 2543 quemadmodum
667 2487 792 2530 iuxta
814 2487 1160 2530 constitutiones
1182 2488 1332 2539 debet,
1354 2493 1403 2528 vt
1420 2487 1703 2542 gubernetur

31 2588 33 2590 v
78 2565 207 2608 iuxta
229 2565 473 2621 superioris
496 2573 573 2608 aut
594 2564 811 2621 praefecti
832 2564 1174 2607 instructionem
1199 2565 1230 2605 ².
1277 2619 1286 2630 ι

169 2642 389 2685 Consulat
414 2644 549 2684 Pater
576 2641 865 2697 prouincialis
902 2642 1176 2698 generalem,
1204 2656 1260 2683 an
1299 2641 1494 2684 debeant
1517 2637 1704 2680 miscere

79 2732 245 2774 aquam
268 2718 390 2761 vino.

155 2940 166 2959 ¹
216 2938 260 2973 In
277 2938 454 2982 catalogo
472 2936 630 2982 collegii
647 2936 882 2972 coloniensis
907 2936 997 2971 anni
1019 2935 1106 2980 1565
1131 2935 1295 2969 habetur
1314 2933 1415 2968 inter
1435 2931 1706 2966 baccalaureos

39 2987 42 2990 ⁴
82 2996 346 3043 philosophiae
371 2997 542 3042 Joannes
566 2995 646 3031 Fiis
672 2995 912 3031 Leodiensis.
946 2995 990 3030 In
1021 2993 1220 3041 sequentis
1251 2997 1382 3027 autem
1409 2990 1500 3025 anni
1529 2990 1707 3035 catalogo

82 3055 187 3091 idem
206 3056 306 3090 inter
324 3055 606 3101 promovendos
630 3059 868 3090 recensetur.
889 3052 950 3089 Cf.
973 3053 1166 3097 HANSEN,
1185 3052 1257 3087 loc,
1278 3050 1360 3095 cit„
1382 3060 1497 3095 pagg.
1517 3048 1601 3094 782,
1616 3048 1703 3092 783.

155 3118 169 3136 ‘-'
219 3114 318 3148 Vide
337 3125 465 3159 supra,
485 3125 573 3160 pag.
594 3121 675 3159 250,
696 3119 807 3148 anno:
855 3121 884 3147 1.
