2028 3426
314 257 383 293 216
768 281 771 283 -
786 257 938 294 PA‘rms
965 258 1206 292 Hienorwm
1230 253 1382 291 NADAn

263 360 508 416 legiorum;
552 361 638 413 23²,
679 361 800 415 quod
838 360 1026 402 nimium
1065 359 1208 401 multa
1245 357 1494 414 accipimus
1531 358 1723 415 collegia
1760 365 1897 414 atque

261 437 580 493 obligationes,
615 437 780 493 quibus
810 436 936 479 initio
965 435 1147 491 quidem
1179 442 1428 491 Vtcumque
1460 434 1780 489 satisfacimus,
1815 435 1895 480 sed

262 522 417 570 postea
459 514 657 557 animum
702 513 1002 564 remittimus,
1049 526 1132 556 nec
1175 526 1418 568 possumus
1467 512 1667 556 debitam
1711 526 1892 568 operam

262 598 494 646 praestare
522 593 548 634 ¹.

350 669 520 711 Verum
545 667 681 723 priori
705 666 904 722 opinioni
927 680 1173 722 possumus
1196 666 1366 711 mederi
1393 666 1540 719 facile,
1561 666 1599 710 si
1622 681 1711 710 non
1734 665 1899 723 exiga-

260 759 361 787 mus
391 745 435 786 in
470 743 809 786 fundationibus
841 742 1138 799 collegiorum
1175 741 1447 786 Germaniae
1484 742 1733 786 districtam
1771 743 1893 787 illam

260 822 511 872 formulam,
553 835 686 875 quam
724 820 767 862 in
809 818 1091 876 Portugallia
1129 819 1201 862 vel
1234 820 1407 876 reliqua
1439 819 1662 876 Hispania
1695 821 1892 865 solemus

254 897 456 953 exigere,
482 906 526 941 et
548 897 760 940 mediocri
786 896 1048 962 fundatione
1070 896 1211 940 simus
1233 896 1452 949 contenti,
1480 904 1525 941 et
1548 897 1818 941 arbitremur
1834 912 1890 942 ex

257 974 465 1017 instituto
489 973 627 1017 fuisse
650 973 780 1015 nobis
803 973 1075 1016 veniendum
1099 972 1145 1015 in
1168 973 1459 1026 Germaniam
1489 974 1546 1016 ad
1576 982 1728 1017 nostra
1756 974 1891 1017 mini-

257 1051 390 1095 steria
413 1052 639 1101 obeunda,
667 1049 842 1094 etiamsi
866 1051 988 1092 nulla
1012 1065 1200 1106 vsquam
1226 1052 1496 1095 haberemus
1519 1051 1564 1094 in
1587 1050 1673 1094 illis
1690 1051 1890 1108 regioni-

257 1130 344 1171 bus
366 1127 558 1184 collegia
581 1129 751 1180 dotata,
778 1135 826 1169 vt
849 1142 903 1170 eo
925 1127 1103 1170 facilius
1124 1127 1377 1172 mediocres
1403 1128 1704 1185 suscipiamus
1727 1129 1896 1172 funda--

259 1205 428 1258 tiones,
462 1213 505 1249 et
544 1213 668 1248 certo
704 1219 937 1261 speremus
975 1205 1177 1248 futurum
1223 1214 1406 1249 auctum
1445 1205 1498 1248 iri
1535 1205 1810 1258 dotationes,
1851 1206 1888 1249 si

258 1282 517 1325 institutum
541 1291 744 1325 nostrum
768 1281 977 1338 religiose
1000 1283 1310 1326 obseruemus.
1638 1275 1642 1289 '

346 1368 439 1403 2.¹¹¹¹¹
477 1359 812 1402 incommodum
852 1358 1026 1402 facilius
1064 1373 1276 1404 amouere
1313 1359 1582 1416 poterimus,
1622 1359 1659 1402 si
1693 1359 1888 1416 collegia

255 1437 394 1487 nulla,
427 1437 572 1478 nullas
602 1450 744 1479 nouas
773 1435 1075 1492 obligationes
1104 1435 1394 1492 recipiamus,
1426 1436 1512 1480 nisi
1540 1436 1665 1493 prius
1692 1436 1887 1480 sciamus

253 1514 435 1556 abunde
459 1528 557 1557 esse
580 1512 677 1556 aliis
699 1512 904 1568 collegiis
926 1512 1174 1568 prouisum,
1200 1521 1244 1556 et
1266 1527 1366 1558 esse
1388 1514 1507 1557 vnde
1534 1521 1579 1557 et
1606 1513 1811 1557 veterum
1840 1521 1886 1558 et

254 1604 478 1633 nouorum
504 1590 798 1647 collegiorum
823 1589 1124 1646 obligationes
1146 1590 1371 1635 sustinere
1392 1590 1631 1647 possimus.

344 1667 492 1710 Aliam
515 1667 811 1712 dificultatem
834 1667 1105 1724 experimur,
1132 1681 1264 1723 quae,
1290 1682 1430 1724 quum
1454 1669 1547 1711 fere
1563 1682 1663 1712 esse
1681 1669 1822 1712 soleat
1838 1668 1883 1711 in

252 1744 349 1787 aliis
387 1744 661 1797 nationibus,
700 1745 746 1787 in
783 1745 1029 1789 Germania
1067 1752 1135 1790 est
1172 1746 1308 1802 longe
1347 1745 1505 1788 maior.
1542 1746 1735 1790 Moleste
1768 1747 1884 1789 ferre

250 1823 396 1864 solent
418 1821 659 1877 principes,
686 1837 775 1865 non
799 1822 1090 1866 ecclesiastici
1113 1822 1341 1879 [tantum],
1367 1822 1447 1866 sed
1475 1823 1701 1866 seculares
1729 1822 1880 1874 etiam,

250 1906 426 1941 nostras
459 1900 789 1955 exemptiones,
823 1907 871 1942 vt
899 1900 1045 1943 solent
1075 1914 1175 1943 esse
1205 1899 1447 1956 principes,
1482 1900 1617 1943 etiam
1648 1899 1880 1953 catholici,

250 1975 477 2030 imperiosi
516 1976 560 2018 in
599 1977 768 2019 clerum
805 1984 849 2020 et
886 1976 1091 2020 residuos
1129 1978 1390 2020 monachos.
1424 1978 1557 2020 Hanc
1585 1976 1880 2020 dificultatem

249 2052 431 2094 bmnino
461 2053 643 2109 abigere
672 2068 761 2096 non
793 2068 1047 2110 possumus;
1080 2054 1301 2097 debemus
1329 2053 1449 2096 enim
1478 2061 1741 2097 constanter
1773 2067 1880 2096 con-

247 2143 431 2172 seruare
455 2139 607 2173 nostra
630 2130 885 2186 priuilegia.
911 2130 1158 2175 Remittere
1182 2138 1331 2174 tamen
1354 2131 1572 2175 debemus
1595 2131 1652 2174 de
1678 2130 1882 2174 districto

246 2205 344 2249 iure
375 2215 527 2249 nostro
556 2207 600 2248 in
629 2207 890 2260 Germania,
923 2215 967 2249 et
996 2206 1238 2259 modestia,
1271 2207 1526 2252 humilitate
1554 2215 1598 2251 et
1627 2203 1881 2250 voluntaria

246 2282 528 2325 subiectione
566 2284 766 2335 efficere,
809 2291 856 2326 vt
894 2284 1155 2340 permittant
1192 2283 1322 2327 nobis
1365 2298 1466 2328 esse
1507 2291 1674 2327 sartam
1714 2291 1880 2327 tectam

246 2367 446 2401 nostram
472 2360 728 2416 religiosam
751 2361 945 2404 instituti
968 2360 1238 2404 libertatem.

335 2436 486 2478 Animi
510 2437 781 2493 principum,
804 2439 1095 2481 fundatorum
1119 2437 1399 2494 praesertim,
1426 2438 1487 2480 ita
1509 2445 1616 2481 sunt
1639 2437 1879 2490 tractandi,

244 2519 292 2553 vt
331 2521 530 2556 nostram
565 2515 885 2566 humilitatem,
927 2514 1264 2558 obseruantiam
1303 2521 1440 2570 atque
1477 2514 1880 2570 promptitudinem

242 2589 527 2635 obedientiae
565 2600 834 2647 agnoscant,
877 2591 997 2634 illam
1036 2591 1170 2636 etiam
1210 2591 1296 2634 illis
1333 2592 1605 2644 offeramus,
1646 2599 1690 2636 et
1729 2599 1879 2635 tamen

241 2666 371 2708 simul
392 2666 673 2711 incommoda
691 2670 990 2720 declaremus,
1012 2668 1048 2711 si
1067 2683 1156 2724 qua
1172 2668 1304 2711 nobis
1321 2678 1586 2720 occurrunt,
1608 2668 1653 2711 in
1672 2668 1743 2720 iis,
1763 2682 1880 2724 quae

243 2758 269 2784 a
288 2743 417 2785 nobis
439 2744 646 2800 exigunt,
672 2752 716 2787 et
740 2745 1068 2788 conniueamus
1085 2745 1221 2789 etiam
1238 2745 1498 2800 aliquando,
1519 2745 1555 2788 si
1575 2745 1683 2800 quid
1701 2740 1792 2788 non
1811 2752 1880 2789 est

242 2819 421 2873 insigne
444 2821 764 2864 detrimentum
796 2822 1007 2876 instituti,
1040 2823 1173 2865 modo
1202 2836 1433 2878 nunquam
1463 2822 1663 2865 animum
1693 2821 1878 2865 abiicia-

242 2910 342 2938 mus
367 2897 460 2939 fore
484 2905 530 2938 vt
555 2897 598 2939 in
623 2899 746 2940 nullo
769 2898 826 2941 sit
850 2899 979 2942 nobis
1001 2898 1355 2951 conniuendum;
1382 2906 1426 2941 et
1449 2899 1538 2946 hoc
1560 2899 1690 2941 nobis
1712 2912 1876 2942 curan·

315 3004 323 3022 ¹
379 3002 435 3035 De
465 3001 523 3036 his
554 3003 709 3048 saepius
740 3002 782 3038 fit
815 3004 960 3039 mentio
991 3015 1011 3038 a
1038 3004 1081 3038 P.
1111 3003 1240 3039 Natali
1269 3004 1307 3039 in
1334 3002 1518 3050 epistolis
1539 3003 1587 3038 ad
1606 3003 1787 3049 Borgiam
1808 3014 1879 3039 ¹an-

236 3060 300 3093 nis
325 3062 424 3105 1560,
452 3062 537 3105 1567
557 3061 675 3096 datis.
