2028 3426
312 227 384 263 250
786 219 941 255 PATRIS
969 219 1213 255 HffiRONYMI
1239 218 1390 254 NADAL

259 319 399 372 horis,
436 320 516 363 sed
545 320 654 364 satis
682 321 767 363 erit
798 321 835 364 si
867 316 1045 363 duabus
1076 320 1148 363 vel
1181 319 1325 362 tribus
1353 319 1476 363 horis
1498 328 1781 375 exerceatur,
1808 337 1900 366 non

259 402 434 439 tantum
458 405 506 439 vt
529 398 737 453 proficiat
760 397 804 440 in
828 397 1045 449 oratione,
1077 397 1156 439 sed
1186 403 1235 438 vt
1263 396 1404 453 possit
1432 411 1533 441 esse
1561 398 1811 442 instructus
1842 401 1919 443 ad⁴

255 473 454 516 dandum
480 474 577 517 aliis
595 475 825 519 exercitia.

342 551 383 594 6.
452 553 503 594 Ρ.
539 552 643 594 Pisa
673 552 757 594 erit
790 553 1047 607 praefectus
1078 550 1332 593 studiorum
1371 551 1606 617 Vtriusque
1646 553 1894 607 facultatis,

253 628 539 684 theologicae
561 636 605 672 et
629 628 982 684 philosophicae.

344 716 388 757 7.
457 705 542 747 His
565 705 725 747 diebus
747 719 889 759 vsque
913 706 968 747 ad
990 703 1252 749 vacationes
1281 704 1458 748 curabit
1486 713 1637 750 rector
1664 721 1745 762 per
1772 722 1822 752 se
1851 716 1899 753 et

250 781 570 834 confessarios,
598 789 659 834 vt,
688 782 763 837 qui
787 797 917 824 vsum
942 781 1247 826 meditationis
1270 796 1359 825 non
1384 783 1571 835 habent,
1597 783 1643 826 in
1665 783 1740 827 illa
1763 799 1893 829 exer-

249 866 453 909 ceantur,
474 866 518 902 et
542 859 708 901 addant
731 859 924 903 mediam
950 861 1106 901 horam
1125 859 1357 912 orationis,
1383 859 1510 904 iuxta
1527 861 1760 905 decretum
1779 876 1892 906 con-

248 935 528 990 gregationis
561 936 786 991 generalis
824 938 849 977 ¹.
888 937 1033 978 Erunt
1065 935 1207 992 igitur
1244 951 1377 980 mane
1413 937 1642 980 orationes
1680 953 1760 994 per
1798 946 1895 984 tres

247 1012 538 1065 quadrantes,
575 1020 620 1056 et
652 1027 770 1055 vnus
803 1013 1032 1072 quadrans
1060 1013 1243 1056 dabitur
1270 1013 1467 1057 examini
1495 1023 1600 1058 ante
1629 1016 1886 1071 prandium.

247 1089 489 1132 Praeterea
506 1104 622 1132 vnus
641 1073 868 1145 quadrans
887 1090 1129 1134 habebitur
1148 1091 1365 1134 orationis
1382 1099 1488 1136 ante
1505 1106 1691 1136 coenam
1709 1100 1754 1137 et
1769 1108 1892 1138 vnus

248 1165 469 1208 examinis
491 1174 733 1222 antequam
757 1174 863 1210 eant
885 1168 1107 1211 cubitum.

331 1243 371 1284 8.
438 1244 634 1297 Quando
656 1244 808 1286 veniet
832 1251 1011 1301 tempus
1034 1245 1338 1299 vacationum,
1369 1247 1610 1303 catalogus
1639 1247 1885 1292 mortifica-

241 1318 412 1361 tionum
458 1328 757 1375 proponetur,
802 1328 847 1364 et
890 1322 1023 1378 plene
1065 1322 1247 1377 quidem
1291 1323 1662 1367 exercitabuntur
1704 1323 1757 1377 ii,
1805 1325 1882 1380 qui

241 1395 423 1438 omnino
446 1399 690 1450 vacabunt,
717 1397 791 1441 alii
814 1413 936 1451 vero,
963 1400 1112 1454 quoad
1136 1400 1248 1443 feret
1270 1413 1426 1442 eorum
1450 1401 1709 1457 occupatio.

327 1488 369 1530 9.
439 1475 638 1529 Quando
662 1482 788 1518 extra
811 1475 1013 1520 ordinem
1036 1477 1172 1520 vellet
1194 1476 1363 1532 aliquid
1386 1477 1557 1521 dictare
1587 1478 1806 1522 Peltanus
1835 1479 1884 1523 in

236 1550 407 1602 schola,
435 1536 641 1594 consulat
664 1567 717 1595 ea
744 1553 799 1596 de
829 1567 876 1596 re
905 1552 1242 1608 provincialem.
1275 1555 1378 1597 Non
1409 1561 1477 1598 est
1507 1554 1637 1598 facile
1668 1555 1880 1599 introdu-

229 1728 312 1768 dal,
332 1728 384 1773 Π,
403 1728 485 1776 5893
505 1728 678 1775 quicum
702 1736 868 1776 quatuor
892 1742 1014 1766 annos
1034 1730 1114 1777 jam
1139 1731 1178 1766 in
1204 1731 1404 1767 Societate
1428 1732 1682 1779 explevisset,
1704 1733 1877 1770 nondum

231 1787 418 1822 exercitia
437 1787 653 1834 spiritualia
672 1789 832 1826 fecerat.

304 1847 312 1865 ¹
367 1847 503 1882 Sermo
523 1853 583 1882 est
601 1848 650 1883 de
669 1848 830 1884 decreto
849 1858 893 1894 29
907 1849 1223 1895 congregationis
1244 1850 1440 1896 generalis
1465 1850 1676 1897 secundae,
1695 1852 1799 1898 quod
1818 1852 1874 1887 ita

231 1905 364 1940 habet:
383 1907 550 1941 «Actum
566 1906 653 1952 fuit,
672 1913 712 1942 et
726 1920 795 1954 per
809 1909 957 1955 aliquot
971 1908 1056 1945 dies
1070 1909 1326 1956 disputatum,
1341 1909 1389 1944 de
1404 1909 1585 1956 augendo
1599 1915 1775 1958 tempore
1790 1922 1874 1947 ora-

233 1963 367 2009 tionis,
382 1965 485 2010 quod
505 1965 543 2000 in
562 1965 934 2013 Constitutionibus‚
957 1968 1010 2002 IV
1024 1974 1138 2015 part„
1158 1979 1242 2014 cap.
1263 1978 1297 2013 4,
1319 1968 1560 2015 praefigitur3
1577 1969 1774 2016 etplacuit
1792 1975 1874 2005 tan-

229 2022 318 2057 dem
339 2023 658 2070 Congregationi:
680 2031 723 2060 ut
741 2027 783 2061 P.
805 2027 1056 2074 Praepositus
1075 2027 1282 2063 Generalis
1300 2039 1369 2074 pro
1383 2039 1452 2063 sua
1471 2028 1677 2074 prudentia
1692 2029 1815 2076 possit
1830 2029 1871 2065 id

230 2094 391 2129 augere,
418 2091 532 2131 prout
560 2086 745 2132 expedire
765 2085 804 2120 in
822 2086 991 2122 Domino
1010 2086 1256 2132 iudicaverit,
1278 2087 1411 2122 habita
1429 2088 1578 2123 ratione
1598 2100 1867 2136 personarum,

228 2142 444 2189 regionum,
475 2149 576 2179 etc.»
604 2145 660 2179 Ex
689 2145 877 2180 Instituto
910 2146 1121 2181 Societatis
1142 2146 1242 2192 Jesu
1274 2147 1532 2193 (Florentiae,
1560 2147 1790 2194 1892-1893),
1813 2149 1871 2195 11,

226 2210 311 2247 201⁷
333 2211 414 2237 202.
438 2204 650 2238 Decretum
669 2211 799 2239 autern
819 2205 999 2251 Borgiae,
1018 2216 1094 2252 quo
1109 2211 1263 2253 tempus
1282 2206 1468 2242 orationis
1493 2208 1532 2242 in
1558 2212 1639 2242 tota
1663 2208 1863 2244 Societate

227 2267 384 2296 auctum
405 2262 492 2308 fuit,
513 2269 574 2298 est
588 2263 825 2310 hujusmodi:
843 2265 1059 2300 «Hauendo
1077 2266 1113 2301 la
1130 2265 1436 2312 congregatione
1453 2269 1639 2312 generale
1660 2267 1825 2304 rimesso
1839 2280 1863 2304 a

226 2320 275 2355 N.
298 2321 419 2356 Padre
440 2323 637 2368 preposito
654 2324 726 2358 che
753 2325 963 2370 allargasse
983 2324 1009 2360 il
1029 2331 1160 2371 tempo
1185 2325 1279 2360 dell’
1305 2326 1493 2371 oratione,
1511 2337 1623 2362 come
1649 2327 1677 2362 li
1703 2339 1866 2374 paresse

226 2381 414 2415 conuenir
433 2381 470 2416 in
502 2382 683 2429 Domino,
703 2383 751 2418 ha
779 2383 1039 2419 determinato
1068 2385 1140 2419 che
1169 2385 1204 2420 la
1236 2385 1398 2420 mattina
1421 2385 1454 2420 si
1479 2385 1630 2421 saccino
1653 2391 1712 2422 tre
1730 2387 1859 2434 quarti

222 2438 454 2486 d’oratione‚
471 2452 588 2475 senza
610 2442 635 2476 li
656 2441 747 2476 duoi
765 2442 891 2489 quarti
910 2443 1044 2478 d'hora
1061 2442 1155 2479 delli
1174 2443 1330 2487 essarni,
1350 2444 1422 2479 che
1447 2444 1480 2479 si
1511 2443 1628 2480 fanno
1658 2444 1789 2481 auanti
1816 2445 1855 2481 di

220 2497 362 2533 andare
382 2511 402 2534 a
422 2511 564 2545 pranzo
583 2506 622 2535 et
641 2512 662 2535 a
680 2500 849 2537 dormire
869 2503 905 2537 la
923 2513 1022 2537 sera.
1043 2503 1092 2537 Et
1109 2514 1131 2537 a
1149 2508 1288 2549 questo
1306 2502 1444 2538 ultimo
1462 2515 1628 2549 essame,
1659 2504 1791 2540 auanti
1817 2504 1858 2540 di

221 2557 363 2592 andare
379 2569 399 2592 a
415 2558 597 2604 dormire,
616 2560 664 2594 ha
683 2560 923 2596 accresciuto
943 2573 994 2596 un
1012 2562 1112 2597 altro
1128 2567 1280 2611 quart03
1300 2561 1339 2597 in
1357 2561 1530 2598 maniera
1548 2563 1620 2598 che
1645 2563 1702 2598 sia
1721 2575 1855 2599 mezza

220 2617 312 2651 hora
331 2618 402 2652 che
422 2629 534 2653 serua
553 2630 621 2664 per
640 2630 792 2654 essame
811 2625 850 2655 et
870 2621 1043 2655 oratione
1063 2622 1246 2664 mentale,
1269 2632 1291 2656 o
1318 2622 1466 2666 vocale,
1492 2622 1662 2658 secondo
1681 2623 1717 2658 la
1742 2634 1853 2670 capa-

218 2675 295 2710 cita
315 2676 363 2710 de
387 2677 569 2723 ogniuno,
593 2679 626 2712 al
647 2689 757 2724 parer
776 2678 838 2714 del
864 2680 1077 2726 superiore.
1098 2681 1147 2715 Et
1171 2691 1244 2716 con
1268 2686 1420 2727 queste,
1443 2681 1725 2734 alli-superiori
1749 2682 1782 2717 si
1807 2682 1872 2718 da'

217 2733 357 2769 facoltii
377 2735 424 2769 de
444 2735 671 2781 dispensare
688 2748 761 2771 con
781 2738 1000 2783 particolari
1016 2750 1038 2773 ο
1056 2750 1129 2774 con
1147 2739 1248 2784 altri,
1270 2739 1440 2775 secondo
1461 2741 1533 2775 che
1552 2740 1579 2776 li
1604 2741 1738 2787 parera
1764 2752 1854 2777 con-

216 2794 338 2831 uenit.
362 2795 408 2829 Et
427 2795 507 2829 cosi
528 2795 575 2829 V.
598 2796 642 2832 R.
663 2795 819 2831 l’ordini
846 2797 939 2832 nelli
955 2798 1039 2833 suoi
1063 2798 1220 2844 collegii
1239 2810 1307 2844 per
1326 2804 1435 2845 parte
1458 2799 1507 2834 de
1523 2799 1570 2835 N.
1593 2799 1717 2835 Padre
1731 2811 1853 2846 gene·

212 2854 307 2886 rale.
330 2853 380 2897 <A
398 2853 553 2898 Spagna
573 2852 666 2900 pero
685 2856 717 2889 s'
738 2855 758 2889 e
778 2856 914 2891 scritto
933 2858 1004 2892 che
1024 2857 1176 2892 saccino
1195 2859 1260 2893 un'
1282 2859 1375 2893 hora
1394 2859 1429 2894 la
1449 2859 1625 2905 mattina,
1647 2859 1686 2894 in
1712 2860 1853 2895 luocho

210 2910 248 2945 di
269 2917 324 2946 tre
345 2912 469 2958 quarti
489 2914 560 2947 che
580 2913 611 2948 si
631 2913 747 2949 fanno
767 2915 805 2949 in
825 2916 912 2950 altri
935 2917 1122 2962 luoghi.)»
1143 2918 1200 2952 Ex
1219 2923 1377 2964 regesto
1403 2918 1654 2965 epistolarum
1680 2930 1851 2955 commu-

211 2970 330 3015 nium,
351 2970 412 3005 cui
434 2971 582 3009 titulus:
607 2972 753 3018 «Epist.
774 2985 1013 3011 communes.
1039 2976 1295 3023 1565-1657.»,
1315 2988 1403 3024 pag.
1423 2985 1459 3022 7.
1480 2977 1522 3013 In
1542 2977 1734 3024 margine:
1753 2978 1854 3014 «Co-

213 3040 327 3063 mune
354 3042 420 3075 per
443 3036 543 3065 tutte
568 3032 603 3065 le
626 3031 764 3077 parti.»
