2028 3426
0 107 47 170 μ’

10 170 42 194 -λ,.
792 194 796 200 ,
1079 198 1083 201 ι

551 219 826 255 MONUMENTA
851 220 1148 256 GERMANIAE—
1155 219 1199 255 32
1574 231 1642 268 219

0 318 45 343 ἦ
66 331 189 360 nunc
210 317 365 360 maiori
387 318 588 361 affectu'
578 318 631 361 iis
652 319 827 372 mediis,
854 334 969 375 quae
990 322 1116 364 Deus
1139 321 1356 364 ecclesiae
1378 323 1602 365 concessit
1632 323 1688 366 ad

68 393 165 436 eius
187 394 376 450 gratiam
401 402 447 436 et
468 395 586 438 dona
608 396 739 438 nobis
760 395 1054 447 concilianda,
1079 411 1195 452 quae
1217 397 1391 441 scilicet
1413 399 1469 440 ab
1491 400 1688 443 haereti-

67 468 131 511 cis
155 478 494 526 oppugnantur:
526 471 745 514 sacrificio
775 472 952 526 missae3
986 473 1204 529 oratione,
1238 480 1450 529 tanquam
1480 475 1689 531 impetra-

67 545 195 599 toria;
221 547 447 602 operibus,
474 561 589 602 quae
613 549 686 591 uel
709 564 763 592 ex
785 550 1105 604 praeueniente
1133 565 1216 593 nos
1245 551 1390 606 gratia
1419 560 1690 608 praeparant

17 627 36 666 ἒ·
66 623 122 666 ad
143 622 527 676 iustificationem,
555 625 628 667 uel
650 639 766 679 quae
802 640 857 668 ex
889 627 1107 670 charitate
1135 627 1264 670 nobis
1293 635 1522 672 merentur
1549 629 1689 672 uitam

20 694 45 751 ἶ
65 706 294 743 aeternam
320 707 456 755 atque
479 701 564 743 alia
595 702 727 754 dona3
760 702 1019 746 adoratione
1048 711 1092 747 et
1114 704 1399 748 inuocatione
1428 713 1687 748 sanctorum

64 784 109 819 et
131 777 414 832 angelorum,
440 777 656 833 imprimis
688 778 972 822 beatissimae
1000 780 1189 839 virginis
1218 781 1402 833 Mariae,
1435 782 1579 825 sancti
1601 783 1688 826 Mi-

18 892 23 896 ,
64 853 249 906 cha'e'lis,
263 854 640 911 sancti-Joannnis
661 854 890 910 Baptistae
908 864 953 899 et
970 865 1228 900 sanctorum
1247 859 1552 913 apostolorum
1564 859 1689 902 Petri

27 943 30 945 ’
63 936 108 973 et
142 930 286 983 Pauli3
319 931 578 973 adoratione
615 931 901 986 reliquiarum
932 940 976 976 et
1005 933 1270 989 imaginum,
1303 942 1347 979 et
1392 935 1689 979 caeremoniis

33 998 41 1033 ἶ
64 1007 273 1049 omnibus
295 1007 628 1059 ecclesiasticis,
654 1015 699 1052 et
722 994 921 1051 cultibus
944 1011 1159 1062 externis,
1192 1019 1242 1053 ut
1270 1018 1377 1054 sunt
1406 1013 1688 1067 genuflexio—

23 1074 40 1115 ss
63 1098 160 1135 nes,
185 1083 469 1127 incensiones
490 1086 794 1137 candelarum,
815 1094 922 1128 etc:
915 1094 1184 1142 ‚praeterea
1206 1087 1385 1131 ieiuniis
1407 1095 1451 1131 et
1474 1089 1689 1145 operibus

35 1164 39 1187 ἵ
63 1160 386 1213 satisfactoriis3
427 1176 512 1204 usu
545 1170 590 1205 et
619 1162 980 1217 frequentatione
1007 1164 1277 1208 sacramenti
1304 1165 1608 1220 poenitentiae
1643 1175 1688 1210 et

36 1237 404 1300 ,communionis3
438 1236 533 1280 tum
566 1239 858 1292 contritione,
901 1255 1016 1295 quae
1053 1242 1368 1297 complectitur
1404 1243 1685 1298 propositum

62 1314 307 1357 confitendi
329 1321 374 1356 et
396 1315 717 1368 satisfaciendi3
750 1324 794 1359 et
822 1316 920 1359 aliis
949 1323 1197 1372 praeterea,
1230 1333 1346 1373 quae
1377 1333 1481 1361 cum
1511 1333 1687 1362 summa

63 1390 338 1446 blasphemia
360 1392 415 1433 ab
439 1391 674 1435 haereticis
695 1388 1065 1446 contemnuntur3
1092 1395 1170 1437 fiet
1192 1394 1311 1437 enim
1336 1394 1381 1437 in
1404 1397 1521 1451 Xpo.
1553 1396 1681 1451 Jesu,

39 1513 43 1520 ¹
65 1474 112 1508 ut
129 1481 219 1509 non
237 1468 381 1509 solum
400 1470 510 1510 haec
529 1468 698 1511 uirtute
715 1469 884 1521 diuina,
911 1484 1026 1525 quae
1049 1471 1290 1513 admodum
1313 1486 1490 1527 semper
1507 1472 1686 1528 prosint

24 1567 33 1606 ³>-
62 1543 207 1596 nobis,
228 1544 308 1587 sed
324 1544 458 1587 etiam
481 1552 528 1587 ut
546 1561 600 1589 ex
618 1546 714 1588 zelo
733 1547 953 1590 aduersus
970 1547 1192 1591 haeresim
1211 1562 1290 1603 pro
1309 1548 1455 1604 gloria
1473 1549 1577 1604 Xpi.
1605 1563 1687 1591 nos

27 1622 41 1676 ’χ
61 1618 218 1662 iuuent
242 1621 400 1677 magis,
422 1629 482 1673 et,
502 1622 630 1676 quasi
647 1623 864 1666 selectum
883 1622 1168 1676 sacrificium,
1189 1626 1286 1667 Deo
1303 1624 1393 1667 sint
1411 1625 1681 1680 acceptiora.

27 1752 30 1755 ¹
150 1697 407 1740 Virtutibus
445 1713 624 1754 quoque
652 1700 709 1742 ad
736 1701 924 1742 eandem
958 1699 1173 1743 rationem
1203 1701 1429 1756 sapienter
1467 1703 1683 1744 utendum

16 1780 129 1820 est
158 1788 239 1829 per
268 1775 429 1826 zelum,
462 1775 667 1818 sacrificii
704 1776 940 1830 rationem3
981 1774 1093 1820 narri'
1118 1777 1179 1820 ita
1219 1778 1435 1821 utendum
1465 1779 1570 1832 fide,
1605 1793 1685 1834 spe

61 1858 107 1891 et
134 1850 369 1902 charitate,
400 1852 529 1905 quasi
552 1866 629 1895 eas
650 1853 706 1895 ab
735 1861 753 1878 ²
774 1852 935 1896 iniuria
968 1854 1076 1910 ipsis
1099 1855 1154 1896 ab
1178 1845 1416 1898 haereticis
1437 1855 1559 1897 illata
1583 1855 1684 1898 uin-

22 1952 38 1966 ι
62 1925 286 1979 dicemus
318 1935 363 1970 et
403 1942 558 1971 uerum
588 1929 764 1972 illarum
804 1944 934 1972 usum
967 1932 1066 1973 Deo
1095 1932 1352 1974 offeramus.
1386 1931 1496 1975 Fide
1524 1931 1681 1988 igitur,

15 2009 273 2063 tanquam
296 2005 414 2048 dono
445 2005 607 2048 eximio
635 2005 855 2051 diuinae
844 2022 888 2049 1n
918 2021 1000 2050 nos
1029 2007 1339 2063 benignitatis,
1370 2015 1566 2060 utemur,
1591 2023 1683 2051 non

21 2084 108 2121 ..αῖ
130 2094 211 2135 per
239 2095 373 2135 quam
403 2082 542 2124 solam
575 2082 886 2135 iustificemur,
923 2085 1003 2127 sed
1031 2091 1081 2126 ut
1118 2099 1234 2139 quae
1256 2084 1314 2126 sit
1336 2084 1531 2136 initium,
1557 2085 1682 2128 radix

15 2157 109 2218 ῗῖξειο
131 2156 472 2200 fundamentum
495 2159 640 2201 omnis
662 2159 1007 2212 iustificationis,
1034 2174 1165 2216 quae,
1192 2169 1243 2203 ut
1272 2175 1354 2203 nos
1383 2161 1456 2217 pia
1479 2175 1532 2203 ac
1563 2160 1682 2203 diui-

22 2222 115 2310 {na
140 2231 159 2257 b
186 2233 479 2288 persuasione
508 2235 768 2278 transmittit
805 2237 861 2279 ad
900 2237 1253 2280 misericordiam
1280 2245 1324 2280 et
1357 2237 1566 2294 gratiam,
1601 2252 1680 2293 per

24 2308 289 2365 :JChristum
313 2310 442 2353 nobis
465 2311 633 2366 (quod
623 2327 668 2354 1n
694 2327 743 2355 se
770 2313 852 2368 est)
886 2313 1174 2369 promeritam
1204 2328 1255 2357 ac
1285 2321 1500 2370 paratam,
1533 2314 1595 2357 ita
1625 2315 1681 2357 ad

15 2382 48 2450 ji,
43 2385 204 2431 media
225 2401 420 2441 quoque,
448 2402 526 2442 per
548 2403 663 2443 quae
685 2389 830 2432 uoluit
851 2390 980 2433 nobis
996 2392 1121 2433 Deus
1139 2391 1329 2433 eandem
1347 2406 1447 2434 esse
1465 2390 1680 2434 eo'ncilia-

22 2450 148 2504 ‘stam
171 2461 217 2504 in
240 2465 379 2518 Xpo.,
406 2478 520 2519 quae
543 2465 688 2508 media
716 2480 771 2509 ex
799 2467 940 2510 uerbo
967 2466 1052 2510 Dei
1081 2467 1377 2523 intelligimus
1405 2467 1677 2532 necessaria.

46 2592 48 2594 v
143 2539 299 2593 Itaque
321 2540 410 2584 fide
433 2542 668 2584 credamus
691 2543 880 2585 salutern
904 2543 1035 2586 nobis
1057 2551 1226 2600 partam
1250 2543 1296 2586 in
1321 2544 1505 2587 Christo
1529 2558 1579 2586 ac
1603 2558 1680 2599 pa-

23 2603 214 2667 J‘ssratam,
245 2615 283 2658 si
310 2616 355 2658 in
393 2616 490 2672 ipso
526 2633 609 2661 nos
646 2619 953 2672 adhibeamus,
995 2635 1110 2675 quae
1149 2621 1220 2663 uel
1254 2621 1310 2663 ad
1347 2628 1678 2664 sacramentum

29 2700 40 2720 ἰ
57 2690 265 2746 baptismi
289 2693 361 2736 uel
382 2693 684 2749 poenitentiae
706 2703 812 2738 sunt
834 2697 1088 2741 adhibenda
1111 2697 1162 2754 (si
1184 2698 1240 2740 de
1269 2697 1412 2753 prima
1441 2699 1679 2753 loquamur

22 2763 404 2828 '‘.iustificatione),
431 2777 474 2813 et
502 2772 681 2814 tandem
712 2772 855 2828 reipsa
883 2781 1215 2817 sacramentum
1249 2772 1562 2828 suscipiamus,
1606 2773 1678 2814 uel

26 2836 212 2887 {saltem
237 2853 391 2887 uotum
414 2846 532 2890 illius
553 2847 826 2904 suscipiendi
844 2849 936 2906 (ubi
955 2850 1256 2894 necessarium
1279 2849 1351 2902 sit,
1375 2850 1446 2893 uel
1468 2848 1676 2904 impossi-

25 2506 48 2550 ’ἐ

127 3018 145 3035 a
192 3009 241 3044 ab
258 3010 306 3044 ab
324 3022 396 3046 ms.
449 3013 513 3039 —b
539 3012 605 3047 Bis
621 3012 692 3047 hoc
712 3013 820 3048 verb.
840 3014 1005 3049 habetur
1023 3013 1062 3048 in
1082 3025 1153 3049 mS.
