2028 3426
347 196 416 230 086
818 195 974 230 PATRls
1000 195 1245 232 Hissnouvm
1272 193 1422 230 NADAL
1474 236 1475 239 Ἴ

299 304 501 353 tempore
523 298 578 339 ab
601 297 687 339 illis
709 296 1085 352 occupationibus
1107 309 1254 339 vacuo
1271 303 1487 352 poterunt
1510 297 1667 341 haberi
1691 297 1738 340 in
1761 298 1934 342 deliciis

301 374 655 430 spiSlritualibus
685 375 742 416 ad
771 374 1080 430 vegetandum
1108 372 1332 430 spiritum,
1359 375 1666 417 roborandum
1697 382 1744 418 et
1774 375 1939 419 laetifi-

300 453 497 494 candum
521 459 657 508 atque
680 451 992 494 animandum,
1026 451 1117 495 Sed
1146 450 1331 494 omnino
1356 465 1594 495 necessum
1623 459 1708 504 est,
1735 460 1783 494 vt
1814 452 1938 508 prius

302 536 473 572 statum
498 526 896 583 contemplationis
917 527 1198 583 adipiscaris.

393 605 439 647 Si
471 605 517 648 in
548 605 683 647 missa
716 619 770 648 ex
800 605 966 648 affectu
1000 605 1178 656 offeras,
1204 605 1372 648 senties
1405 606 1618 657 fructum,
1645 621 1783 662 quum
1817 607 1941 650 dices

307 683 350 724 in
370 683 521 725 corde:
548 681 706 732 «Ecce,
727 681 938 733 Domine,
959 680 1102 724 filium
1121 689 1248 724 tuum
1268 682 1482 735 offero,in
1500 697 1590 737 quo
1608 682 1689 725 tibi
1706 684 1824 727 bene
1845 684 1941 739 pla-

304 759 564 814 cet»;quasi
583 758 751 803 sentias
770 757 1027 802 necessario
1045 760 1193 801 Deum
1213 758 1443 803 exaudire.
1464 760 1527 802 Ita
1545 759 1772 816 intelliges
1785 759 1831 802 in
1849 759 1943 816 spi-

309 835 398 878 ritu
424 837 571 879 valere
595 833 867 878 sacrificium
892 834 1056 879 missae
1084 850 1140 878 ex
1169 850 1304 891 opere
1333 843 1534 892 operato:
1562 851 1665 879 nam
1689 851 1828 891 quum
1853 837 1943 879 hoc

310 928 401 956 non
426 913 563 957 sentit
585 913 813 964 sacerdos,
840 911 1134 955 nihilominus
1157 912 1201 954 in
1232 927 1426 968 persona
1453 913 1674 957 ecclesiae
1703 913 1765 956 ita
1793 915 1940 957 offert.

400 988 737 1045 Contemplatio
760 989 965 1050 sublimis
988 989 1063 1032 illa
1080 997 1165 1042 est,
1188 989 1262 1033 vbi
1282 989 1343 1032 ita
1361 997 1573 1046 operatur
1595 989 1851 1035 intellectus
1873 991 1944 1034 vel

312 1068 486 1123 recipit,
512 1074 619 1118 etc.,
646 1074 694 1108 vt
718 1066 829 1108 nihil
852 1066 1017 1110 habeat
1039 1067 1095 1109 ad
1117 1081 1301 1110 sensum
1331 1067 1402 1110 vel
1439 1068 1551 1110 haec
1580 1067 1791 1110 inferiora
1820 1081 1944 1111 com-

310 1159 463 1195 mune,
488 1145 607 1186 vnde
639 1143 802 1185 mirum
832 1143 878 1185 in
918 1143 1099 1185 modum
1130 1145 1242 1186 haec
1275 1143 1487 1187 inferiora
1518 1138 1833 1201 negliguntur,
1861 1144 1946 1187 nisi

311 1236 388 1276 per
410 1227 704 1277 praeceptum
727 1220 910 1263 Domini
935 1220 1154 1277 obligatio
1180 1223 1380 1264 accedat.
1690 1208 1694 1212 Α

399 1297 567 1341 Potens
591 1297 739 1354 gratia
762 1304 807 1340 et
831 1297 1049 1340 auxilium
1075 1312 1225 1341 coram
1257 1300 1354 1342 Deo
1383 1305 1451 1342 est
1481 1299 1661 1342 occulta
1694 1297 1942 1349 tribulatio,

312 1376 407 1418 siue
432 1374 688 1427 infirmitas,
714 1374 798 1418 soli
821 1376 920 1418 Deo
942 1382 987 1417 et
1013 1374 1093 1418 tibi
1117 1375 1317 1432 cognita,
1343 1390 1446 1418 curn
1472 1375 1672 1432 patentia
1700 1383 1744 1419 et
1767 1374 1945 1418 humili-

314 1461 403 1496 tate
426 1459 676 1508 acceptata:
701 1453 815 1496 haec
841 1459 908 1496 est
939 1467 1103 1508 magna
1126 1452 1373 1496 satisfactio
1403 1461 1706 1509 peccatorum.

402 1529 668 1573 Intercessio
698 1531 757 1585 D.
791 1529 980 1587 Joannis
1016 1529 1327 1586 euangelistae
1357 1530 1566 1573 conciliat
1598 1529 1746 1573 cordis
1775 1530 1947 1585 purita-

312 1615 419 1658 tem,
446 1614 494 1648 vt
517 1605 561 1648 in
587 1621 641 1649 eo
657 1609 793 1664 Jesus
818 1606 957 1662 possit
979 1606 1171 1649 dulciter
1194 1606 1416 1650 habitare.

401 1684 458 1727 32
490 1684 755 1726 Adorantur
779 1683 924 1726 sancti
948 1691 992 1727 et
1021 1691 1224 1735 orantur,
1250 1691 1299 1726 vt
1330 1684 1614 1728 intercedant
1637 1699 1717 1740 pro
1740 1683 1869 1727 nobis
1892 1685 1948 1726 ad

313 1763 476 1803 Deum.
504 1759 658 1802 Primo
681 1761 781 1803 loco
806 1761 958 1812 adora,
984 1761 1133 1811 lauda,
1162 1775 1378 1804 uenerare
1402 1769 1599 1805 sanctos:
1621 1776 1698 1804 ora
1717 1769 1948 1817 praeterea

314 1846 360 1879 vt
386 1838 681 1880 intercedant:
711 1836 778 1891 3.⁰
809 1850 912 1879 cum
943 1837 1028 1879 illis
1059 1838 1223 1880 accede
1253 1839 1308 1880 ad
1337 1840 1501 1890 Deum,
1528 1838 1707 1881 illorum
1736 1838 1946 1894 precibus

315 1916 473 1957 fretus.

403 1992 560 2034 Gratia
583 1990 752 2035 Christi
776 1991 889 2034 salui
923 1999 1028 2035 sunt
1058 1991 1201 2035 sancti
1233 2006 1407 2045 omnes3
1440 1993 1517 2036 sed
1548 1992 1594 2034 in
1632 1994 1949 2049 cooperatione

314 2077 573 2111 sanctorum
604 2083 708 2111 curn
742 2069 890 2124 gratia
928 2069 1139 2124 concepit
1170 2069 1352 2123 quidam
1383 2069 1511 2124 quasi
1540 2070 1692 2114 lumen
1724 2071 1950 2125 quoddam

316 2145 698 2201 speciosissimum
721 2153 765 2188 et
796 2161 888 2188 rem
930 2146 1155 2200 quandam
1186 2145 1445 2202 gloriosam,
1473 2146 1517 2188 in
1556 2147 1702 2201 gratia
1731 2155 1882 2191 tamen
1905 2155 1950 2190 et

319 2236 396 2277 per
425 2222 632 2277 gratiam.
677 2224 732 2264 Et
766 2222 877 2264 illud
916 2223 958 2264 in
999 2223 1168 2265 sanctis
1207 2224 1443 2266 laudamus
1482 2230 1619 2278 atque
1656 2226 1947 2277 honoramus,

316 2298 443 2353 quasi
469 2298 647 2354 insigne
666 2299 834 2341 donum
861 2299 947 2343 Dei
971 2299 1015 2341 in
1039 2299 1162 2355 ipsis.

409 2375 613 2418 Libertas
637 2375 775 2417 nostri
801 2376 986 2427 arbitrii,
1024 2375 1169 2431 gratia
1200 2377 1440 2420 reformata
1469 2385 1513 2421 et
1543 2377 1715 2430 induta,
1750 2386 1819 2421 est
1847 2378 1951 2420 illu-

320 2452 537 2495 strissima
555 2459 689 2507 atque
702 2453 1030 2507 potentissima,
1046 2453 1318 2496 admirabilis
1337 2461 1472 2508 atque
1490 2454 1813 2507 desiderabilis,
1826 2470 1950 2498 men-

322 2536 409 2571 tem
440 2534 629 2579 recreat,
671 2542 748 2570 cor
786 2529 1040 2581 confirmat,
1078 2529 1262 2580 animat,
1300 2529 1599 2573 humilitatem
1633 2530 1858 2573 conciliat.
1901 2531 1948 2575 Si

319 2606 406 2646 hoc
432 2604 475 2646 in
506 2612 550 2647 te
579 2603 720 2646 sentis
750 2604 936 2654 donum,
964 2605 1020 2646 da
1051 2618 1233 2659 operam
1266 2613 1314 2646 vt
1342 2604 1387 2647 in
1418 2613 1461 2649 te
1489 2619 1683 2648 vacuum
1713 2621 1803 2649 non
1833 2607 1945 2652 sit...

408 2681 604 2736 Quidam
629 2681 803 2723 solebat
827 2681 1027 2734 quotidie
1054 2681 1337 2736 peculiariter
1367 2681 1560 2737 aliquem
1591 2691 1796 2726 sanctum
1836 2683 1949 2726 deli-

321 2772 445 2809 gere,
466 2758 597 2800 cuius
619 2757 877 2812 imploraret
902 2758 1215 2812 patrocinium:
1238 2767 1282 2801 et
1306 2773 1444 2813 quum
1470 2767 1591 2803 recte
1614 2768 1659 2802 et
1682 2774 1785 2803 cum
1814 2769 1831 2821 ἢ*
1854 2761 1949 2803 fru-

320 2843 395 2876 ctu
420 2835 458 2876 ei
482 2834 782 2889 contingeret,
810 2833 853 2875 in
877 2833 948 2877 die
974 2842 1122 2876 tamen
1149 2842 1435 2889 pentecostes
1460 2848 1548 2877 non
1575 2836 1720 2891 potuit
1743 2837 1948 2881 inuenire

394 3014 408 3025 -ι
459 3012 578 3044 quum
600 3012 670 3037 ms.
