2028 3426
278 230 305 256 χ
323 245 325 247 .
923 217 1169 253 PRAEFATIO

234 322 372 374 Idem,
409 321 531 377 quod
565 322 622 363 ad
653 334 784 363 usum
819 319 996 372 attinet,
1031 319 1089 361 de
1120 318 1312 361 Sclzoliis
1344 318 1546 374 ejusdem
1580 317 1782 361 auctoris
1819 317 1866 361 in

234 397 583 441 constitutiones
621 397 677 439 ab
713 396 871 440 eadem
910 394 1268 451 congregatione
1305 394 1542 438 definitum
1581 401 1672 446 est3
1714 394 1835 437 unde
1854 427 1862 445 ,

233 476 355 530 quod
373 475 418 517 in
436 474 718 517 Sclzoliorum
737 473 934 524 laudem,
954 486 1110 516 eorum
1128 470 1345 527 egregius
1361 470 1505 515 editor
1522 470 1566 512 in
1587 470 1866 526 praefatione

235 553 292 594 ad
316 553 475 595 Patres
499 549 740 595 Societatis
762 551 873 607 Jesu
896 548 1058 600 aiebat,
1084 547 1260 591 Natalis
1282 561 1462 603 quoque
1487 547 1867 590 Instructionibus

234 630 392 672 eadem
415 627 592 671 ratione
616 626 848 671 convenit:
877 639 1020 681 «quae
1041 625 1147 668 licet
1169 624 1258 666 vim
1282 624 1398 680 legis
1420 625 1590 668 habere
1617 630 1861 679 nequeant,

236 714 389 749 tamen
411 705 543 749 valde
577 704 705 747 utilia
736 718 837 748 esse
859 710 1049 760 possunt
1080 703 1124 744 in
1155 701 1298 758 praxi,
1324 709 1425 744 *tum
1449 702 1505 744 ad
1529 715 1600 745 res
1624 701 1865 758 gerendaS,

235 791 331 826 turn
355 784 412 825 ad
434 796 593 825 verum
614 782 768 838 legum
791 787 1047 823 nostrarum
1072 793 1257 823 sensum
1275 778 1477 822 intimius
1494 778 1867 834 cognoscendum

236 875 292 904 ex
315 859 536 902 maiorum
565 857 791 902 sententia
823 865 868 901 et
900 855 1196 900 traditione...
1234 855 1359 910 Quid
1390 854 1663 911 praeclarius
1696 853 1784 897 dici
1817 868 1869 897 ac

235 937 332 979 fieri
355 943 532 993 poterat
554 935 600 977 in
623 933 1062 978 commendationem
1086 935 1249 976 horum
1273 932 1576 985 Scholiorum‚
1609 945 1726 987 quae
1756 945 1871 973 una-

236 1013 345 1056 nimi
371 1016 556 1056 Patrum
581 1012 882 1056 consensione
906 1010 1143 1054 universae
1171 1009 1390 1054 Societati
1421 1009 1663 1052 traduntur
1691 1022 1771 1070 pro
1799 1007 1870 1050 di-

237 1091 437 1135 rectione
459 1105 511 1133 ac
534 1089 723 1145 proinde
753 1089 862 1145 ipsis
885 1087 1252 1144 Praepositorum
1281 1086 1576 1131 Generalium
1605 1085 1873 1130 Ordinatio-

239 1168 373 1211 nibus
395 1166 678 1223 aequiparari
701 1166 933 1209 videntur?
961 1167 1017 1208 ¹.»

326 1246 444 1290 Cum
468 1244 611 1301 igitur
638 1251 682 1287 et
714 1242 871 1286 merito
899 1249 945 1287 et
973 1243 1030 1285 ad
1057 1241 1231 1299 praxim
1259 1241 1454 1284 utilitate
1485 1239 1659 1284 Natalis
1691 1241 1873 1282 Instru-

235 1323 400 1380 ctiones
424 1322 626 1377 ejusdem
649 1320 840 1363 Sclioliis
855 1334 888 1376 ,a
910 1319 1112 1363 secunda
1129 1318 1486 1375 congregatione
1504 1317 1871 1373 aequiparentur,

239 1414 402 1455 operae
424 1398 617 1455 pretium
640 1397 724 1441 erit
746 1398 883 1452 hujus
905 1396 1074 1439 codicis
1095 1396 1317 1452 originem
1340 1403 1384 1437 et
1407 1394 1612 1451 genesim
1636 1394 1693 1437 ob
1717 1393 1876 1436 oculos

238 1476 423 1521 lectoris
446 1489 690 1533 exponere.

327 1555 433 1609 Quo
457 1561 658 1609 tempore
692 1554 742 1595 P.
777 1551 950 1595 Natalis
979 1550 1234 1607 provincias
1265 1549 1511 1606 Hispaniae
1540 1556 1585 1593 et
1616 1547 1878 1592 Lusitaniae

238 1630 368 1674 annis
403 1641 530 1685 1553,
569 1640 676 1684 1555
711 1636 757 1671 et
795 1628 922 1683 1561,
957 1628 1043 1671 sub
1075 1627 1254 1684 Ignatio
1287 1634 1333 1671 et
1369 1626 1529 1670 Lainio
1566 1623 1875 1682 perlustravit,

240 1708 404 1750 multas
426 1707 471 1749 in
495 1706 684 1751 diversis
706 1704 911 1762 collegiis
932 1704 1254 1748 instructiones
1282 1718 1362 1760 pro
1390 1704 1626 1746 domorum
1654 1709 1700 1745 et
1728 1701 1881 1744 socio-

242 1799 340 1827 rum
370 1783 591 1840 regimine
618 1782 816 1839 reliquit,
850 1788 897 1824 ut
928 1782 973 1824 in
1002 1781 1159 1825 codice
1188 1781 1345 1823 Natal.
1379 1781 1514 1823 instr.
1551 1780 1698 1822 Lusit.
1737 1777 1880 1822 videri

242 1869 405 1918 potest.
433 1863 521 1904 Tot
542 1868 693 1904 autem
712 1874 764 1902 ac
784 1866 873 1902 tam
891 1858 1063 1915 prolixa
1080 1858 1249 1901 monita
1267 1857 1401 1900 nimis
1419 1856 1615 1900 difficilia
1632 1857 1689 1899 ad
1707 1855 1879 1911 praxim

242 1939 512 1994 quibusdam
536 1938 631 1981 visa
653 1944 776 1988 sunt,
803 1943 939 1993 prout
957 1935 1214 1992 provinciae
1232 1934 1492 1990 Aragoniae
1509 1935 1764 1976 moderator
1783 1931 1881 1975 An-

318 2083 327 2103 ¹
381 2081 539 2117 Scholia
570 2081 612 2115 in
645 2079 945 2115 constitutiones
974 2080 1011 2113 et
1040 2077 1332 2112 declarationes
1363 2077 1406 2112 S.
1439 2076 1488 2112 P.
1521 2075 1691 2122 Ignatii,
1722 2078 1885 2110 auctore

248 2144 295 2177 P.
318 2142 565 2186 Hieronymo
584 2139 728 2174 Natali
745 2150 764 2173 e
783 2137 976 2173 Societate
994 2137 1095 2178 Iesu,
1117 2148 1222 2171 nuuc
1235 2136 1420 2182 primum
1439 2135 1481 2170 in
1498 2135 1624 2170 lucem
1639 2135 1761 2169 edita.
1779 2134 1884 2169 Prati

247 2202 285 2237 in
305 2201 474 2236 Etruria.
499 2197 602 2234 1883.
622 2198 759 2234 Editor
777 2196 893 2243 hujus
911 2195 1040 2243 operis
1060 2195 1133 2231 fuit
1151 2195 1196 2230 P.
1216 2194 1446 2230 Franciscus
1466 2194 1605 2238 Altini,
1627 2193 1667 2229 S.
1689 2195 1741 2239 J.
1760 2193 1826 2240 qui
1846 2193 1884 2228 in

247 2259 505 2308 praefatione,
533 2269 622 2305 pag.
649 2266 719 2299 V11
743 2255 988 2292 confundens
1014 2254 1173 2290 Scholia
1196 2265 1285 2289 cum
1310 2252 1660 2296 lnstructionz'bus,
1684 2252 1885 2288 decretum

249 2330 292 2365 57
311 2317 629 2365 congregationis
648 2315 860 2361 secundae,
874 2314 978 2362 quod
993 2319 1053 2349 est
1066 2313 1116 2349 de
1134 2313 1486 2355 Instructionibus,
1501 2312 1567 2347 ille
1583 2300 1754 2348 Scholiis
1767 2311 1886 2358 appli-

247 2380 368 2424 cavit,
388 2379 511 2425 primo
537 2377 659 2411 verbo
689 2374 838 2410 decreti
870 2379 1034 2418 mutato;
1063 2385 1150 2408 nam
1179 2373 1245 2408 ubi
1270 2372 1472 2407 decretum
1498 2371 1551 2406 ait
1579 2371 1885 2406 Admonitiones

251 2441 299 2476 P.
320 2438 482 2474 Natalis
501 2437 566 2471 ille
591 2435 687 2480 legit
705 2434 938 2470 Notationes
959 2434 1005 2471 P.
1027 2432 1202 2468 Natalis.
1222 2431 1336 2468 Unde
1353 2436 1513 2478 apparet
1531 2430 1706 2466 codicem
1725 2430 1887 2465 Natalis

252 2497 538 2533 Instructiones
558 2495 599 2532 P.
621 2494 755 2529 Altino
773 2494 950 2539 ignotum
969 2488 1106 2528 fuisse.
1134 2491 1300 2527 Diversa
1326 2489 1506 2537 equidem
1526 2489 1574 2524 de
1600 2501 1676 2525 uno
1702 2495 1742 2524 et
1765 2490 1888 2524 altero

249 2557 387 2592 codice
415 2554 554 2591 statuit
578 2553 751 2600 praefata
774 2551 1041 2597 congregatio:
1068 2551 1117 2586 de
1138 2550 1484 2593 Iustructionibus,
1510 2555 1553 2584 ut
1577 2554 1888 2595 expurgarentur

251 2622 291 2651 et
310 2617 350 2651 in
368 2615 543 2650 ordinem
564 2614 614 2648 ab
638 2624 772 2647 eorum
796 2616 955 2646 auctore
979 2609 1265 2656 redigerentu13
1292 2615 1332 2644 et
1356 2614 1398 2643 ut
1421 2607 1563 2643 deinde
1582 2607 1888 2654 provincialibus

252 2686 320 2722 pro
351 2673 565 2710 directione
597 2671 856 2707 traderentur:
888 2669 937 2704 de
969 2669 1136 2704 Scholiis
1166 2673 1312 2713 autem,
1338 2669 1377 2702 in
1406 2666 1564 2702 decreto
1588 2675 1646 2712 42,
1675 2671 1717 2701 ut
1741 2678 1763 2701 a
1787 2665 1888 2702 desi-

253 2734 384 2780 gnatis
406 2731 642 2775 examinata,
668 2741 736 2776 pro
760 2728 974 2764 directione
999 2727 1289 2762 adhiberentur.
1310 2725 1411 2761 Vide
1430 2725 1558 2771 Epist.
1591 2726 1640 2759 P.
1671 2724 1823 2768 Nadal‚
1855 2725 1888 2769 1,

257 2801 486 2828 va-van.
515 2789 632 2836 Quod
659 2800 753 2824 vero
780 2793 931 2823 tantum
958 2798 1026 2833 pro
1053 2786 1269 2821 directione
1295 2785 1382 2820 illae
1408 2784 1701 2830 instructiones,
1720 2784 1824 2819 nulla
1849 2782 1888 2818 vi

254 2851 470 2898 obligandi,
504 2848 809 2896 provincialibus
840 2847 954 2881 datae
986 2846 1143 2892 fuerint,
1177 2856 1292 2880 nemo
1315 2844 1532 2887 mirabitur;
1565 2854 1653 2878 narn
1681 2843 1809 2890 aliqua
1834 2842 1889 2877 ibi

256 2911 370 2946 nimis
389 2909 554 2945 fortasse
575 2907 698 2954 rigida
716 2904 999 2952 deprehendas,
1021 2916 1120 2951 quae
1140 2903 1298 2951 quidem
1316 2904 1427 2950 lapsu
1445 2902 1630 2948 temporis
1650 2901 1688 2937 in
1706 2901 1887 2937 desuetu-

254 2969 386 3004 dinem
406 2969 600 3013 abierunt3
627 2966 768 3013 aliqua,
794 2975 893 3011 quae
919 2975 994 2998 non
1020 2964 1058 2998 in
1083 2968 1164 2999 tota
1187 2962 1400 3007 Societate,
1425 2961 1494 2997 sed
1518 2961 1661 2997 alicubi
1688 2961 1890 2996 dumtaxat

256 3034 414 3074 recepta
433 3033 537 3065 sunt.
