2028 3426
681 238 1024 286 SUPIJLEMENTUM
1034 247 1119 284 -25
1599 237 1668 282 843

86 354 192 381 num
218 354 243 381 a
276 340 374 382 Deo
396 338 760 394 superscriptam,
796 340 853 381 ad
884 340 1050 394 legem,
1091 354 1179 394 qua
1212 339 1267 381 ad
1305 338 1441 381 vitam
1481 346 1713 382 aeternam

87 417 511 470 apprehendendam
538 414 609 459 ¹95
634 422 856 457 vocantur
879 415 1102 467 homines,
1128 430 1230 457 cum
1255 430 1343 470 qua
1375 414 1617 457 coniuncta
1646 422 1714 459 est

87 491 171 534 alia
209 493 430 546 quaedam
466 491 640 534 vocatio
668 491 955 544 Vniuersalis,
988 506 1076 546 qua
1105 506 1276 543 omnes,
1308 491 1385 546 qui
1414 491 1560 547 gratia
1589 492 1715 535 exci—

86 570 267 621 derunt,
293 570 349 611 ad
372 568 564 624 gratiam
583 583 764 611 rursum
790 575 1014 610 vocantur
1032 567 1187 611 diuina
1210 567 1503 623 benignitate.

176 647 362 689 Praeter
400 647 497 697 has,
538 645 624 687 alia
663 652 730 689 est
768 644 948 688 vocatio
981 644 1263 700 particularis
1296 645 1352 687 ad
1389 651 1556 687 statum
1598 644 1716 688 vitae

85 721 315 777 xpianae.,
337 721 468 764 simul
488 729 532 764 et
549 722 607 777 ad
625 736 722 764 eam
742 721 951 777 gratiam,
973 735 1061 776 qua
1079 721 1308 776 dignetur,
1329 735 1442 775 quos
1464 728 1615 772 vocat,
1636 735 1715 763 vo-

86 798 265 842 catione
288 813 369 841 sua
388 798 595 842 coelestis
621 801 772 842 Pater.
796 800 860 840 Ita
883 798 1064 840 vocauit
1087 798 1316 853 apostolos
1335 797 1445 840 alios
1464 799 1630 853 Xpus.,
1652 797 1714 840 ita

90 876 277 918 Paulum
305 875 568 931 segregauit
592 877 648 918 ab
672 883 799 919 vtero
822 861 980 918 matris*
1000 889 1279 930 synagogae,
1305 874 1366 916 ita
1389 890 1437 918 se
1455 875 1562 916 dicit
1581 889 1716 917 voca-

86 960 179 995 tum
213 953 465 1007 apostolum
500 955 627 998 κὶητὸν
653 956 847 992 ἀπόστολον
891 955 918 1004 ¹,
959 952 1004 994 id
1043 959 1126 1004 est,
1162 951 1402 995 vocatione
1440 952 1710 1007 apostolum;

84 1030 462 1083 quemadmodum
486 1030 605 1072 enim
628 1038 733 1072 sunt
757 1029 803 1071 in
827 1029 1018 1073 ecclesia
1040 1037 1185 1072 status
1208 1029 1391 1080 diuersi,
1419 1028 1480 1071 ita
1503 1028 1715 1072 diuersae

84 1105 346 1149 vocationes
383 1112 428 1148 et
457 1106 631 1161 gratiae
663 1107 720 1149 ad
750 1113 917 1148 statum
944 1105 1151 1161 quemuis
1181 1120 1261 1161 pro
1289 1107 1293 1158 Ι
1322 1104 1544 1162 dignitate
1576 1112 1712 1148 tuen-

84 1183 207 1224 dum.
241 1182 430 1225 Vocatio
455 1197 561 1226 vero
585 1184 745 1225 tractio
775 1184 994 1237 quaedam
1027 1182 1173 1225 Patris
1196 1182 1366 1225 aeterni
1398 1189 1467 1224 est
1494 1181 1710 1237 gratuita3

82 1266 128 1301 et
157 1259 521 1313 quandoquidem
552 1274 685 1302 nemo
715 1259 838 1302 venit
867 1260 923 1301 ad
947 1261 1113 1314 Xpum.
1142 1259 1227 1301 nisi
1253 1260 1389 1302 Pater
1413 1259 1537 1300 illurn
1563 1266 1711 1300 traxe-

83 1335 155 1387 rit,
181 1350 315 1378 nemo
339 1343 489 1378 autem
513 1337 569 1378 ad
595 1338 774 1380 Patrem
798 1336 922 1380 venit
945 1336 1030 1378 nisi
1053 1351 1132 1391 per
1155 1335 1336 1387 Filium,
1363 1343 1603 1391 propterea
1627 1336 1712 1377 do·

83 1426 237 1455 cemus
272 1413 533 1456 vocationes
566 1414 621 1455 ad
655 1420 821 1456 statum
856 1412 1223 1457 constituendum
1262 1412 1306 1454 in
1341 1411 1713 1454 meditationibus

69 1489 200 1538 ⁴vitae
222 1491 324 1532 Iesu
348 1488 420 1532 Χ,ἱ
444 1489 800 1545 inuestigandas,
828 1489 872 1530 in
897 1503 986 1544 quo
1009 1497 1115 1531 sunt
1138 1503 1294 1531 omnes
1313 1489 1511 1532 thesauri
1529 1488 1710 1544 sapien-

83 1565 169 1609 tiae
192 1574 235 1608 et
260 1566 477 1609 scientiae
501 1565 771 1619 absconditi,
805 1565 849 1607 in
880 1580 969 1621 quo
999 1573 1144 1608 status
1172 1566 1290 1608 vitae
1321 1565 1526 1621 xpianae.
1560 1566 1709 1620 perfe-

82 1642 243 1685 ctionis
274 1644 479 1698 exemplo
513 1650 618 1686 sunt
651 1643 962 1686 demonstrati.
990 1644 1163 1686 Omnes
1187 1657 1293 1685 vero
1316 1650 1478 1694 status,
1505 1642 1603 1685 eius
1626 1643 1709 1684 do-

80 1718 222 1761 ctrina
247 1719 579 1774 comprehensi,
606 1727 653 1761 vt
677 1719 804 1774 quasi
829 1734 884 1762 ex
907 1720 1089 1775 specula
1112 1719 1362 1761 diuinitatis
1384 1734 1542 1762 ornnes
1572 1718 1707 1760 ratio·
1734 1759 1738 1763 .

80 1810 160 1838 nes
193 1795 264 1851 pie
297 1796 479 1839 viuendi
514 1796 558 1837 in
582 1810 664 1838 nos
689 1796 758 1840 196
793 1797 1001 1839 eluceant
1032 1811 1083 1840 ea
1106 1795 1290 1853 virtute,
1321 1810 1438 1850 quae
1468 1795 1607 1850 possit
1629 1809 1713 1851 pro

81 1886 293 1915 mensura
315 1872 572 1915 donationis
595 1872 669 1915 X}
693 1880 736 1916 et
760 1872 935 1928 gratiae
958 1872 1165 1927 quemuis
1187 1873 1243 1914 ad
1261 1887 1387 1914 suam
1407 1871 1707 1923 vocationem,

80 1949 136 1990 ad
159 1963 290 1990 suum
315 1950 523 2004 gradum,
557 1957 693 2004 atque
715 1956 882 1992 statum
903 1950 1252 1991 transformare.
1286 1950 1457 2003 Itaque,
1485 1948 1559 2003 qui
1584 1956 1711 1990 extra

79 2027 195 2067 hanc
227 2025 390 2076 lucem,
427 2034 553 2069 extra
585 2027 703 2068 hanc
736 2025 919 2081 spiritus
950 2026 1188 2081 puritatem
1224 2033 1358 2080 atque
1391 2025 1709 2080 synceritatem

79 2109 332 2152 versantur,
359 2110 404 2145 et
426 2102 607 2146 aliunde
630 2103 806 2158 impuro
829 2105 994 2145 affectu
1018 2116 1070 2145 ac
1099 2103 1189 2146 fine
1211 2102 1433 2158 cossigunt
1463 2110 1599 2157 atque
1628 2102 1709 2144 eli-

79 2185 195 2233 gunt
217 2185 384 2220 statum
409 2178 542 2230 vitae,
568 2193 646 2221 eos
670 2194 751 2222 nos
774 2180 967 2222 dicimus
991 2195 1014 2222 a
1039 2182 1137 2222 Deo
1155 2195 1244 2222 non
1264 2194 1364 2223 esse
1381 2187 1581 2231 vocatos;
1604 2194 1707 2221 nam

79 2257 147 2293 est
170 2250 353 2306 spiritus
377 2251 640 2306 sapientiae,
667 2252 1035 2308 incoinquinatus
1063 2267 1114 2294 ac
1137 2253 1349 2304 mundus;
1378 2252 1554 2295 tametsi
1585 2252 1706 2293 acci-

79 2328 185 2371 dere
208 2327 348 2382 possit
371 2335 418 2369 vt
441 2335 607 2370 statum
634 2330 702 2372 vel
727 2343 817 2371 rem
838 2329 1024 2384 eligant,
1047 2343 1161 2383 quae
1179 2328 1296 2370 intra
1315 2329 1538 2370 cancellos
1557 2328 1708 2371 eccle-

79 2403 171 2446 siae
205 2405 482 2447 orthodoxae
515 2403 748 2457 consistat;
785 2406 864 2448 sed
887 2420 969 2448 suo
993 2413 1038 2449 et
1061 2405 1239 2460 quidem
1265 2419 1481 2460 peruerso
1505 2403 1671 2446 iudicio
1699 2404 1707 2460 l

79 2479 124 2522 id
149 2480 330 2533 facient3
357 2490 417 2532 et,
444 2495 534 2535 quo
566 2482 691 2523 Deus
714 2496 804 2523 non
834 2489 984 2533 vocat,
1011 2496 1064 2525 eo
1087 2480 1320 2523 contendit
1343 2481 1604 2536 irrumpere,
1630 2480 1706 2522 vbi

80 2571 317 2601 necessum
349 2564 416 2599 est
449 2572 624 2599 summa
656 2571 758 2599 cum
783 2557 1051 2599 difficultate
1074 2571 1151 2599 eas
1173 2557 1359 2608 versari,
1386 2565 1541 2612 vtpote
1565 2571 1705 2611 quum

79 2641 262 2677 careant
285 2635 451 2676 selecta
474 2633 620 2689 gratia
643 2634 698 2675 ad
728 2641 895 2676 statum
930 2633 1053 2675 illum
1078 2649 1158 2689 pro
1189 2633 1410 2689 dignitate
1440 2634 1705 2686 tenendum,

80 2724 213 2764 quam
249 2716 397 2754 tamen
432 2724 662 2764 nunquam
695 2725 785 2752 non
824 2710 1015 2765 largitur
1051 2710 1429 2753 clementissimus
1460 2709 1595 2753 Pater
1632 2710 1704 2762 iis,

80 2801 193 2840 quos
216 2801 295 2830 sua
330 2787 583 2837 vocatione,
621 2787 1001 2841 quemadmodum
1032 2802 1084 2830 ex
1120 2787 1260 2829 Paulo
1283 2787 1515 2838 docemur,
1541 2786 1704 2842 digna-

81 2870 168 2915 tur;
196 2878 296 2905 nam
322 2863 434 2913 aiiis,
462 2863 538 2917 qui
564 2877 641 2918 per
661 2862 957 2906 temeritatem
976 2870 1141 2905 statum
1160 2871 1395 2906 assumunt
1414 2864 1482 2906 ve]
1503 2855 1581 2918 per
1596 2865 1704 2907 affe—

154 3028 162 3047 ¹
214 3026 339 3071 Πολι,
359 3027 389 3070 1,
415 3035 445 3064 Ι.
467 3026 621 3069 «Παῦλος
648 3025 765 3070 δεῢλος
792 3027 941 3074 Χριστοῦ
962 3027 1084 3071 Ἰησοῦ,
1104 3025 1230 3071 κλητὸς
1255 3026 1524 3071 ἀπόστολος...»
