2028 3426
399 211 468 248 382
873 213 1027 248 PATms
1054 213 1297 248 HOERONYMI
1324 213 1474 248 NADAL

432 314 494 359 42
523 313 822 358 Prouincialis
852 321 919 358 est
946 314 1142 367 efficere,
1173 320 1221 355 vt
1249 327 1421 366 omnes,
1454 313 1532 370 qui
1560 313 1607 357 in
1636 315 1873 371 prouincia
1902 331 1985 363 sua

342 391 442 435 aliis
464 399 697 448 praesunt,
724 390 967 434 efficaciter
985 389 1079 432 suis
1104 390 1354 447 fungantur
1377 391 1552 435 officiis:
1577 406 1629 436 ac
1654 391 1716 434 illi
1739 392 1785 435 in
1808 393 1979 450 primis,

340 468 507 523 quibus
545 467 639 524 ipse
678 466 968 523 prouincialis
1005 475 1184 522 praeest
1221 466 1496 522 immediate,
1537 468 1808 524 quibuscum
1842 485 1982 528 agere

342 544 536 602 amplius
559 560 693 600 quam
717 559 819 587 cum
838 543 936 586 aliis
953 544 1105 587 debet:
1127 544 1326 587 omnium
1347 544 1522 588 animos
1539 544 1583 588 in
1603 545 1798 590 Domino
1816 546 1980 604 erigat,

339 622 706 677 consoleturque,
733 619 1018 676 peculiariter
1040 635 1148 663 vero
1174 636 1348 674 eorum,
1374 622 1451 677 qui
1474 622 1641 666 auxilio
1659 623 1804 680 inagis
1822 631 1978 681 egent3

340 699 398 742 sit
425 699 577 754 itaque
610 697 854 754 refugium,
887 711 978 739 non
1006 697 1076 740 his
1103 699 1266 750 solum,
1298 699 1377 742 sed
1412 699 1640 754 omnibus,
1675 707 1900 756 quotquot
1934 701 1980 746 in

339 791 422 819 sua
439 775 670 831 prouincia
692 774 871 826 viuunt,
898 773 1051 817 debita
1072 774 1314 827 suauitate,
1340 775 1692 833 dispensatione,
1720 778 1977 833 prudentia,

338 867 389 895 ac
413 851 663 908 vigilantia,
690 850 891 893 omnium
914 851 1277 908 aegritudinibus
1300 853 1551 897 medeatur.
1580 853 1801 897 Vltimum
1824 862 1979 900 autem

335 929 599 985 diligentiae
624 943 771 984 genus
793 928 877 972 erit
899 936 1100 971 statuere
1122 944 1248 982 num,
1275 929 1351 985 qui
1376 929 1436 972 ita
1459 945 1597 987 aeger
1623 939 1692 974 est
1722 931 1889 985 animo,
1922 933 1981 976 sit

337 1006 379 1048 in
405 1006 632 1050 Societate
654 1005 936 1058 retinendus,
963 1020 1020 1048 an
1043 1005 1340 1050 dimittendus
1358 1006 1525 1062 potius,
1545 1022 1627 1051 seu
1646 1009 1702 1051 ad
1719 1010 1979 1065 generalem

337 1083 632 1138 ablegandus,
660 1090 737 1125 aut
765 1081 1048 1125 xenodochio
1077 1089 1121 1126 et
1151 1097 1399 1138 pauperum
1429 1083 1625 1128 ser-uitiis
1657 1085 1715 1127 ad
1745 1086 1972 1141 probatio-

337 1174 438 1203 nem
463 1158 774 1202 destinandus.
802 1159 959 1213 Itaque
981 1158 1201 1214 singulari
1224 1158 1466 1214 prudentia
1495 1161 1779 1216 exploratum
1810 1163 1979 1207 habere

335 1237 530 1288 studeat,
563 1250 651 1290 qua
681 1235 854 1280 ratione
882 1235 1051 1291 optime
1080 1236 1125 1278 in
1160 1235 1355 1279 Domino
1386 1237 1527 1293 possit
1559 1252 1663 1281 cum
1703 1240 1979 1295 vnoquoque

337 1328 491 1369 agere,
518 1327 600 1355 sua
625 1311 921 1368 proportione
944 1320 989 1356 et
1012 1314 1174 1369 gradu.

424 1390 483 1433 43
508 1389 762 1445 Diligenter
785 1389 1240 1445 circumspiciendum
1270 1398 1354 1442 est,
1385 1390 1421 1434 si
1451 1390 1528 1446 qui
1556 1391 1707 1436 idonei
1735 1392 1976 1437 videantur

334 1466 494 1518 futuri,
532 1466 697 1521 quibus
728 1465 940 1522 primaria
972 1465 1214 1510 Societatis
1243 1467 1390 1509 officia
1422 1474 1520 1510 tuto
1548 1468 1722 1524 possint
1750 1468 1795 1511 in
1826 1469 1976 1525 aliqua

331 1543 564 1599 prouincia
586 1530 806 1586 committi
828 1557 912 1586 suo
932 1550 1149 1599 ternpore,
1170 1543 1424 1587 cuiusmodi
1441 1545 1531 1587 sint
1548 1546 1807 1602 praepositi,
1829 1554 1975 1591 recto-

330 1621 406 1674 ris,
433 1620 640 1672 ministri,
672 1620 949 1663 nouitiorum
978 1621 1213 1678 praefecti,
1243 1629 1288 1664 et
1316 1621 1430 1674 eius,
1461 1622 1539 1677 qui
1567 1623 1715 1666 valeat
1745 1624 1974 1668 exercitiis

330 1697 639 1753 spiritualibus
662 1697 772 1740 alios
795 1713 876 1754 pro
899 1712 1022 1741 more
1040 1698 1279 1743 Societatis
1297 1699 1550 1753 instituere,
1571 1700 1968 1754 concionatorum,

328 1773 724 1828 confessariorum,
757 1784 1116 1831 procuratorum,
1149 1777 1386 1820 lectorum.
1421 1777 1703 1821 Sumendum
1734 1785 1887 1822 autem
1916 1779 1974 1822 de

329 1851 593 1894 huiusmodi
618 1852 976 1907 experimentum
1007 1860 1143 1905 esset,
1174 1852 1497 1896 committendo
1520 1853 1606 1896 illis
1639 1869 1970 1911 nonnunquam

330 1928 538 1984 negocia,
571 1928 614 1970 in
640 1943 831 1984 quorum
862 1929 1148 1985 expeditione
1177 1929 1319 1986 possit
1341 1929 1490 1985 aliqua
1521 1931 1695 1987 accepti
1719 1932 1876 1976 talenti
1907 1932 1969 1976 si-

328 2005 566 2060 gnificatio
585 2005 741 2061 accipi.
764 2007 863 2048 Hac
882 2013 1033 2049 tamen
1051 2007 1096 2049 in
1115 2022 1163 2050 re
1180 2007 1290 2049 illud
1307 2015 1376 2050 est
1393 2008 1667 2062 cauendum,
1688 2024 1745 2053 ne
1764 2024 1788 2052 a
1806 2009 1971 2053 studiis

327 2083 421 2125 suis
450 2084 521 2126 vel
550 2083 720 2137 alioqui
750 2083 1015 2126 necessariis
1044 2083 1423 2140 occupationibus
1452 2092 1689 2141 propterea
1719 2100 1972 2130 amouean-‘

328 2167 416 2212 tur,
442 2174 559 2202 neue
581 2174 736 2202 eorum
759 2174 972 2216 magnam
997 2160 1163 2204 faciant
1185 2160 1417 2204 iacturam.
1442 2162 1543 2204 Hoc
1567 2169 1718 2206 autem
1737 2162 1967 2219 specimen

327 2236 502 2278 facilius
526 2236 623 2291 capi
651 2238 707 2280 de
736 2236 806 2279 his
833 2236 1013 2292 poterit,
1045 2237 1122 2292 qui
1151 2238 1476 2281 consummatis
1504 2239 1665 2282 studiis
1696 2247 1967 2284 exercentur

325 2313 381 2355 ad
406 2312 724 2357 ministerium.

415 2391 593 2432 Habeat
617 2392 734 2446 apud
756 2406 804 2435 se
827 2391 1115 2447 prouincialis
1134 2406 1413 2434 summorum
1433 2391 1698 2448 pontificum
1717 2393 1964 2450 diplomata

323 2465 489 2519 omnia,
516 2466 861 2511 constitutiones
890 2468 1147 2520 Societatis,
1180 2469 1361 2512 decreta
1390 2468 1671 2524 generalium
1701 2484 1963 2527 congrega-

324 2542 518 2594 tionum,
551 2543 731 2597 regulas
760 2557 931 2595 omnes,
964 2552 1059 2586 tum
1089 2558 1210 2596 suas,
1244 2551 1339 2586 tum
1370 2544 1432 2587 44
1464 2543 1653 2587 aliorum
1690 2545 1960 2600 officiorum,

321 2618 644 2662 instructiones
662 2619 969 2673 commissarii,
991 2628 1036 2663 et
1054 2635 1171 2675 quae
1189 2620 1414 2677 generalis
1438 2621 1720 2677 praepositus
1743 2623 1800 2665 ad
1823 2637 1961 2678 quae-

320 2695 406 2738 sita
428 2695 710 2751 responderit
733 2696 1091 2751 prouincialium3
1118 2697 1230 2739 sciat
1253 2697 1608 2742 consuetudines
1631 2705 1674 2741 et
1694 2699 1960 2744 traditiones

317 2771 558 2816 Societatis
581 2773 867 2828 approbatas,
894 2781 938 2816 et
962 2772 1176 2828 quicquid
1199 2773 1356 2817 iuuare
1379 2788 1482 2817 eum
1506 2775 1662 2830 possit,
1689 2790 1779 2831 quo
1807 2777 1955 2832 perfe-

321 2849 438 2891 ctius
460 2864 543 2891 suo
568 2849 786 2905 fungatur
808 2849 973 2892 officio.

407 2927 474 2968 Ex
496 2925 885 2978 instructionibus,
912 2940 1023 2980 quas
1047 2926 1270 2982 acceperit
1291 2926 1597 2982 prouincialis‚
1624 2943 1739 2984 quae
1758 2943 1982 2976 censue-=·

318 3002 374 3043 rit
408 3002 618 3058 expedire
650 3001 853 3058 collegiis
885 3017 992 3045 suae
1026 3003 1303 3058 prouinciae,
1345 3004 1649 3048 communicet
1682 3006 1974 3061 rectoribus,-
