2028 3426
662 292 1037 326 INsraucrioNEs—
1048 290 1090 325 61
1572 290 1640 335 597

148 393 278 448 Quae
299 392 419 435 dicta
440 393 497 436 de
519 391 797 435 dimittendis
819 399 942 444 sunt,
959 406 1012 435 ea
1034 397 1248 447 poterunt
1270 391 1327 432 de
1349 390 1436 432 illis
1458 391 1592 433 etiam
1616 391 1659 433 in
1673 417 1685 422 -

59 468 216 524 telligi,
243 468 318 523 qui
346 469 504 511 iniussi
534 470 713 520 abeant,
745 476 790 511 et
819 484 844 511 a
874 468 1104 512 Societate
1131 467 1362 512 deficiant.
1389 467 1450 510 Hi
1480 468 1616 519 enim,
1649 468 1686 511 si

57 560 215 602 parum
239 552 388 588 essent
411 545 561 589 idonei
584 545 639 588 ad
659 545 948 596 Societatem,
970 543 1217 599 quaerendi
1240 559 1330 586 non
1353 550 1476 596 sunt3
1504 558 1594 586 non
1618 551 1684 586 ta-

60 636 162 664 men
186 622 242 664 77
265 621 350 663 nisi
368 623 574 665 consulte
592 636 747 666 eorum
767 628 872 663 vota
889 621 1139 664 soluentur.
1163 620 1211 664 Si
1228 635 1336 663 vero
1354 620 1503 663 idonei
1521 620 1687 675 alioqui

23 733 42 753 ,Ι
61 697 336 750 viderentur,
363 705 408 740 et
430 698 685 753 recuperari
711 706 913 753 possent,
940 697 1194 740 adhibenda
1223 711 1333 739 cura
1362 704 1446 749 est,
1479 705 1525 738 vt
1555 711 1683 739 recu—

60 782 288 830 perentur.
322 774 401 818 Sin
434 774 690 830 recuperari
720 788 809 816 non
841 773 1030 830 possint,
1055 780 1238 829 propter
1261 773 1456 828 aliquam
1479 772 1688 816 idoneam

35 864 239 909 ,causam
264 858 415 893 essent
445 851 625 894 tandem
654 849 926 901 dimittendi,
953 850 1033 894 sed
1061 851 1199 906 longe
1225 849 1468 902 difficilius,
1502 858 1547 891 vt
1579 849 1686 891 alibi

24 958 30 963 -
54 926 229 969 dictum
252 934 336 970 est.

148 1003 300 1058 Siquis
322 1004 380 1045 ad
402 1003 677 1046 carthusiam
700 1004 837 1047 vellet
859 1003 1086 1054 secedere,
1123 1002 1159 1045 si
1188 1017 1295 1046 vera
1322 1002 1420 1045 eius
1449 1010 1569 1046 esset
1607 1003 1686 1046 de-

66 1067 202 1133 uotio,
229 1087 274 1123 et
296 1082 352 1122 ad
374 1080 495 1122 illam
517 1094 718 1124 eremum
742 1079 935 1130 vocatio,
956 1079 1001 1120 id
1018 1078 1125 1121 boni
1143 1079 1381 1123 consulere
1398 1079 1686 1122 deberemus,

64 1158 234 1201 Verum
274 1158 497 1200 hactenus
525 1157 699 1198 nullum
731 1156 899 1199 scimus
922 1163 938 1180 a
974 1170 1081 1199 vero
1119 1155 1279 1211 spiritu
1317 1156 1373 1198 ad
1410 1155 1685 1198 carthusiam

26 1288 30 1301 Ι
59 1241 309 1289 spectasse3
335 1233 416 1277 sed
439 1232 688 1276 tentatione
710 1241 756 1275 et
772 1231 1086 1286 inquietudine
1103 1231 1266 1274 mentis
1284 1232 1489 1283 ductum,
1511 1232 1685 1273 nullum

17 1315 20 1317 ’
68 1324 174 1353 vero
197 1310 241 1352 in
265 1324 318 1353 eo
341 1308 564 1353 desiderio
587 1323 917 1365 perseuerasse.

150 1386 241 1442 Qui
265 1387 321 1429 ad
344 1386 476 1429 aliam
499 1386 708 1441 quamuis
732 1385 996 1442 religionem
1016 1385 1284 1438 discederet,
1310 1392 1461 1441 posset
1484 1384 1692 1441 legitime-

31 1461 199 1519 adigi,
231 1471 279 1505 vt
309 1464 365 1505 ad
392 1478 475 1506 nos
503 1463 683 1515 rediret,
715 1478 768 1506 ea
804 1463 1035 1514 facultate,
1077 1477 1210 1517 quam
1234 1477 1259 1505 a
1296 1463 1403 1505 sede
1440 1461 1688 1517 apostolica

36 1539 335 1596 accepimus.
366 1541 610 1596 Speramus
639 1539 773 1582 etiam
803 1541 1006 1581 futurum
1036 1539 1179 1590 breui,
1211 1546 1260 1580 vt
1288 1538 1527 1582 interdicat
1555 1538 1687 1582 sedes

59 1616 319 1673 apostolica,
345 1632 403 1660 ne
432 1617 488 1659 ad
517 1616 831 1659 carthusianos
853 1616 1034 1671 quidem
1065 1615 1254 1659 transire
1280 1615 1454 1671 possint
1476 1614 1619 1657 nostri
1655 1617 1684 1666 ¹,

61 1694 182 1749 quod
204 1693 291 1735 iam
315 1701 600 1737 concesserat
622 1693 770 1750 Julius
802 1701 895 1748 31¹⁵,
926 1694 1006 1737 sed
1035 1692 1366 1736 interueniente
1396 1691 1493 1736 eius
1521 1698 1683 1744 morte,

62 1770 218 1813 literae
239 1769 476 1825 expeditae
498 1784 588 1812 non
611 1772 812 1814 fuerunt.

146 1847 203 1891 78
236 1847 292 1888 Et
314 1846 682 1901 quandoquidem
704 1846 855 1890 variae
877 1861 976 1889 esse
998 1846 1171 1902 possint
1199 1860 1379 1897 causae,
1411 1852 1688 1900 quapropter

26 1976 29 1982 ι
62 1922 259 1966 exerceri
289 1923 452 1966 debeat
480 1923 552 1965 vel
573 1922 718 1978 possit
748 1923 937 1965 facultas
960 1921 1229 1975 dimittendi,
1249 1912 1409 1965 ‘variae
1437 1920 1689 1963 industriae

30 2010 34 2018 ’
63 2006 170 2042 sunt
191 1999 490 2042 adhibendae.
517 2001 650 2051 Nam,
675 1999 712 2042 si
746 2013 882 2042 causa
904 1998 1180 2042 dimissionis
1202 1999 1260 2041 sit
1287 2005 1478 2058 secreta,
1513 2005 1558 2040 et
1587 2011 1690 2053 pro·
1744 2012 1749 2017 ’

62 2083 161 2131 pter
191 2076 349 2132 grauia
370 2083 557 2132 peccata
585 2062 810 2120 iudicetur
838 2076 939 2131 quis
968 2077 1103 2133 (quod
1131 2078 1258 2119 Deus
1286 2075 1476 2130 auertat)
1500 2073 1691 2116 incorri-

14 2185 20 2189 .
63 2152 213 2209 gibilis
241 2152 398 2195 morali
426 2153 620 2208 quodam
650 2153 833 2206 iudicio,
860 2168 977 2208 quae
1005 2160 1074 2197 est
1095 2152 1239 2209 prima
1267 2166 1405 2195 causa
1427 2151 1472 2193 in
1497 2152 1564 2194 2.⁰
1588 2165 1688 2206 cap.

64 2229 232 2286 [partis]
257 2237 340 2272 2:³¹2
362 2236 528 2282 const.,
553 2229 590 2272 si
622 2237 846 2274 secretum
877 2230 934 2272 sit
962 2237 1089 2272 extra
1118 2228 1466 2280 confessionem,
1499 2235 1690 2283 possunt

34 2300 269 2350 adhiberi
292 2315 337 2351 et
360 2307 528 2350 debent
550 2307 848 2370 consultores,
874 2313 1007 2350 caute
1031 2313 1179 2349 tamen
1204 2313 1249 2349 et
1266 2305 1608 2360 circumspecte,
1635 2304 1693 2345 ad

63 2382 306 2439 superioris
334 2382 583 2426 arbitrium.
619 2385 675 2425 Et
712 2383 907 2438 primum
940 2382 1121 2447 quidem
1153 2381 1473 2437 inquirendum
1505 2388 1550 2424 et
1578 2380 1692 2423 defi-

22 2451 30 2457 ’
63 2459 294 2512 niendum,
320 2460 376 2503 de
399 2473 488 2514 quo
518 2459 808 2512 deliberatur,
835 2475 892 2502 an
921 2460 959 2501 is
987 2459 1044 2501 sit
1072 2457 1410 2515 incorrigibilis,
1442 2457 1487 2499 id
1516 2464 1600 2509 est,
1634 2470 1691 2498 an

67 2537 314 2580 vehemens
336 2536 393 2579 sit
415 2535 647 2589 indicium,
669 2537 1049 2591 quemadmodum
1066 2535 1140 2578 alii
1158 2534 1363 2578 adiuuari
1381 2535 1544 2586 solent,
1565 2533 1690 2574 illum

65 2626 157 2654 non
178 2612 322 2656 videri
344 2612 489 2655 iuuari
514 2613 643 2664 velle,
671 2613 742 2654 vel
764 2627 813 2656 re
835 2612 932 2668 ipsa
954 2613 1075 2668 quod
1098 2611 1399 2667 comperiatur
1416 2625 1506 2652 non
1525 2608 1692 2659 iuuari,

65 2702 149 2731 nec
172 2703 297 2745 spem
319 2689 417 2732 fieri
439 2688 795 2745 resipiscentiae:
821 2689 984 2732 deinde
1006 2704 1064 2733 ne
1088 2703 1158 2732 res
1182 2689 1238 2731 ad
1260 2688 1412 2743 plures
1436 2684 1687 2741 perueniat,

31 2781 35 2785 ·
67 2763 270 2807 mittatur
299 2780 458 2809 reuera
496 2765 540 2807 in
571 2765 998 2822 peregrinationem,
1029 2766 1151 2808 vnde
1184 2771 1331 2807 tamen
1361 2763 1569 2805 iubeatur
1600 2775 1691 2802 non

135 2909 153 2926 a
200 2901 326 2935 simus
345 2912 415 2938 ms,

137 3023 146 3042 ¹
197 3024 291 3075 Jam-
302 3035 379 3059 non
403 3024 495 3059 licet
518 3036 644 3071 neque
669 3024 717 3059 ad
740 3024 1029 3059 carthusienses
1055 3022 1232 3058 transire.
1259 3021 1319 3057 Cf.
1346 3021 1575 3055 [nstitutum
1604 3019 1689 3054 Soc.

55 3080 157 3126 Jesu
176 3083 427 3129 (Florentiae,
450 3083 681 3129 1892-1893),
701 3084 730 3129 1,
749 3083 832 3118 663.
