2028 3426
350 232 420 265 826
931 229 1066 265 EPIST.
1096 229 1139 263 P.
1168 228 1319 265 NADAL

301 340 617 383 conseruatur,
642 331 954 386 antiquissime
977 345 1030 374 ea
1053 331 1157 375 fidei
1182 331 1437 375 constantia
1460 346 1512 375 ac
1536 333 1632 375 zelo
1662 339 1768 375 sunt
1797 333 1944 375 homi-

303 423 399 459 nes,
426 417 474 450 vt
497 410 671 451 nullum
694 408 934 451 admittant
958 410 1258 464 neophytum,
1286 407 1362 464 qui
1386 408 1503 451 inter
1522 423 1600 452 eos
1617 408 1822 452 habitare
1839 423 1946 465 pos-

303 486 375 536 sit,
404 485 555 528 nullus
579 494 679 541 post
705 485 989 541 xpianorum.
1018 485 1278 529 memoriam
1303 500 1359 529 ex
1382 485 1469 528 illis
1493 485 1754 528 hominibus
1777 487 1833 530 de
1858 486 1942 529 rni-

303 563 422 605 nima
447 563 649 606 haeresis
679 562 940 618 suspicione
969 563 1026 605 sit
1060 570 1262 606 notatus.
1300 563 1344 607 Ι4
1380 563 1504 606 Hinc
1539 563 1623 606 fuit
1655 577 1946 618 consequens

303 641 471 682 nullam
498 640 712 684 debuisse
734 639 961 696 surripere
991 639 1262 695 suspicionis
1285 639 1544 695 opinionem
1573 641 1630 683 de
1653 640 1848 696 Ignatio.
1881 639 1943 682 At

300 733 408 762 vero
431 718 528 760 sine
559 717 718 760 litteris
748 717 850 762 fuit.
887 718 976 761 Vbi
1001 717 1194 773 primum
1224 718 1389 760 bonam
1419 718 1738 761 exercitiorum
1768 725 1942 773 partem

300 794 494 850 scripsit,
521 795 724 837 nondum
750 795 922 839 litteras
941 794 1170 850 attigerat;
1193 809 1296 838 nam
1314 803 1553 851 postquam
1573 796 1630 837 de
1650 802 1769 837 terra
1786 809 1941 851 egres-

300 886 378 914 sus
401 887 499 923 sua,
526 873 583 915 de
606 871 880 927 cognatione
903 886 986 914 sua
1008 885 1060 914 ac
1083 872 1236 924 domo,
1270 879 1317 914 vt
1346 871 1540 927 primurn
1572 886 1620 914 se
1649 872 1943 927 comparabat

300 950 356 991 ad
379 950 574 992 eluenda
598 964 676 1003 per
699 948 1017 992 contritionem
1041 955 1086 992 et
1109 948 1441 992 confessionem
1466 956 1669 1004 peccata,
1703 963 1819 1003 quae
1848 963 1940 993 me-

299 1024 544 1069 ditationes
565 1034 581 1049 ³
606 1025 725 1067 illam
749 1025 1067 1068 vehementius
1090 1025 1326 1077 iuuabant,
1354 1025 1452 1068 illas
1475 1025 1520 1067 in
1544 1025 1696 1069 libello
1713 1025 1941 1070 describe-

300 1103 391 1145 bat.
417 1104 551 1153 Tum,
580 1102 654 1144 vbi
680 1103 982 1147 meditabatur
1005 1102 1050 1145 in
1075 1102 1270 1158 Iesuxpi.
1298 1102 1406 1154 vita,
1433 1102 1551 1145 idem
1577 1102 1827 1155 factitabat3
1860 1105 1940 1147 sed

299 1179 361 1221 ita
385 1187 534 1222 tamen
558 1187 607 1221 vt
629 1193 720 1221 non
744 1179 818 1221 illa
846 1180 1008 1231 solum,
1034 1194 1151 1235 quae
1181 1186 1290 1222 tunc
1318 1179 1563 1233 scribebat,
1588 1180 1668 1223 sed
1696 1179 1938 1235 cogitatio—

299 1272 378 1300 nes
402 1271 575 1308 omnes,
603 1272 719 1312 quae
742 1256 929 1312 spiritus
952 1257 1232 1309 viderentur,
1257 1272 1342 1300 suo
1367 1257 1659 1309 confessario,
1681 1256 1778 1299 viro
1801 1265 1846 1301 et
1864 1258 1940 1312 pio

298 1341 341 1377 et
364 1335 516 1385 docto,
548 1349 726 1376 summa
748 1333 985 1389 diligentia
1009 1348 1062 1376 ac
1087 1335 1175 1377 fide
1198 1334 1524 1386 manifestaret,
1560 1335 1723 1377 necubi
1752 1341 1940 1390 propter

297 1410 546 1454 litterarum
571 1410 875 1467 ignorantiam
898 1410 1244 1466 periclitaretur.
1268 1412 1505 1454 Hactenus
1524 1410 1635 1453 nihil
1653 1418 1786 1454 nocet
1806 1411 1937 1467 igno-

298 1487 443 1530 rantia
466 1488 648 1530 humilis
681 1503 706 1531 a
739 1488 962 1531 catholico
994 1502 1045 1531 ac
1079 1488 1278 1531 litterato
1313 1488 1480 1531 iudicio
1514 1490 1769 1544 gubernata
1801 1497 1939 1543 atque

296 1566 504 1619 probata.
538 1565 767 1608 Nocuitne
797 1566 975 1621 postea?
1003 1565 1125 1608 Nihil
1156 1565 1316 1608 minus.
1352 1565 1506 1609 151am
1532 1565 1651 1609 enim
1683 1565 1788 1608 inde
1811 1573 1936 1621 post·
1976 1567 1979 1570 “

296 1656 431 1697 quam
466 1642 757 1686 deuotionem
781 1642 917 1685 animi
950 1657 1030 1698 per
1063 1642 1278 1685 exercitia
1312 1642 1386 1685 illa
1419 1642 1644 1698 concepit,
1672 1650 1794 1686 totus
1824 1657 1934 1698 pro-

296 1720 494 1773 pendere
526 1719 694 1775 incepit
727 1733 780 1763 ac
814 1719 919 1763 ferri
944 1721 1000 1762 ad
1031 1719 1338 1775 proximorum
1362 1721 1554 1764 salutem
1580 1720 1928 1775 procurandam3

294 1796 443 1848 simul,
466 1804 513 1838 vt
533 1798 620 1839 hoc
639 1797 924 1840 commodius
946 1811 998 1840 ac
1022 1797 1208 1840 liberius
1233 1798 1416 1849 faceret,
1439 1796 1690 1841 incredibili
1714 1796 1866 1840 studio
1888 1797 1934 1840 in

294 1872 467 1916 litteras
504 1873 770 1917 incumbere
807 1873 956 1929 coepit
994 1874 1038 1915 in
1079 1873 1316 1929 Hispania,
1358 1873 1523 1935 deinde
1564 1874 1609 1916 in
1643 1858 1935 1918 celeberrima

294 1950 416 1992 orbis
450 1950 616 2006 xpiani.
655 1951 886 1993 academia
920 1951 1173 2007 parisiensi,
1209 1951 1402 2007 primum
1437 1959 1558 1994 artes
1580 1951 1804 2002 liberales,
1839 1957 1933 1994 tum

295 2027 570 2083 theologiam
595 2028 761 2070 multos
791 2043 935 2071 annos
967 2028 1142 2072 audiuit
1171 2043 1350 2070 summa
1383 2028 1521 2070 animi
1555 2027 1848 2072 contentione
1881 2042 1934 2071 ac

294 2103 550 2147 constantia
572 2103 810 2159 singulari,
835 2104 1054 2149 exercitio
1077 2113 1122 2149 et
1146 2105 1313 2147 fructu.
1344 2107 1452 2148 Post
1475 2112 1741 2147 consumata
1763 2104 1932 2156 studia,

294 2180 525 2236 congessit
557 2180 857 2225 delibationes
888 2181 986 2225 illas
1015 2182 1335 2226 exercitiorum
1364 2182 1546 2238 primas,
1579 2181 1750 2224 addidit
1773 2182 1932 2233 multa,

293 2257 482 2312 digessit
505 2257 672 2309 omnia,
699 2258 824 2301 dedit
845 2258 1147 2302 examinanda
1177 2266 1221 2302 et
1251 2259 1495 2302 iudicanda
1526 2259 1567 2302 16
1591 2258 1688 2302 sedi
1717 2257 1931 2313 apostoli-

293 2348 387 2377 cae.
416 2334 541 2389 Quid
565 2349 687 2377 nunc
709 2335 843 2378 dicis?
866 2335 991 2391 Quid
1014 2335 1190 2392 colligis
1219 2337 1341 2391 quod
1371 2336 1542 2380 litteras
1572 2334 1782 2386 nesciuit,
1815 2335 1934 2378 bone

295 2412 450 2453 Pater?
474 2426 563 2454 non
587 2412 734 2467 potuit
757 2412 894 2457 latine
917 2412 1135 2456 scribere?
1160 2412 1332 2464 Potuit,
1358 2414 1438 2456 sed
1468 2412 1629 2463 noluit,
1664 2419 1712 2454 vt
1741 2411 1932 2467 simplici

293 2502 505 2532 sermone
528 2487 545 2512 b

383 2563 470 2610 Ful.
504 2565 615 2620 165Γ.
651 2566 857 2608 Dicimus
879 2574 1114 2622 praeterea
1152 2568 1316 2622 absque
1353 2567 1623 2623 dzfferentz'a
1655 2579 1736 2608 nos
1769 2565 1933 2607 habere

363 2753 378 2768 ³·
430 2743 665 2779 meditiones
693 2756 763 2780 ms.
817 2765 845 2769 --
866 2746 883 2771 b
912 2745 1059 2781 Ultima
1094 2753 1136 2779 10
1167 2746 1286 2780 verba
1317 2745 1525 2780 obliterata
1551 2750 1656 2779 sunt.
1685 2744 1760 2778 Hic
1785 2742 1930 2778 desinit

293 2801 413 2845 prima
440 2813 526 2847 pars
546 2804 764 2848 apologiae,
782 2815 882 2850 quae
901 2803 1146 2840 desideratur
1165 2804 1204 2840 in
1223 2805 1290 2839 alt.
1312 2814 1391 2846 ex.;
1411 2809 1451 2839 et
1468 2809 1686 2850 sequuntur
1703 2814 1763 2847 ea,
1782 2813 1882 2849 quae
1907 2812 1929 2837 a

292 2860 401 2894 nobis
417 2860 496 2905 jam
516 2861 620 2896 edita
640 2869 731 2897 sunt
750 2863 851 2908 apud
871 2863 1121 2909 POLANCUM,
1145 2862 1307 2905 Chron„
1330 2863 1400 2908 III,
1422 2871 1506 2908 527,
1524 2874 1624 2909 quae
1649 2862 1703 2897 ita
1722 2861 1926 2908 incipiunt:

291 2918 452 2964 ‹·Perge.
475 2920 573 2954 Item
594 2923 688 2963 mas,
720 2933 762 2957 se
790 2923 838 2957 ha
863 2921 912 2957 de
939 2928 1122 2959 notar...»
1147 2923 1316 2960 Desinit:
1339 2921 1611 2968 «beneplacito
1629 2926 1669 2956 et
1687 2932 1818 2956 amore
1836 2920 1926 2958 Dei:

291 2977 456 3013 dicimus
477 2978 654 3026 “absque
673 2980 970 3028 differentia„.»
984 2994 1085 3029 quae
1101 2982 1236 3017 ultima
1256 2983 1376 3017 verba
1394 2987 1434 3016 et
1449 2980 1723 3028 praecedentia
1738 2979 1801 3015 hic
1819 2990 1928 3026 repe-

294 3036 362 3070 tita
381 3038 517 3081 habes,
538 3039 586 3073 ab
606 3038 682 3074 illis
703 3040 903 3076 «Dicimus
923 3047 1195 3088 praeterea...»
