2028 3426
691 278 870 313 Nonm.
897 287 1084 314 conicum
1604 283 1648 327 87

73 379 123 415 tis
141 377 278 414 titulus
304 383 377 414 est:
408 378 596 426 «Quanto
622 379 658 415 al
685 380 855 416 seruieio
882 391 933 416 en
960 380 995 416 el
1026 392 1199 418 comer.»
1228 379 1317 439 Ine.⁸
1346 392 1403 419 «Ι.
1433 382 1606 431 Apareje
1638 386 1695 421 las

22 491 26 494 ,
73 460 265 486 mesas...»
290 449 385 486 Des.
409 465 469 486 «...
491 449 514 486 a
534 450 634 487 Dios
654 462 704 487 en
725 463 794 487 sus
814 451 1000 499 pobres.»
1019 451 1261 488 Additiones
1276 452 1353 489 inc.
1372 453 1539 490 «Piense
1556 467 1580 502 y
1597 467 1694 491 eon-

73 520 126 556 si'e
145 530 195 555 en
214 519 378 556 Dios...»
400 519 496 557 Des.
521 535 580 557 «...
602 521 733 558 auisar
753 521 897 558 dello.»

79 593 91 601 ‘
151 589 235 626 Fol.
257 589 338 628 Sor:
366 589 535 627 «Officio
552 592 617 628 del
633 592 917 639 expertador.»
936 593 1017 630 Ine.
1040 610 1052 624 «τ
1067 604 1097 631 Ι.
1115 594 1258 630 Piense
1273 607 1297 643 y
1314 595 1447 631 consie
1463 606 1513 631 en
1530 595 1693 633 Dios...»

73 660 168 705 Des.
191 676 250 698 «...
271 661 307 697 el
327 661 584 699 vicerector.»
608 662 644 699 A
665 663 731 700 fol.
754 671 799 712 75
823 665 1046 711 hucusque,
1067 665 1211 701 eadem
1231 677 1386 711 manus,
1408 666 1567 702 diversa
1586 678 1608 702 a
1629 679 1695 703 su-

73 731 309 780 perioribUS,
336 738 514 779 apparet.
544 733 739 780 Ejusdem
758 735 950 782 temporis
977 740 1016 772 et
1041 736 1204 772 rationis
1224 748 1270 772 ae
1292 737 1519 784 superiores
1539 738 1614 774 hae
1636 749 1697 774 re-

56 801 191 851 *gulae
209 801 408 856 videntur.

151 872 237 910 Fol.
259 873 441 919 81r-82v,
462 873 663 911 habentur
683 875 958 912 ordinationes
979 877 1181 923 antiquae,
1203 877 1254 913 de
1274 883 1470 926 tempore,
1491 891 1573 926 quo
1601 880 1696 916 scri-

73 942 168 981 bere
187 943 394 981 debebant
412 946 638 992 superiores
660 946 922 995 collegiorum
942 947 1175 984 Lusitaniae
1196 949 1246 985 ad
1267 949 1510 997 generalem,
1530 952 1694 997 provin-

74 1013 214 1052 cialem
235 1020 275 1051 et
294 1016 625 1053 commissarium.
646 1017 792 1054 Manus
813 1018 957 1055 eadem
976 1019 1091 1064 redit,
1107 1031 1212 1066 quae
1233 1020 1325 1056 folia
1347 1030 1368 1056 2
1375 1030 1525 1069 30-294
1545 1022 1698 1069 primae

73 1086 195 1133 partis
214 1086 334 1134 hujus
354 1086 507 1123 codicis
528 1087 697 1135 scripsit.
719 1088 800 1125 Ine.
825 1088 1004 1126 «Ordem
1026 1090 1077 1126 de
1098 1101 1285 1127 escreuer
1304 1103 1353 1127 ao
1375 1092 1504 1128 Padre
1521 1093 1694 1141 geral...»

74 1156 168 1194 Des.
191 1172 251 1194 «...
272 1169 325 1194 no
345 1157 413 1194 fim
434 1158 485 1194 de
504 1158 629 1204 Abril,
649 1153 807 1208 Agosto
829 1171 850 1196 e
870 1160 1135 1198 Dezembro.»

152 1227 238 1266 Fol.
260 1228 434 1277 83r-84r,
458 1228 717 1268 «Cozinero.»
739 1231 823 1268 Sub
845 1232 923 1268 hoc
943 1232 1071 1278 titulo,
1093 1233 1292 1270 habentur
1317 1235 1505 1281 antiquae
1532 1236 1697 1284 regulae

76 1300 207 1348 coqui,
237 1299 288 1336 ab
319 1299 466 1336 eodem
495 1300 655 1337 librario
682 1302 869 1350 scriptae,
896 1303 963 1349 qui
993 1303 1152 1352 regulas
1172 1306 1366 1352 emptoris
1387 1310 1427 1342 et
1447 1305 1542 1342 alias
1562 1306 1698 1354 plures
1729 1335 1733 1338 .

74 1371 265 1409 exaravit.
287 1371 368 1408 Ine.
379 1380 452 1408 1¹·«1.
475 1371 618 1408 Piense
639 1385 664 1420 y
685 1373 817 1409 eonfi'e
837 1385 888 1409 en
908 1373 1068 1412 Dios...»
1093 1375 1189 1412 Des.
1211 1376 1286 1412 alia
1302 1388 1436 1413 manu:
1532 1383 1697 1415 nuestro

75 1441 201 1480 Sefior
219 1441 255 1478 le
276 1428 460 1479 man-da.»
1393 1491 1395 1493 ¹

151 1512 235 1550 Fol.
257 1512 440 1559 84r-85v,
460 1513 717 1550 continentur
736 1515 938 1561 quaedam
958 1517 1110 1553 monita
1131 1529 1203 1564 pro
1219 1518 1418 1566 magistris
1435 1518 1698 1568 collegiorum

68 1583 239 1629 Romae,
259 1583 392 1620 italico
413 1595 599 1620 sermone
620 1585 780 1632 scripta,
801 1597 906 1632 quae
926 1586 1188 1634 probabiliter
1213 1600 1305 1625 cum
1330 1589 1415 1626 aliis
1442 1590 1697 1627 documentis

75 1654 125 1691 ad
143 1653 336 1691 lusitanos
356 1655 476 1691 missa
497 1660 601 1701 sunt,
621 1667 694 1702 pro
714 1657 997 1705 magistrorum
1023 1658 1256 1696 directione.
1283 1660 1429 1697 Manus
1449 1672 1471 1696 a
1496 1661 1698 1708 prioribus

74 1736 235 1773 prorsus
256 1725 426 1763 diversa.
449 1724 609 1762 Titulus
630 1731 691 1763 est
706 1727 949 1774 hujusmodi:
968 1728 1105 1765 «Auisi
1121 1742 1193 1777 per
1207 1731 1231 1766 li
1247 1731 1420 1768 mastri.»
1438 1732 1520 1769 Ine.
1548 1743 1599 1770 «11.
1617 1733 1695 1769 Fa-

62 1807 198 1832 ssranno
218 1796 254 1832 al
274 1796 471 1844 principio
492 1797 596 1833 delle
616 1797 770 1834 lettioni
791 1799 815 1834 il
837 1799 952 1847 signo
974 1800 1078 1836 della
1099 1813 1283 1838 esoce...»
1311 1802 1407 1839 Des.
1437 1819 1496 1841 «...
1523 1804 1626 1840 virtu
1656 1810 1697 1841 et

75 1865 170 1903 boni
190 1867 396 1904 costumi.»
421 1868 480 1904 Ita
501 1868 648 1905 desinit
666 1869 805 1918 regula
826 1881 898 1906 seu
917 1873 1193 1920 paragraphus
1213 1873 1290 1911 16:2¹
1306 1873 1442 1910 addita
1463 1880 1556 1922 post
1577 1883 1698 1922 15521111,

41 1925 47 1935 ⁸
78 1948 180 1984 quae
199 1938 307 1985 prius
328 1944 413 1975 erat
432 1938 570 1976 ultima
591 1944 631 1976 et
649 1941 760 1977 hisce
779 1941 926 1978 verbis:
954 1942 1084 1979 «Laus
1105 1943 1231 1980 Deo.»
1255 1945 1529 1984 claudebatur.

155 2008 240 2046 Fol.
263 2009 436 2058 87r—90r‚
459 2009 632 2047 «Officio
653 2011 717 2047 del
737 2011 1023 2059 despensero.»
1047 2014 1248 2061 Redeunt,
1264 2015 1350 2052 ‘sub
1377 2017 1455 2053 hoe
1480 2017 1606 2064 titulo,
1633 2030 1696 2055 re-

77 2078 192 2128 gulae
221 2080 479 2127 antiquiores,
510 2081 561 2118 ab
589 2082 736 2118 eodem
761 2082 935 2126 librario,
961 2085 1029 2131 qui
1049 2086 1208 2139 regulas
1236 2087 1369 2134 coqui,
1395 2089 1598 2135 emptoris,
1620 2094 1696 2127 ete.

71 2151 266 2196 exaravit,
299 2156 342 2187 ut
376 2152 559 2199 superius
592 2153 779 2191 vidimus.
815 2154 898 2192 Ine.
935 2155 1027 2192 «En
1060 2156 1135 2193 dos
1169 2168 1286 2194 cosas
1319 2159 1533 2197 consiste...
1548 2177 1560 2191 ÷«-
1598 2160 1695 2198 Des.

68 2235 137 2258 ,«...
161 2232 278 2258 como
298 2221 335 2258 le
355 2223 443 2259 sera
464 2223 709 2261 ordenado.»
733 2225 930 2273 Ejusdem
949 2228 1141 2275 temporis
1161 2240 1207 2265 ac
1228 2229 1380 2266 formae
1400 2241 1447 2267 ac
1469 2232 1697 2278 superiores

70 2291 235 2340 regulae
255 2293 331 2329 hae
352 2304 441 2329 esse
461 2293 661 2340 videntur,
683 2299 722 2332 et
742 2307 764 2331 a
785 2297 930 2333 nostris
951 2297 1071 2346 longe
1092 2298 1289 2337 diversae.
1311 2300 1343 2337 F
1347 2300 1396 2337 ol.
1418 2310 1496 2346 90V
1523 2302 1576 2338 nil
1604 2303 1698 2338 scri-

80 2366 192 2410 ptum
212 2363 346 2401 habet.

155 2433 239 2472 Fol.
261 2444 444 2484 91r-93v‚
466 2435 541 2472 sub
569 2437 798 2474 hoetitulo:
828 2437 993 2475 «Orden
1020 2440 1071 2476 de
1097 2440 1133 2477 la
1161 2442 1360 2478 oracion.»
1391 2443 1474 2480 duo
1500 2444 1700 2481 habentur

57 2512 64 2528 ³
81 2503 336 2543 documenta.
357 2506 533 2544 Primum
554 2512 615 2544 est
633 2507 684 2544 de
705 2513 888 2556 tempore
909 2512 1079 2563 oratipni
1101 2523 1122 2548 a
1143 2513 1308 2562 singulis
1330 2514 1449 2550 sociis
1467 2515 1698 2561 tribuendo,

78 2561 303 2613 'secundum
325 2588 465 2614 eorum
485 2578 667 2626 gradum.
688 2579 871 2617 Alterum
891 2581 943 2617 de
963 2582 1116 2619 ratione
1137 2584 1290 2630 orandi,
1310 2584 1499 2622 Societati
1527 2598 1698 2623 eonsen-

78 2649 206 2684 tanea.
226 2647 360 2685 Ambo
381 2653 516 2685 autem
537 2661 559 2685 a
580 2649 622 2686 P.
643 2650 774 2687 Natali
796 2651 980 2689 confecta
1000 2658 1040 2690 et
1059 2665 1152 2691 cum
1167 2655 1386 2703 Hispaniae
1401 2668 1448 2693 ac
1464 2657 1699 2694 Lusitaniae

52 2699 57 2706 .
79 2717 196 2753 sociis
215 2712 508 2756 communicata
529 2720 651 2757 fuisse
671 2726 824 2758 certum
844 2723 1014 2761 videtur.
1036 2725 1221 2771 Primum,
1238 2727 1348 2773 quod
1365 2727 1416 2764 ad
1433 2728 1699 2765 substantiam

43 2792 45 2794 '
66 2782 227 2841 :attinen
246 2789 286 2825 in
306 2789 439 2827 multis
459 2801 552 2827 cum
572 2791 637 2828 illo
658 2793 862 2840 exemplo,
889 2794 1000 2840 quod
1026 2795 1066 2831 in
1093 2796 1212 2844 hujus
1239 2797 1390 2834 codicis
1416 2799 1547 2845 prima,
1572 2804 1698 2846 parte,

80 2856 246 2905 ff..9-11‚
272 2860 569 2908 descripsimus,
597 2863 830 2901 coneordat.
858 2864 1039 2902 Alterum
1066 2872 1127 2903 est
1156 2869 1436 2916 apographum
1465 2870 1698 2906 documenti

31 2920 34 2921 ⁷
66 2930 315 2978 ³autographi
344 2931 469 2978 ipsius
499 2932 664 2979 Natalis,
694 2934 805 2980 quod
835 2935 1006 2973 habetur
1025 2937 1063 2973 in
1095 2936 1186 2974 Cod.
1226 2938 1346 2976 Vatic.
1376 2937 1411 2984 ό,
1440 2940 1479 2976 ff.
1508 2950 1698 2988 404-407.

81 2996 236 3046 Manus,
257 3001 383 3049 ignoti
402 3002 561 3048 librarii,
582 3009 622 3040 et
641 3015 663 3040 a
684 3005 884 3055 prioribus
905 3006 1063 3044 diversa
1083 3014 1155 3045 est.
1173 3009 1325 3046 Natalis
1341 3015 1473 3047 autem
1491 3012 1700 3058 scriptura,

83 3069 123 3105 ni
143 3069 322 3118 fallimur,
337 3077 398 3109 ter
413 3079 480 3110 aut
500 3079 642 3120 quater
660 3075 698 3111 in
721 3077 1073 3114 emendationibus
1095 3081 1351 3127 conspicitur.
1370 3081 1479 3117 Prior
1493 3093 1583 3128 pars
1601 3082 1699 3118 inci-
