2028 3426
357 225 428 270 430
830 226 985 260 PATms
1013 225 1256 261 Hu-:Ronvm
1282 224 1432 261 NADAL

311 335 473 384 genter
509 327 710 372 studebit
748 327 1002 383 intelligere
1038 326 1285 382 diplomata
1321 327 1533 380 instituti,
1574 326 1942 379 constitutioneS,

311 405 493 449 decreta
510 404 879 461 congregationis
895 403 1138 460 generalis,
1154 405 1353 461 regulas,
1368 411 1573 460 receptas
1589 405 1946 449 consuetudines

307 489 354 526 et
373 481 635 526 traditiones
657 481 911 533 Sacietatis;
938 482 994 524 ad
1017 482 1131 525 haec
1149 481 1443 538 intelligenda
1467 481 1540 526 160
1558 482 1806 534 adhibebit,
1827 497 1944 537 quae

310 559 475 615 poterit
504 560 635 611 seire,
661 561 716 601 de
740 557 996 610 vocatione,
1017 558 1108 601 vita
1132 565 1177 601 et
1199 558 1312 601 actis
1337 561 1388 602 P.
1415 558 1603 615 Ignatii,
1629 560 1685 602 de
1708 557 1947 603 Societatis

310 637 576 680 fundatione
614 650 665 679 ae
699 650 943 691 progressu
976 649 1120 690 vsque
1151 636 1208 678 ad
1241 644 1525 691 praesentem
1559 642 1770 688 aetatem,
1796 635 1948 678 omnia

310 728 418 757 vero
446 721 644 769 exponat
668 713 792 754 iuxta
816 712 1064 768 praesentis
1087 712 1312 767 generalis
1335 712 1577 769 praepositi
1601 712 1947 769 intelligentiam

311 798 355 834 et
394 790 790 847 gubernationem.

402 869 566 910 Exerat
588 875 723 921 atque
746 874 954 910 exerceat
977 866 1022 908 in
1045 866 1379 923 gubernatione
1403 874 1495 911 tota
1513 866 1796 918 charitatem,
1817 866 1941 911 beni-

311 945 530 997 gnitatem
561 952 605 986 et
637 943 1032 987 mansuetudinem
1063 943 1232 987 Christi
1261 945 1378 996 Iesu,
1414 944 1536 988 Petri
1568 952 1612 987 et
1645 943 1791 996 Pauli,
1826 951 1874 986 vt
1903 943 1947 986 in

312 1022 507 1064 formula
529 1028 573 1063 et
597 1020 937 1063 confirmatione
960 1020 1155 1064 instituti
1178 1020 1500 1076 praescribitur
1523 1020 1725 1077 generali
1754 1035 1948 1077 praepo-

311 1099 411 1141 sito.
439 1099 554 1140 Nam
578 1112 680 1140 cum
705 1111 804 1141 esse
826 1097 989 1140 debeat
1011 1097 1283 1153 gubernatio
1308 1097 1548 1142 Societatis
1568 1097 1694 1141 fortis
1712 1105 1756 1141 et
1773 1097 1944 1150 suauis;

312 1175 622 1218 fortitudinem
659 1174 956 1230 intelligimus
984 1173 1282 1218 constantiam
1311 1189 1364 1217 ac
1394 1174 1652 1218 firmitatem
1682 1175 1727 1217 in
1757 1175 1948 1219 veritate

311 1253 483 1305 gratiae
506 1259 550 1294 et
573 1236 823 1294 vocationis
846 1258 1028 1294 nostrae
1046 1258 1091 1295 et
1108 1251 1210 1294 finis
1227 1251 1483 1303 societatis,
1505 1252 1549 1294 in
1567 1251 1802 1308 disciplina
1821 1251 1946 1295 insti-

312 1329 412 1381 tuti,
432 1337 476 1372 et
495 1328 814 1371 obseruatione
829 1327 1203 1371 constitutionum
1219 1336 1264 1372 et
1279 1329 1559 1385 regularum,
1580 1336 1626 1373 et
1642 1328 1948 1383 exequutione

310 1406 510 1449 omnium
533 1405 800 1457 mediorum,
828 1418 944 1460 quae
966 1405 1022 1447 ad
1046 1405 1181 1448 finem
1203 1405 1443 1450 Societatis
1466 1406 1855 1461 consequendum,
1876 1406 1950 1449 vel

311 1483 563 1526 necessaria
586 1490 709 1534 sunt,
735 1483 807 1526 vel
829 1481 970 1525 Vtilia.
998 1482 1064 1524 Ita
1086 1489 1235 1525 tamen
1259 1490 1307 1524 vt
1330 1496 1385 1524 ex
1408 1482 1643 1536 charitate,
1664 1481 1950 1539 benignitate

309 1567 353 1601 et
378 1559 434 1604 161
457 1559 808 1604 mansuetudine
837 1559 1149 1615 proficiscatur
1177 1574 1285 1613 usus
1316 1559 1389 1601 ille
1419 1559 1693 1602 fortitudinis
1724 1567 1769 1602 et
1799 1559 1948 1602 distri·

310 1636 474 1679 ctionis
496 1645 540 1680 et
563 1636 841 1692 disciplinae,
866 1646 914 1678 vt
936 1636 981 1678 in
1004 1637 1153 1692 rigore
1176 1636 1309 1680 etiam
1333 1636 1451 1692 ipso,
1478 1636 1554 1692 qui
1578 1637 1862 1680 necessarius
1880 1646 1949 1682 est

311 1714 569 1768 aliquando,
596 1715 773 1757 eluceat
796 1721 948 1758 tamen
971 1713 1157 1770 spiritus
1180 1713 1411 1756 charitatis
1439 1721 1484 1757 et
1513 1715 1874 1759 mansuetudinis
1903 1715 1947 1758 in

312 1791 511 1834 Christo.
534 1793 648 1833 Nam
674 1791 972 1835 neeessariam
991 1798 1007 1815 ³
1029 1805 1128 1835 esse
1146 1805 1471 1846 nonnunquam
1491 1791 1754 1847 disciplinae
1776 1792 1946 1836 seueri-

313 1876 467 1922 tatem,
494 1870 645 1911 nullus
667 1876 751 1920 est,
779 1868 854 1924 qui
878 1868 1086 1911 dubitare
1107 1870 1264 1925 possit.

399 1947 636 1988 Postremo
660 1945 769 1988 illud
792 1945 955 1997 dicam,
982 1947 1103 2001 quod
1127 1946 1319 2001 primum
1338 1954 1406 1989 est
1424 1947 1468 1989 in
1488 1955 1582 1990 toto
1602 1947 1796 2003 negocio
1814 1948 1948 1991 officii

313 2022 740 2078 superintendentis,
767 2030 815 2064 vt
837 2011 1033 2078 pendeat
1057 2029 1163 2065 actu
1186 2030 1230 2067 et
1253 2023 1434 2078 quidem
1459 2025 1718 2078 frequenter
1746 2039 1771 2067 a
1805 2039 1946 2080 gene-

308 2099 388 2141 rali
418 2099 689 2154 praeposito,
723 2099 759 2141 si
788 2101 958 2142 Romae
985 2099 1119 2142 fuerit
1148 2099 1543 2155 superintendens,
1570 2101 1640 2144 vel
1671 2116 1697 2144 a
1725 2115 1809 2144 suo
1841 2116 1946 2157 pro-

309 2175 506 2218 uinciali.
536 2178 666 2218 Petat
690 2190 797 2218 vero
826 2178 882 2219 ab
911 2176 1002 2229 illo,
1028 2191 1100 2229 ne,
1127 2177 1250 2231 quod
1273 2177 1327 2219 sit
1351 2177 1605 2220 ordinatum
1632 2177 1675 2220 in
1700 2179 1899 2235 collegio
1921 2194 1947 2222 a

307 2253 724 2309 superintendentes,
766 2253 801 2295 si
840 2254 1105 2296 mutandum
1147 2254 1368 2306 videatur,
1410 2255 1471 2297 ita
1509 2262 1726 2307 mutetur,
1770 2263 1817 2297 vt
1855 2270 1945 2298 non

306 2329 511 2373 videatur
529 2330 779 2372 authoritas
797 2330 1230 2385 superintendentis,
1251 2332 1400 2385 quoad
1418 2331 1515 2374 eius
1534 2332 1630 2374 fieri
1647 2332 1829 2388 poterit,
1847 2347 1946 2377 esse

306 2407 556 2450 imminuta.
584 2408 694 2448 Illud
720 2415 951 2462 praeterea
980 2408 1193 2462 postulet,
1226 2416 1274 2450 vt
1303 2408 1339 2451 si
1369 2423 1503 2463 quem
1535 2417 1667 2451 vocat
1697 2424 1722 2452 e
1752 2409 1946 2466 collegio

305 2484 530 2535 generalis
553 2485 623 2527 vel
649 2483 952 2539 prouincialis,
980 2484 1015 2526 si
1040 2485 1146 2538 quid
1169 2485 1344 2537 statuit,
1371 2494 1419 2527 vt
1438 2486 1481 2528 id
1504 2486 1698 2541 primurn
1717 2486 1946 2542 significet

305 2561 696 2617 superintendenti
716 2561 767 2617 (si
786 2561 1023 2615 videatur),
1047 2577 1118 2612 ne,
1140 2562 1176 2603 si
1195 2562 1269 2604 illo
1293 2563 1450 2615 inscio,
1473 2563 1547 2607 162
1564 2564 1636 2605 vel
1654 2564 1788 2606 domo
1811 2577 1946 2619 egre-

304 2638 500 2689 diantur,
527 2638 601 2692 qui
627 2638 668 2680 in
695 2637 887 2693 collegio
912 2645 1033 2690 sunt,
1061 2639 1130 2681 vel
1160 2639 1344 2681 omnino
1374 2639 1543 2695 aliquid
1576 2647 1819 2692 statuatur,
1850 2641 1945 2683 col-

305 2714 409 2771 legii
427 2715 698 2771 gubernatio
717 2715 927 2759 vnionem
946 2715 1154 2758 videatur
1173 2731 1260 2758 non
1285 2724 1453 2768 tenere,
1474 2724 1519 2759 et
1537 2716 1776 2773 contingat
1795 2718 1945 2761 facere

306 2792 767 2847 <uperintendentem,
795 2803 839 2836 et
862 2793 981 2835 bona
1004 2791 1185 2847 quidem
1206 2793 1310 2844 fide,
1331 2802 1488 2836 contra
1508 2808 1641 2849 quarn
1661 2793 1843 2838 iusserit
1861 2809 1944 2850 ge-

306 2869 469 2911 neralis
491 2871 563 2912 vel
587 2869 893 2925 prouincialis.

383 3047 389 3060 ¹-
419 3035 685 3070 necessarium
707 3046 778 3070 ms.
