2028 3426
342 228 411 264 704
813 219 970 256 PATms
997 219 1242 255 H1ERONYM1
1269 218 1421 254 NADAL

295 336 354 365 no
397 323 433 361 ¹»
466 329 553 364 etc.
588 323 644 364 Et
675 321 796 364 alibi:
833 323 1074 377 «Regnum
1109 321 1194 365 Dei
1226 320 1400 376 (inquit)
1440 319 1634 372 iusticia,
1668 328 1713 365 et
1743 336 1846 377 pax,
1888 331 1931 367 et

294 399 513 455 gaudium
537 398 581 441 in
605 405 763 442 sancto
783 398 954 454 Spiritu
973 399 1035 441 Ξ.»
1059 399 1115 440 Et
1134 412 1330 450 rursum,
1351 397 1548 454 Spiritus
1568 398 1742 441 fructus
1765 398 1934 454 primos

295 476 403 519 dicit
432 475 715 529 charitatem,
749 484 843 518 tum
873 475 1110 531 gaudium,
1143 475 1306 519 deinde
1335 489 1492 531 pacem
1526 476 1560 519 ³.
1593 475 1714 518 Hinc
1752 476 1796 518 in
1835 476 1934 520 aliis

295 552 519 596 fructibus
544 559 852 608 temperantur
874 554 1066 596 affectus
1089 552 1133 594 in
1159 551 1392 608 patientia,
1418 559 1507 595 etc.

383 629 472 674 206
492 630 607 672 Cum
633 629 836 671 auditum
861 636 981 673 esset
1004 637 1186 685 propter
1204 629 1475 673 delationem
1499 629 1735 672 cuiusdam
1753 629 1933 673 dedisse

294 706 658 750 commissionem
683 721 842 761 papam
873 706 1089 749 cardinali
1114 708 1345 749 Reomano
1368 714 1412 749 et
1438 705 1659 751 Tranensi
1683 714 1731 748 vt
1760 706 1931 749 vicario

297 783 420 826 Patri
446 785 626 838 Laynez
649 783 901 827 indicerent
925 783 1107 826 nomine
1131 797 1230 835 suo,
1251 790 1300 825 vt
1316 782 1424 839 ipsis
1443 782 1676 827 exhiberet
1694 783 1843 826 omnia
1861 798 1933 826 reu

297 861 464 916 scripta
487 860 733 915 apostolica
761 867 806 902 et
836 860 1202 913 constitutiones,
1227 867 1272 903 et
1301 859 1485 902 nomina
1515 859 1683 909 omnia,
1710 866 1935 915 quotquot

296 952 455 980 sumus
479 939 663 989 Romae3
689 944 940 992 praeterea,
968 952 1024 980 ne
1047 937 1147 992 quis
1171 938 1316 980 Roma
1339 936 1435 980 sine
1458 936 1640 980 licentia
1659 937 1770 981 Smi.
1797 951 1931 992 egre—

297 1015 496 1065 deretur;
524 1013 724 1069 quidam,
750 1028 854 1056 cum
879 1021 1011 1058 antea
1036 1014 1266 1057 desolatus
1297 1014 1472 1066 fuisset,
1499 1020 1642 1056 totum
1667 1028 1770 1056 eum
1794 1013 1930 1065 diem,

299 1091 375 1146 qui
400 1091 483 1133 fuit
513 1092 562 1134 18
579 1090 690 1148 Julii
720 1102 846 1145 1557,
874 1099 918 1134 et
941 1092 1055 1134 duos
1078 1099 1156 1134 aut
1181 1105 1204 1146 3
1228 1098 1472 1146 sequentes
1495 1091 1607 1143 dies,
1636 1099 1806 1134 tantam
1830 1104 1932 1133 sen-

299 1169 356 1212 sit
400 1167 756 1212 consolationem
796 1167 980 1223 spiritus
1019 1176 1062 1212 et
1106 1168 1324 1223 gaudium
1368 1176 1413 1213 et
1449 1182 1633 1212 sensum
1658 1168 1930 1220 >Societatis,

299 1245 561 1302 praesertim
586 1259 694 1288 vero
716 1244 820 1287 finis
843 1244 1084 1289 Societatis
1107 1253 1152 1287 et
1174 1246 1454 1289 substantiae
1476 1245 1618 1301 ipsius
1647 1245 1859 1297 instituti,
1886 1253 1934 1287 vt

299 1338 389 1365 non
414 1322 554 1377 possit
579 1336 761 1364 sensum
787 1322 1054 1377 exprimere,
1075 1337 1208 1378 quem
1233 1330 1478 1377 Vtcumque
1500 1323 1759 1378 lachrymae
1781 1322 1932 1378 expri—

300 1401 497 1442 mebant:
526 1399 581 1442 ad
603 1401 732 1451 haec,
759 1400 928 1442 nullam
952 1400 1100 1455 potuit
1130 1400 1175 1442 in
1198 1414 1250 1443 ea
1273 1414 1320 1442 re
1343 1399 1654 1442 difficultatem
1679 1398 1862 1451 sentire,
1889 1407 1935 1442 et

299 1492 356 1520 ne
381 1476 614 1518 minimum
639 1476 819 1531 quidem
849 1491 1032 1519 sensum
1058 1477 1230 1520 timoris
1259 1477 1512 1532 concipere.
1546 1478 1661 1520 Nam
1686 1477 1722 1519 si
1752 1477 1934 1532 quando

299 1554 355 1596 ad
377 1554 666 1597 difficultates
695 1561 740 1598 et
762 1554 962 1610 pericula
985 1562 1030 1596 et
1054 1554 1259 1598 timorem
1286 1554 1488 1598 animum
1518 1554 1655 1598 vellet
1677 1554 1930 1605 intendere,

300 1630 411 1673 nihil
433 1632 596 1673 horum
622 1638 799 1687 poterat
831 1645 1086 1683 occurrere,
1113 1632 1191 1674 sed
1229 1639 1384 1674 contra
1422 1632 1498 1673 lux
1529 1632 1749 1686 quaedam
1782 1637 1827 1673 et
1849 1636 1932 1677 207

299 1709 435 1750 decor
458 1708 628 1761 suauis3
655 1716 700 1751 et
739 1708 977 1752 videbatur
1005 1708 1253 1751 similitudo
1275 1709 1514 1763 quaedam,
1542 1709 1670 1763 quasi
1699 1708 1931 1751 cuiusdam

298 1784 491 1828 aedificii
516 1785 756 1829 marmorei
779 1785 1097 1841 speciosissimi
1121 1799 1173 1828 ac
1195 1785 1501 1828 candidissimi
1526 1794 1558 1837 ἃ,
1586 1785 1718 1828 cuius
1752 1799 1834 1828 nec
1866 1785 1932 1827 vi-

297 1863 490 1905 debatur
513 1862 801 1918 principium,
828 1876 912 1905 nec
936 1862 1055 1914 finis,
1083 1876 1166 1905 nec
1189 1862 1363 1919 species
1385 1862 1602 1906 declarari
1620 1861 1819 1906 definite.
1842 1863 1931 1906 Sed

297 1941 408 1982 haec
433 1939 515 1981 tria
538 1939 764 1983 sentiebat
787 1940 924 1982 corde
953 1954 1052 1983 esse
1075 1939 1343 1982 abscondita
1373 1954 1475 1982 cum
1500 1941 1618 1995 Xpo.
1651 1939 1694 1981 in
1719 1941 1832 1990 Deo,
1858 1939 1931 1981 cui

297 2016 355 2058 sit
379 2016 521 2072 gloria
544 2016 720 2059 infinita
738 2017 782 2058 in
806 2023 1056 2059 aeternum.
1083 2023 1184 2068 ἀμὴν.
1205 2010 1355 2059 Amen
1376 2016 1410 2058 ¹³.

386 2093 573 2148 Recepit
596 2100 611 2118 0
634 2093 752 2137 idern
776 2093 850 2135 illo
873 2092 1012 2135 biduo
1036 2108 1226 2149 magnas
1249 2093 1410 2136 mentis
1432 2093 1770 2146 illustrationes;
1795 2107 1929 2136 vnam

296 2169 479 2224 quidem
503 2171 559 2212 de
581 2170 956 2226 productionibus
973 2170 1155 2223 diuinis,
1177 2185 1310 2226 quam
1334 2170 1557 2227 explicare
1575 2185 1666 2213 non
1689 2177 1853 2226 potest;
1875 2186 1928 2214 ex

299 2261 387 2301 qua
414 2253 563 2290 tamen
597 2255 766 2289 tantam
795 2247 936 2291 sensit
966 2247 1010 2289 in
1040 2262 1094 2291 eo
1122 2247 1312 2290 articulo
1344 2246 1747 2298 confirmationem,
1775 2253 1822 2288 vt
1844 2245 1928 2289 sibi

297 2322 525 2366 videretur
555 2331 757 2379 apertum
788 2324 961 2366 donum
1000 2324 1274 2368 intellectus.
1307 2325 1433 2376 Item,
1466 2324 1607 2367 sensit
1636 2323 1929 2379 quemadmo-

297 2400 404 2442 dum
429 2408 474 2444 et
496 2407 564 2443 est
586 2400 714 2442 cibus
738 2400 913 2444 animae
936 2400 1224 2453 eucharistia,
1249 2408 1294 2443 et
1317 2399 1422 2443 vnio
1445 2400 1661 2451 fidelium,
1683 2408 1769 2442 etc.
1798 2400 1926 2451 Item,

297 2476 606 2533 cognitionem
637 2476 868 2519 clariorem
900 2478 1074 2533 accepit
1114 2491 1299 2520 suorum
1327 2485 1636 2533 peccatorum,
1664 2477 1926 2532 praesertim

295 2553 339 2595 in
364 2552 627 2609 accipienda
650 2552 927 2609 poenitentia
951 2568 1030 2609 pro
1052 2553 1154 2605 illis,
1182 2568 1298 2609 quae
1327 2553 1411 2596 sibi
1442 2553 1678 2596 videbatur
1707 2552 1918 2596 suauissi-

296 2645 383 2683 ma;
410 2629 623 2674 breuiter:
650 2644 862 2685 magnam
885 2631 1031 2673 lucem
1055 2630 1099 2672 in
1124 2631 1259 2674 rebus
1282 2629 1493 2674 omnibus
1514 2638 1559 2674 et
1582 2631 1759 2674 fortem.

385 2706 476 2750 2⁰8
509 2708 578 2750 De
615 2707 757 2749 Paulo
781 2716 942 2761 quarto
967 2706 1077 2748 nihil
1107 2706 1254 2762 potuit
1282 2707 1462 2750 sinistre
1490 2706 1708 2762 cogitare,
1736 2705 1848 2748 nihil
1871 2707 1927 2748 ab

297 2784 372 2825 illo
396 2784 571 2835 timere,
599 2785 677 2826 sed
702 2783 854 2825 nescio
877 2798 967 2838 quo
991 2791 1186 2826 attractu
1211 2783 1442 2839 superiore
1466 2790 1758 2839 praeuentus,
1784 2781 1829 2824 in
1855 2797 1927 2826 re-

367 2929 382 2944 =¹
433 2918 711 2953 condidissimi
730 2930 800 2955 ms,
855 2920 920 2944 —¹›
947 2918 1025 2953 Sic.
1077 2927 1141 2945 -c
1170 2917 1324 2964 Recipit
1349 2929 1420 2953 ms.

372 3030 377 3047 ¹
432 3026 604 3069 Pfflmp„
627 3026 746 3070 1V,4.
943 3029 956 3047 ²
1007 3027 1131 3071 Rom,
1157 3026 1259 3069 XIV,
1285 3034 1338 3070 17·
1534 3027 1548 3048 ⁵
1599 3028 1777 3071 GALAT.,
1798 3026 1847 3071 V,
1867 3036 1922 3063 22.
