2028 3426
592 241 826 279 ORATloNIS
853 251 1291 288 OBSERVAT10NEs—7o
1638 254 1707 290 709

115 343 294 388 etiamsi
315 344 392 386 dat
414 343 640 396 vnionem,
667 343 864 398 perfecta
889 350 1038 386 tamen
1062 344 1166 385 vnio
1189 352 1233 386 et
1256 359 1505 388 concursus
1534 346 1617 388 Dei
1647 360 1751 401 per-

120 423 266 465 fectus
293 434 372 476 per
399 419 664 463 charitatem
698 419 879 475 respicit
907 421 964 462 ad
992 421 1126 463 fidem
1154 420 1341 475 eiusque
1365 429 1566 464 sanctam
1590 437 1750 478 opera-

117 498 309 549 tionem,
341 504 389 539 vt
418 497 476 539 ad
503 496 773 552 principium
802 504 847 540 et
870 496 1088 547 radicem,
1124 512 1213 539 non
1244 504 1292 538 vt
1321 498 1377 539 ad
1406 499 1747 553 perfectionem.

121 574 242 617 Hinc
276 575 326 616 fit
359 581 406 616 vt
438 573 496 616 sit
528 573 705 615 initium
737 574 849 615 fides
881 573 1026 615 omnis
1058 573 1405 624 iustificationis,
1442 588 1532 616 non
1572 582 1618 615 vt
1655 576 1749 617 sola

123 650 349 694 iustificet.

207 726 363 788 Itaque
391 727 438 768 in
472 727 573 769 luce
605 734 649 769 et
682 726 900 782 principio
932 727 1035 768 fidei
1070 726 1386 781 acztocipimus
1419 727 1568 769 omnia
1600 742 1748 770 sacra—

118 810 284 855 menta,
305 803 455 846 omnia
476 804 594 845 dona
616 803 717 854 Dei,
743 817 898 845 omnes
922 802 1005 846 Dei
1028 803 1311 858 operationes
1332 818 1431 846 esse
1453 803 1499 844 in
1522 804 1651 846 nobis
1669 819 1749 846 ve->

118 896 189 923 ras
217 888 262 924 et
288 881 512 931 efficaces,
544 887 589 922 et
617 895 782 936 magna
814 879 1112 923 illustratione
1144 880 1460 935 cognoscimus
1494 895 1584 922 non
1616 881 1747 922 iusti-

116 958 251 999 ficare
273 972 354 999 nos
377 957 520 1000 solam
544 957 695 1009 fidem,
727 958 806 1000 sed
834 957 958 1011 quid,
991 971 1081 1011 quo
1109 957 1281 1008 ordine,
1313 956 1358 998 in
1388 956 1518 999 nobis
1548 957 1746 1012 perficiat

116 1033 501 1085 iustificationem,
528 1040 683 1089 aperte
706 1034 1065 1088 contemplamur
1081 1033 1127 1075 in
1144 1034 1331 1076 lumine,

203 1110 251 1154 Si
269 1110 369 1164 quis
387 1117 583 1165 purgato
601 1117 719 1152 esset
737 1109 901 1162 animo,
923 1109 1108 1153 sentiret
1126 1109 1279 1152 diuina
1295 1109 1523 1165 mysteria,
1539 1117 1586 1151 vt
1603 1110 1742 1152 verbo

115 1186 200 1230 Dei
229 1186 428 1230 exterius
456 1187 586 1229 nobis
613 1193 946 1242 proponuntur,
982 1186 1043 1228 ita
1076 1186 1279 1228 interius.
1317 1188 1436 1229 Num
1469 1189 1555 1229 hoc
1591 1186 1744 1228 «Beati

117 1264 288 1306 mundo
312 1264 466 1317 corde,
492 1263 705 1319 quoniam
739 1266 796 1314 ¹»,
823 1271 911 1307 etc.

202 1340 481 1396 Principium
513 1340 651 1383 totius
683 1340 926 1396 spiritualis
960 1339 1094 1391 Vitae,
1131 1340 1287 1403 gratia
1308 1348 1352 1384 et
1391 1340 1534 1382 virtus
1571 1340 1741 1390 diuina,

111 1417 244 1459 cuius
265 1431 428 1460 sensus
449 1417 635 1473 spiritus
663 1417 887 1461 redundat
915 1418 971 1459 ad
999 1431 1076 1459 cor
1103 1432 1156 1459 ac
1185 1417 1393 1470 sentitur3
1424 1417 1528 1459 hinc
1558 1410 1670 1460 fides
1699 1425 1744 1460 et

114 1493 386 1548 reliquarum
424 1493 643 1537 virtutum
682 1494 980 1549 operationes:
1018 1496 1132 1537 haec
1164 1493 1308 1550 gratia
1347 1501 1557 1549 augetur,
1599 1494 1744 1537 donec

112 1571 231 1612 dono
253 1570 339 1614 Dei
360 1570 613 1613 infunditur
634 1572 835 1626 perfecta
857 1570 1019 1626 gratia,
1040 1585 1156 1626 quae
1178 1577 1247 1613 est
1269 1570 1465 1613 charitas
1495 1579 1539 1613 et
1567 1569 1742 1630 iusticia

112 1647 156 1688 in
189 1647 400 1690 cordibus
433 1647 597 1690 nostris
628 1647 888 1699 inhaerens,
924 1661 976 1690 ac
1009 1649 1127 1703 Xpo.
1164 1662 1247 1690 nos
1280 1648 1477 1702 perfecte
1506 1648 1666 1690 vniens
1697 1645 1743 1687 in

109 1723 280 1778 Spiritu
318 1731 495 1776 sanct03
536 1729 622 1770 220
659 1725 781 1767 vnde
819 1738 998 1766 rursum
1041 1739 1265 1766 summum
1308 1730 1431 1767 extat
1475 1722 1767 1778 principium-

111 1800 308 1842 omnium
332 1801 649 1856 operationum
679 1800 724 1842 in
754 1802 868 1845 Deo,
900 1802 966 1843 Ex
994 1802 1080 1843 hac
1109 1800 1367 1856 opera-tione
1398 1799 1538 1843 sensit
1560 1799 1741 1854 quidam

109 1890 320 1932 magnam
342 1877 433 1918 vim
451 1878 508 1919 ad
525 1877 694 1933 optima
711 1892 933 1932 quaeque,
951 1885 995 1919 et
1012 1877 1263 1921 libertatem
1282 1877 1506 1931 quandam
1526 1890 1740 1930 asseque—

108 1953 241 1995 batur
263 1969 315 1997 ac
336 1955 500 2005 lucem,
526 1968 615 2009 qua
636 1961 681 1996 et
710 1953 971 1997 affectiones
999 1953 1135 1996 animi
1165 1968 1217 1996 ac
1248 1953 1518 1995 tentationes
1546 1952 1738 2007 dissipa-
1777 1970 1781 1974 ·

110 2029 296 2082 bantur,
327 2044 380 2072 ac
408 2045 535 2073 suam
565 2030 789 2074 miseriam
818 2045 871 2073 ac
899 2037 1083 2086 peccata
1111 2031 1513 2086 contemplaretur,
1550 2029 1739 2072 aliorum

106 2120 196 2148 non
217 2114 384 2162 posset.
412 2109 479 2149 Ex
501 2107 573 2149 his
595 2106 816 2150 intellexit
838 2106 946 2161 quid
975 2107 1032 2148 sit
1060 2108 1195 2149 fidem
1222 2122 1302 2162 per
1330 2106 1597 2149 charitatem
1617 2118 1738 2160 'ope-

105 2182 209 2225 rari.
236 2183 363 2235 Item,
390 2183 497 2238 quid
519 2183 576 2226 sit
600 2184 723 2238 quod
747 2183 897 2238 arguit
920 2185 1084 2239 Xpus:
1116 2182 1266 2237 «Quid
1283 2189 1434 2226 autem
1454 2182 1578 2224 vides
1597 2182 1740 2225 festu—

111 2273 209 2301 cam
233 2259 279 2301 in
307 2261 495 2302 oculo...
526 2261 568 2298 2»

115 2392 121 2397 ι
198 2336 435 2379 Confessio
459 2335 702 2392 generalis,
728 2351 782 2379 ex
812 2335 1055 2386 deuotione
1084 2335 1128 2376 in
1158 2334 1339 2378 Patrem
1364 2335 1589 2390 Ignatiurn
1625 2348 1738 2375 con--

110 2418 255 2466 cepta,
281 2426 385 2454 cum
406 2412 637 2468 proposito
659 2411 779 2455 vitae
797 2412 1103 2455 renouandae.

198 2488 349 2530 Homo
372 2487 557 2530 interior
578 2487 940 2539 constituendus,
961 2488 1038 2542 qui
1056 2487 1203 2531 verior
1222 2495 1288 2530 est
1308 2488 1431 2529 haud
1448 2486 1584 2529 dubie
1602 2500 1735 2539 quam

108 2563 318 2607 exterior.
346 2565 386 2606 Is
408 2573 587 2607 creatus
618 2571 686 2606 est
714 2578 739 2606 a
769 2565 868 2606 Deo
899 2563 944 2605 in
974 2565 1110 2619 Xpo.:
1144 2563 1278 2605 huius
1307 2571 1375 2605 est
1404 2569 1538 2617 caput
1567 2563 1730 2616 Xpus.;

109 2647 246 2693 atque
269 2640 383 2682 adeo
405 2641 551 2695 Xpus.
577 2647 646 2682 est
669 2639 864 2682 hominis
886 2639 1051 2682 interni
1075 2648 1119 2683 et
1142 2647 1278 2694 caput
1301 2647 1345 2680 et
1368 2652 1550 2693 corpus,
1583 2644 1630 2678 vt
1659 2651 1734 2678 ec-

109 2714 286 2758 clesiae.
312 2717 362 2758 In
384 2718 504 2771 Xpo.
528 2716 647 2758 enim
670 2724 738 2758 est
760 2723 806 2758 et
832 2715 1102 2771 principium
1133 2715 1276 2757 omnis
1305 2712 1547 2770 spiritualis
1575 2727 1734 2768 opera-

111 2791 258 2844 tionis,
284 2799 329 2835 et
351 2791 550 2847 operatio
573 2792 706 2834 simul
729 2792 888 2843 omnis,
914 2800 959 2834 et
981 2791 1250 2841 substantia,
1276 2799 1321 2834 et
1343 2804 1520 2840 sensus,
1545 2796 1590 2832 et
1613 2788 1724 2831 vita.

109 2869 157 2911 In
187 2870 276 2910 hoc
308 2868 456 2923 capite
488 2868 612 2922 viget
645 2868 916 2918 intellectus,
953 2874 998 2909 et
1020 2867 1247 2918 voluntas,
1283 2873 1328 2907 et
1357 2865 1569 2908 memoria
1599 2864 1732 2906 intel·

179 3034 188 3052 ⁴
241 3033 428 3077 MATTH„
448 3033 497 3077 V,
519 3033 552 3067 8.
1075 3033 1088 3052 ²
1141 3031 1295 3064 MATTH
1317 3059 1323 3074 ,
1346 3030 1430 3073 VII,
1450 3029 1485 3065 3.
