2028 3426
286 207 357 241 620
703 214 707 219 ·
763 202 915 236 PATffis
943 200 1188 235 HIERONYMI
1215 198 1363 234 NADAL

242 306 434 363 Ignatio,
460 305 589 361 quasi
619 320 698 361 per
728 317 888 346 manus
927 308 1180 357 acceptum,
1214 299 1416 356 legitime
1445 308 1514 343 est
1544 299 1802 356 probatum;
1835 306 1880 342 et

242 393 391 428 tamen
416 399 472 427 ex
495 379 897 425 constitutionibus
921 379 994 421 uel
1016 392 1072 421 ex
1089 377 1261 433 regulis
1279 376 1593 420 auctoritatem
1614 391 1703 419 non
1723 377 1876 420 habet.

331 459 647 510 Consuetudo,
679 472 795 513 quae
825 455 950 498 nullo
988 463 1112 498 certo
1151 461 1353 506 auctore,
1385 453 1582 496 obtinuit
1615 460 1763 496 tamen
1795 466 1881 495 usu

243 537 512 593 legittimam
536 533 868 578 auctoritatem.

332 615 380 656 ln
405 611 724 656 traditionibus
747 624 837 652 non
861 615 969 651 sunt
993 615 1094 651 acta
1111 607 1263 651 omnia
1282 607 1432 650 Patris
1454 606 1635 663 Ignatii,
1655 619 1772 662 quae
1793 605 1884 649 sci-

247 692 351 734 licet
375 689 596 746 singulari
621 685 860 743 priuilegio
882 685 964 728 soli
988 684 1048 727 illi
1072 684 1426 736 conueniebant,
1454 697 1603 739 neque
1631 691 1680 726 vt
1703 698 1729 726 a
1752 682 1882 726 nobis

244 768 460 827 imitanda
487 766 732 821 usurpabat
759 773 792 816 ²¹,
819 770 868 805 ut
891 770 980 805 tam
1006 777 1107 805 raro
1135 762 1383 812 celebrare,
1409 776 1502 804 non
1537 761 1728 806 recitare
1749 762 1884 803 horas

240 844 502 895 canonicas,
529 843 609 887 sed
631 843 818 885 breuem
853 854 1092 883 numerum
1120 839 1377 882 orationum
1411 854 1465 882 ex
1500 838 1670 882 rosario
1691 837 1709 863 b
1737 839 1765 891 ¹3
1793 851 1881 880 non

244 922 362 965 enim
388 921 642 977 patiebatur
667 920 914 962 uehemens
937 916 1122 959 deuotio
1141 917 1214 959 uel
1233 916 1492 970 frequenter
1510 915 1635 958 illum
1654 915 1883 958 celebrare

246 1000 320 1043 uel
345 997 565 1054 prolixius
587 1010 732 1048 orare3
761 1009 852 1038 non
876 993 1036 1036 habuit
1059 992 1324 1037 assistentes
1347 999 1379 1044 ⁰,
1406 1000 1494 1037 etc.

337 1075 592 1118 Nonnullae
623 1072 889 1125 traditiones
927 1070 1103 1115 aeditae
1132 1077 1239 1114 sunt
1270 1070 1317 1112 in
1349 1078 1413 1112 23²
1443 1069 1643 1113 editione
1671 1069 1881 1113 decreto-

251 1168 349 1196 rum
372 1151 390 1176 ἃ
414 1151 585 1207 primae
608 1149 837 1206 generalis
860 1147 1252 1205 congregationis.
1841 1204 1844 1207 .

336 1228 538 1272 Traditio
561 1236 630 1272 est
659 1236 710 1270 ut
740 1235 844 1270 ante
873 1225 1107 1270 biennium
1146 1225 1257 1268 nulli
1295 1225 1462 1268 dentur
1490 1224 1656 1276 studia,
1683 1223 1767 1266 nisi
1803 1238 1885 1266 sua

248 1308 487 1350 uoluntate
520 1313 627 1348 uota
659 1304 873 1349 emiserit.
908 1306 970 1348 Ut
1000 1302 1190 1359 professi
1222 1311 1418 1358 quatuor
1448 1309 1659 1344 uotorum
1690 1301 1885 1344 doceant

247 1384 498 1427 doctrinam
532 1382 760 1439 xpianam.
791 1395 848 1435 40
877 1381 989 1432 dies,
1016 1395 1106 1436 quo
1135 1395 1254 1423 anno
1283 1386 1391 1423 uota
1423 1378 1689 1422 aediderint:
1716 1377 1885 1420 deinde

242 1477 301 1503 ex
325 1459 602 1516 praescripto
620 1458 920 1515 superiorum.

340 1540 400 1582 Ut
424 1538 501 1579 fiat
524 1535 798 1579 abstinentia
820 1535 982 1580 diebus
1006 1534 1200 1579 veneris.

338 1617 398 1659 Ut
422 1629 513 1657 non
537 1614 614 1657 fiat
637 1613 782 1656 oratio
806 1597 1125 1664 communiter,
1152 1613 1232 1655 sed
1253 1611 1467 1667 priuatim
1490 1625 1525 1653 ει-
1538 1608 1748 1666 singulis.

335 1691 383 1735 Si
408 1691 451 1733 in
476 1690 637 1735 itinere
662 1704 781 1733 unus
801 1689 968 1732 incidat
987 1689 1031 1731 in
1053 1690 1276 1741 morbum,
1299 1695 1529 1731 remaneat
1546 1687 1677 1739 alius,
1697 1694 1748 1729 ut
1766 1686 1887 1729 illius

246 1783 404 1811 curam
429 1774 575 1824 gerat.

339 1848 495 1889 Potest
519 1843 691 1900 suscipi
715 1857 824 1886 cura
848 1843 893 1885 in
917 1842 1120 1886 moribus
1144 1849 1188 1885 et
1211 1841 1418 1884 doctrina
1446 1855 1690 1897 puerorum
1716 1855 1887 1897 paupe-

249 1937 347 1964 rum
371 1923 699 1977 orphanorum,
720 1920 876 1964 similis
899 1919 1230 1963 conuictorum.

338 2000 408 2041 No
432 2013 539 2041 sean
564 1999 851 2041 confessores
873 1998 941 2040 los
963 1997 1020 2040 de
1041 1998 1084 2039 la
1107 1997 1358 2052 Compania
1380 1996 1436 2038 de
1460 1997 1737 2038 mochachos
1760 2008 1886 2039 reco-

248 2076 381 2131 gidos
405 2091 460 2119 en
485 2075 886 2130 congregationes,
913 2074 949 2116 si
974 2089 1033 2117 no
1056 2073 1266 2117 tuuiesen
1290 2088 1347 2117 en
1369 2073 1414 2115 lo
1436 2071 1642 2128 spiritual
1672 2072 1777 2115 toda
1806 2085 1887 2113 au-

253 2152 425 2195 toridad
448 2167 476 2207 y
500 2152 556 2195 de
577 2151 790 2206 disponer
814 2152 882 2194 los
906 2152 1187 2193 muchachos
1209 2151 1265 2194 de
1284 2165 1371 2193 vna
1394 2156 1522 2205 parte
1544 2153 1570 2192 a
1592 2156 1706 2192 otra.

345 2228 566 2271 Breuiter:
589 2227 700 2270 dicit
720 2229 772 2269 Ρ.
796 2228 1015 2284 Ignatius:
1037 2227 1298 2282 vbicunque
1316 2226 1406 2268 sint
1424 2226 1664 2270 societates
1686 2234 1763 2268 aut
1782 2239 1888 2268 con-

254 2305 564 2362 gregationes,
590 2321 647 2349 ne
674 2305 765 2348 sint
794 2305 935 2348 nostri
965 2303 1176 2348 ordinarii
1216 2303 1500 2358 confessarii,
1533 2317 1617 2346 nec
1647 2302 1889 2357 quicquam

247 2397 387 2426 curae
409 2382 634 2438 accipiant
656 2396 810 2425 earum
836 2382 908 2425 uel
932 2382 1126 2433 illorum,
1153 2381 1230 2436 qui
1262 2395 1417 2423 earum
1440 2379 1709 2424 societatum
1733 2393 1887 2422 curam

252 2467 420 2515 gerunt
443 2459 753 2515 principalem.

342 2535 628 2579 Traditiones
647 2543 753 2578 sunt
779 2535 928 2578 Patris
951 2535 1115 2591 Ignatii
1140 2535 1274 2577 trium
1298 2533 1724 2590 impedimentorum
1749 2532 1890 2575 inter-

255 2613 548 2670 pretationeS,
575 2611 646 2664 2.³,
675 2611 730 2667 3.³
752 2619 798 2655 et
821 2611 893 2664 4.ss
923 2620 970 2654 ut
994 2611 1245 2667 explicatur
1268 2611 1311 2652 in
1337 2610 1522 2654 scholiis
1545 2611 1577 2653 ².

326 2743 342 2758 ³
387 2731 643 2766 Emendatum
659 2742 680 2765 a
696 2730 786 2765 Nat.
803 2742 850 2765 ex
868 2742 988 2775 neque
1004 2729 1112 2764 nobis
1128 2733 1169 2764 ut
1189 2731 1419 2775 usurpando
1436 2729 1638 2764 imitanda
1657 2727 1889 2773 usurpabat.

256 2812 274 2815 —
303 2793 318 2816 ¹¹
343 2790 518 2825 rossario
535 2801 604 2827 ms.
650 2799 713 2816 -c
732 2789 843 2824 Prius
862 2790 1113 2835 sequebatur:
1131 2789 1259 2824 noluit
1275 2800 1354 2824 esse
1367 2791 1574 2834 separatos
1590 2787 1776 2828 nouitios,
1791 2796 1891 2832 quae

251 2850 401 2884 delevit
428 2850 518 2884 Nat.
571 2851 635 2876 -d
662 2848 920 2884 Emendatum
939 2860 960 2883 a
988 2848 1075 2885 Nat.
1097 2859 1144 2882 ex
1165 2849 1271 2883 inter
1298 2847 1506 2894 inprimis
1530 2847 1605 2882 illa
1626 2855 1698 2882 100
1717 2847 1890 2881 decreta.

326 2951 335 2970 ¹
388 2950 449 2986 Cf.
472 2950 652 2985 bionum.
673 2950 825 2997 Ignat.‚
846 2960 921 2984 ser.
944 2949 1011 2994 IV,
1032 2949 1060 2993 1,
1082 2956 1164 2992 475.

324 3009 336 3027 “·”
388 3008 447 3044 Cf.
472 3009 695 3053 NATALEM,
716 3008 874 3044 Scholia
894 3009 934 3042 in
951 3007 1252 3043 constitutiones
1271 3006 1407 3052 (Prati,
1431 3005 1550 3052 1883),
1571 3017 1686 3052 pagg.
1708 3013 1784 3050 5-7.

1970 198 1996 262 5⁴

1969 262 1984 291 ξ
