2028 3426
36 0 79 107 ²5:1¹4}

664 293 1042 330 INSTRUCTmNEs-
1051 293 1093 328 61
1575 293 1644 341 379

151 394 268 436 Cum
285 393 486 436 omnium
505 399 729 436 rectorum
744 407 896 437 curam
908 401 1070 450 gerant
1081 393 1400 450 prouinciales,
1416 402 1511 438 tum
1530 411 1687 440 eorum

59 469 321 527 praecipue,
348 469 424 525 qui
447 470 555 512 noui
577 478 699 521 sunt,
731 485 815 514 nec
844 486 975 513 Vsum
1007 472 1177 515 habent
1205 472 1490 527 exploratum
1513 475 1686 528 guber-

41 546 212 607 ¹nandi,
238 546 513 602 singularem
536 560 689 589 curam
712 561 871 603 gerere
893 549 1076 592 debent.
1104 548 1190 591 His
1214 548 1334 591 enim
1364 550 1683 604 praescriben-

58 625 170 666 -dum
192 630 261 666 est
282 623 340 667 35
363 629 412 664 vt
434 623 715 677 frequentius
737 623 953 677 scribant,
980 639 1032 668 ac
1053 626 1110 669 de
1131 631 1226 667 tota
1249 624 1423 668 ratione
1452 626 1686 680 guberna—

49 699 196 743 ‘tionis
213 701 410 743 referant
426 701 483 742 ad
494 699 834 755 prouincialem,
850 715 933 744 nec
945 701 1186 757 quicquam
1204 716 1353 745 nouae
1371 701 1434 745 rei
1452 701 1687 745 inueniant

44 773 131 819 'vel
151 777 319 818 addant
341 783 585 820 consuetae
607 776 768 819 rationi
790 778 1076 832 gubernandi
1100 779 1271 833 absque
1293 778 1481 821 consilio
1498 779 1686 834 prouin-

46 848 199 905 ‘cialis3
225 853 282 896 de
304 867 425 895 nouo
453 852 559 896 item
583 860 758 895 rectore
786 854 1024 911 creb[r]ius
1052 855 1251 898 scribant
1273 856 1329 898 ad
1360 855 1684 911 prouincialem

55 928 314 981 consiliarii,
341 944 430 984 quo
453 929 652 972 actiones
676 929 861 973 rectoris
883 930 973 972 sint
995 931 1261 986 prouinciali
1284 932 1622 987 compertiores.

146 1006 389 1050 Prouideat
405 1006 708 1061 prouincialis,
729 1015 778 1049 vt
792 1014 931 1050 totam
949 1007 1168 1051 rationem
1186 1008 1489 1064 gubernandi,
1504 1023 1683 1052 omnem

55 1082 330 1138 peculiarem
352 1083 553 1136 modum,
579 1090 624 1127 et
647 1083 991 1128 instructionem
1022 1085 1098 1127 det
1127 1068 1380 1127 successori
1409 1100 1492 1127 suo
1516 1092 1679 1139 rector,

57 1158 132 1214 qui
154 1174 237 1203 suo
259 1174 446 1203 munere
469 1167 536 1204 est
574 1161 854 1216 perfunctus.
898 1162 1199 1204 Tantumdem
1237 1161 1525 1216 prouincialis
1550 1161 1683 1205 faciet

57 1237 306 1280 successori
329 1252 413 1280 suo
436 1238 492 1279 de
509 1251 599 1280 suo
621 1252 822 1280 munere.
855 1237 1211 1281 Accuratissime
1238 1240 1347 1282 dent
1369 1253 1551 1294 operam
1574 1254 1679 1294 pro—

59 1313 289 1367 uinciales,
329 1322 378 1356 vt
408 1315 695 1358 celebrentur
731 1314 910 1366 missae,
951 1329 1055 1357 cum
1091 1330 1172 1372 pro
1211 1315 1544 1367 fundatoribus,
1581 1323 1676 1358 tum

53 1390 187 1451 etiam
217 1405 297 1446 pro
333 1391 558 1433 defunctis
590 1391 828 1435 Societatis
866 1391 1078 1434 Patribus
1101 1399 1145 1436 et
1169 1392 1398 1434 fratribus.
1440 1392 1488 1436 Si
1511 1392 1555 1434 id
1587 1392 1675 1435 iam

53 1481 142 1509 non
161 1466 362 1519 fecerint,
384 1469 570 1510 Romam
593 1467 772 1510 mittent
792 1467 936 1523 primo
958 1482 1138 1523 quoque
1157 1475 1358 1524 tempore
1380 1468 1681 1524 prouinciales

52 1543 354 1596 fundationes,
379 1559 554 1588 annuos
581 1558 761 1598 census,
787 1553 832 1587 et
864 1544 1099 1588 vniuersas
1127 1545 1429 1600 obligationes
1459 1545 1678 1602 collegio—

16 1635 21 1639 ·
51 1634 166 1672 rum,
193 1622 344 1676 quoad
365 1628 595 1677 poterunt,
621 1621 889 1666 autenticas.

137 1697 305 1740 Curam
342 1705 505 1753 gerant
532 1697 832 1754 prouinciales
861 1698 1127 1754 diligentem
1156 1699 1343 1741 Patrum
1376 1713 1428 1741 ac
1470 1699 1673 1750 fratrum,

15 1826 17 1828 q
49 1772 124 1827 qui
146 1773 234 1816 iam
256 1773 314 1818 35
337 1773 506 1816 diutius
528 1774 573 1816 in
596 1775 823 1818 Societate
840 1782 1094 1826 versantur,
1117 1789 1232 1829 quos
1250 1774 1493 1830 praecipue
1515 1775 1674 1818 iuuare

46 1850 310 1903 studebunt,
335 1850 480 1893 sicubi
502 1845 874 1907 negligentiores,
901 1852 973 1895 vel
995 1851 1230 1895 liberiores
1252 1852 1429 1903 fierent,
1456 1866 1545 1907 quo
1571 1866 1676 1907 pos—

45 1925 134 1968 sint
156 1926 212 1968 ad
249 1927 572 1982 perfectionem
610 1928 900 1980 contendere,
940 1927 1075 1984 idque
1107 1927 1251 1983 primo
1279 1928 1449 1971 facient
1486 1928 1673 1971 secretis

46 2002 443 2053 admonitionibus;
469 2004 649 2055 deinde,
674 2004 712 2046 si
736 2019 852 2060 opus
872 2005 1024 2057 fuerit,
1051 2004 1149 2047 aliis
1172 2004 1307 2048 etiam
1326 2004 1490 2047 modis.

132 2081 272 2134 Quod
302 2081 627 2137 praescriptum
664 2081 799 2124 fuerit
826 2097 852 2124 a
889 2081 1196 2124 commissario
1224 2082 1296 2124 vel
1328 2081 1577 2133 visitatore,
1622 2096 1675 2124 ac

45 2156 301 2199 executioni
336 2157 509 2209 datum,
545 2172 639 2199 non
661 2159 902 2200 mutabunt
931 2157 1234 2214 prouinciales
1270 2173 1351 2201 seu
1374 2157 1667 2201 commissarii

44 2232 131 2284 alii,
158 2235 292 2278 Patre
320 2241 475 2277 nostro
513 2232 714 2290 generali
751 2234 1024 2277 inconsulto.
1062 2235 1199 2290 Quod
1228 2242 1380 2277 autem
1404 2235 1460 2278 ad
1500 2235 1673 2290 reliqua

43 2317 232 2364 spectat,
258 2325 374 2365 quae
396 2311 442 2353 in
465 2326 548 2354 vsu
585 2312 733 2354 adhuc
761 2326 852 2354 non
875 2312 980 2364 sint,
1021 2319 1184 2355 curent
1221 2311 1525 2367 prouinciales
1549 2319 1598 2353 vt
1621 2326 1674 2354 ea

43 2387 311 2429 mandentur
333 2387 604 2431 executioni:
630 2388 715 2430 nisi
733 2396 996 2445 occurreret
1013 2387 1182 2443 aliquid
1205 2389 1260 2431 de
1279 2387 1466 2431 consilio
1486 2402 1670 2431 suorum

41 2462 412 2516 consiliariorum,
440 2465 556 2507 vnde
592 2465 726 2520 pleno
747 2464 914 2507 iudicio
942 2473 1148 2508 censeret
1176 2465 1241 2509 rei
1277 2464 1469 2508 alicuius
1499 2479 1666 2508 execu-

42 2538 210 2582 tionem
234 2555 332 2583 esse
354 2542 736 2596 suspendendam.
762 2543 892 2584 Tunc
920 2542 1040 2585 enim
1062 2541 1229 2597 poterit
1258 2556 1312 2584 ea
1338 2542 1442 2597 lege
1465 2541 1584 2583 illius
1603 2541 1667 2584 rei

42 2615 354 2673 executionem
376 2619 667 2673 suspendere,
695 2618 730 2660 si
748 2619 805 2662 de
827 2633 875 2662 re
893 2626 1003 2670 tota,
1025 2633 1158 2674 quam
1182 2617 1375 2674 primum
1398 2618 1494 2661 fieri
1513 2624 1664 2672 queat,

41 2692 107 2735 Rd
118 2707 202 2735 um.
229 2692 412 2735 Patrem
435 2701 639 2737 nostrum
661 2695 920 2750 generalem
944 2695 1135 2738 reddant
1158 2695 1412 2737 certiorem.

127 2770 246 2812 Inter
268 2769 354 2812 alia
377 2770 570 2814 maxime
591 2771 804 2814 studeant
826 2770 1142 2826 prouinciales,
1165 2778 1410 2821 rectorum,
1434 2771 1665 2812 confessa—

41 2844 224 2897 riorum,
248 2846 304 2890 37
326 2854 685 2901 procuratorum,
711 2855 964 2903 emptorum
987 2861 1040 2890 ac
1063 2862 1234 2903 eorum,
1261 2846 1339 2900 qui
1361 2845 1551 2901 negocia
1573 2846 1667 2887 col—

38 2921 260 2976 legiorum
289 2922 488 2965 exterius
519 2931 701 2979 gerunt,
737 2934 998 2980 perspectas
1026 2924 1194 2966 habere
1222 2921 1538 2965 conscientias:
1565 2935 1663 2963 mo-

40 3005 265 3053 neantque
288 3005 487 3043 rectores
510 3014 560 3042 ac
583 3000 837 3052 instituant,
862 3008 910 3042 vt
933 3000 1051 3044 idem
1081 2999 1163 3055 ipsi
1194 2998 1360 3041 faciant
1382 2998 1426 3039 in
1451 2997 1544 3040 suis
1569 2998 1664 3039 col*

0 3060 2 3064 v
39 3073 186 3129 legiis.
