2028 3426
511 240 864 274 ADHoRTArioNis
890 239 964 276 ὀμ
992 241 1309 283 EXCERPTA—67
1605 240 1674 283 665

90 351 137 386 et
161 357 263 386 cum
288 342 452 398 quibus
482 341 678 383 habeant
701 339 980 395 spiritualem
1005 339 1398 391 consuetudinem,
1421 341 1720 395 persuadeant

91 427 139 462 vt
161 420 320 464 eodem
345 417 672 472 vtantur‘apud
690 416 979 467 domesticos,
1001 424 1223 471 cognatos
1241 423 1285 458 et
1304 416 1486 468 amicos3
1508 417 1719 460 mulieres

91 495 310 548 similiter,
337 495 457 550 apud
479 494 690 536 mulieres
719 500 956 548 cognatas,
989 491 1278 545 domesticas,
1310 491 1565 539 familiares:
1600 508 1719 535 nun-

92 587 226 628 quam
244 580 395 615 tamen
420 571 536 613 inter
558 584 606 612 se
624 569 706 611 viri
725 576 770 612 et
788 568 1016 621 mulieres,
1037 568 1123 610 nisi
1141 568 1231 610 sint
1249 568 1459 623 legittimi
1479 571 1714 624 coniuges,

89 649 197 692 huic
218 647 466 692 ministerio
493 648 666 689 dabunt
696 660 879 701 operam
908 646 964 688 ad
996 660 1174 688 omnem
1198 644 1366 687 sinistri
1396 644 1590 687 nominis
1624 647 1718 701 opi-

92 726 272 768 nionem
297 724 573 768 euitandam.

178 803 261 859 Est¹
279 809 430 844 autem
453 800 570 842 inter
592 799 837 842 conciones
860 805 905 842 et
927 797 1143 841 lectiones
1166 804 1210 841 et
1233 798 1321 840 hoc
1342 796 1567 853 priuatum
1592 799 1717 840 verbi

90 877 404 928 ministerium,
430 876 552 919 aliud
575 875 702 931 quasi
726 874 940 926 medium,
967 874 1041 916 vbi
1065 874 1238 917 scilicet
1260 873 1410 929 aliquo
1439 874 1718 917 conueniunt

91 954 172 996 viri
195 953 340 1005 multi,
363 961 410 995 vt
428 954 483 997 de
506 954 642 1005 rebus
665 951 974 1008 spiritualibus
992 952 1308 1006 colloquantur
1326 950 1615 1003 familiariter,
1638 951 1718 994 ειΙίμ

90 1046 179 1086 quo
201 1037 478 1073 conuentum
510 1030 797 1085 gubernante
830 1042 882 1071 ac
916 1028 1140 1084 dirigente
1169 1027 1385 1070 actiones.
1421 1028 1522 1070 Hoc
1551 1042 1717 1083 genere

90 1107 367 1163 incoepimus
389 1121 471 1149 nos
494 1106 558 1148 vti
582 1109 818 1149 Messanae
840 1105 885 1147 in
909 1104 1076 1156 Sicilia,
1099 1104 1173 1147 vbi
1190 1112 1390 1147 erectum
1410 1111 1478 1146 est
1495 1103 1605 1145 illud
1623 1106 1717 1146 col-

89 1184 275 1240 legium,
301 1185 380 1228 sed
404 1184 503 1225 rudi
521 1184 715 1237 quodam
735 1183 869 1225 modo
891 1184 917 1224 ¹.
939 1182 989 1224 In
1009 1183 1222 1236 templum
1242 1188 1446 1223 nostrum
1470 1181 1716 1224 conuenie-

89 1262 198 1304 bant
221 1262 313 1304 sere
335 1259 528 1316 singulis
550 1260 710 1302 diebus
732 1259 793 1314 pii
816 1258 1021 1301 homines
1044 1274 1098 1302 ex
1127 1257 1196 1309 iis,
1222 1258 1298 1312 qui
1327 1257 1495 1300 nostris
1525 1258 1716 1301 confite-

89 1338 254 1380 bantur
284 1344 329 1379 et
357 1344 535 1380 nostras
559 1336 802 1380 audiebant
827 1335 1044 1378 lectiones
1072 1335 1401 1378 ecclesiasticas
1434 1335 1490 1376 ad
1514 1342 1715 1376 nostrum

88 1414 338 1458 aedituum.
363 1416 409 1457 Is
431 1415 627 1457 habebat
651 1420 855 1469 paratum
879 1412 1043 1454 librum
1067 1412 1207 1468 pium,
1228 1425 1361 1466 quem
1380 1412 1560 1466 legebat
1580 1425 1712 1464 Vnus,

87 1491 160 1534 alii
183 1499 355 1534 attente
377 1491 639 1542 audiebant,
666 1504 993 1544 nonnunquam
1017 1489 1151 1532 etiam
1176 1489 1293 1531 inter
1315 1503 1364 1531 se
1386 1489 1442 1531 de
1466 1489 1600 1530 rebus
1622 1487 1715 1542 spi-

89 1568 325 1610 ritualibus
359 1568 749 1622 colloquebantur.
789 1567 903 1609 Illud
937 1573 1093 1622 postea
1126 1566 1193 1622 (vt
1226 1565 1374 1620 audio)
1409 1564 1711 1608 intermissum

87 1652 172 1689 est.
198 1646 365 1687 Romae
386 1643 487 1695 fuit,
514 1650 614 1699 post
637 1643 747 1685 illud
772 1651 966 1699 tempus,
992 1643 1264 1687 secularium
1287 1640 1574 1685 sacerdotum
1605 1655 1715 1683 con—

22 1723 27 1728 '
88 1721 297 1776 gregatio
322 1721 529 1762 instituta
561 1721 618 1762 ad
640 1720 733 1762 diui
766 1719 1051 1775 Hieronymi,
1088 1734 1203 1774 quae
1232 1719 1423 1761 similem
1454 1720 1545 1761 fere
1581 1717 1715 1760 ratio—
1763 1751 1767 1755 .

87 1811 190 1840 nem
214 1798 425 1840 obseruat
448 1805 480 1839 Ξῖ,
507 1796 788 1839 conueniunt
819 1797 1079 1851 frequentes
1102 1796 1147 1838 in
1178 1797 1388 1853 exedram
1413 1796 1621 1850 amplam:
1654 1794 1715 1835 ibi

86 1888 225 1928 quum
250 1874 552 1926 consederint,
577 1888 695 1915 vnus
719 1887 964 1929 assurgens
983 1872 1108 1916 venit
1126 1874 1183 1915 ad
1199 1873 1371 1924 sellam,
1395 1873 1511 1913 vnde
1529 1873 1712 1914 breuem

87 1950 447 1994 exhortationem
472 1950 610 1992 habet
633 1951 689 1992 ad
712 1957 1006 1992 conuentum.
1044 1951 1086 1992 Is
1118 1950 1243 2005 prius
1277 1949 1544 2005 designatur
1576 1948 1632 1990 ab
1662 1962 1715 1990 eo

86 2028 336 2078 sacerdote,
372 2026 448 2081 qui
478 2026 645 2082 primas
676 2026 767 2068 illic
800 2026 933 2082 gerit3
969 2040 1053 2069 nec
1081 2033 1151 2069 est
1184 2040 1441 2076 necessum,
1479 2025 1554 2080 qui
1577 2025 1714 2067 verba

87 2104 304 2156 facturus,
335 2118 439 2147 eum
463 2117 562 2146 esse
594 2117 619 2145 e
652 2102 911 2146 domesticis
944 2103 1273 2155 sacerdotibus,
1311 2103 1571 2156 frequenter
1594 2100 1712 2143 enirn

86 2187 155 2223 est
176 2181 232 2222 de
254 2179 465 2223 externis.
490 2179 579 2222 Vbi
602 2179 674 2222 ille
697 2178 880 2221 auditus
909 2188 978 2222 est
1006 2178 1040 2231 ¹³,
1073 2193 1398 2233 nonnunquam
1430 2178 1713 2232 interrogan-

89 2255 208 2298 tibus
239 2255 335 2299 aliis
369 2257 424 2300 de
463 2257 599 2300 rebus
630 2255 714 2311 piis
747 2256 1013 2311 respondet.
1050 2257 1388 2310 Nonnunquam
1426 2264 1578 2306 orant3
1617 2261 1711 2295 tum

87 2334 404 2377 commendant
440 2340 488 2375 vt
531 2340 684 2375 oretur
720 2348 802 2389 pro
841 2332 1183 2386 occurrentibus
1226 2331 1592 2375 necessitatibus.
1639 2330 1713 2372 Ad

87 2409 221 2452 finem
244 2417 453 2453 cantores
474 2411 719 2454 decantant
741 2409 860 2465 piam
889 2410 1014 2452 iuxta
1042 2424 1094 2452 ac
1123 2410 1356 2465 pulchram
1387 2408 1580 2462 aliquam
1606 2420 1713 2448 can-

88 2485 286 2528 tilenam.
312 2486 388 2530 Sic
411 2501 653 2529 consessus
675 2486 953 2529 dissoluitur.

175 2564 269 2605 Nos
290 2563 435 2606 simile
457 2563 715 2606 institutum
739 2563 998 2619 accepimus
1026 2578 1117 2606 non
1147 2563 1209 2613 ita
1239 2562 1408 2617 pridem
1440 2560 1484 2601 in
1519 2558 1712 2613 collegio

49 2690 51 2692 ,
87 2639 326 2694 genuensi,
353 2654 468 2694 quae
491 2655 562 2683 res
586 2647 682 2682 tum
706 2655 730 2682 a
760 2640 960 2695 generali
990 2639 1245 2695 praeposito
1269 2653 1358 2680 non
1391 2637 1473 2678 fuit
1503 2649 1710 2689 compro-

86 2714 205 2768 bata,
232 2711 352 2770 quod
373 2715 529 2758 sciam.
558 2717 669 2759 Illud
695 2724 843 2760 tamen
869 2717 1007 2759 habet
1030 2716 1312 2759 consuetudo
1331 2716 1497 2756 Romae
1516 2712 1559 2753 in
1579 2711 1711 2753 colle-

158 2862 174 2878 a
224 2852 435 2886 obseruant
466 2864 537 2890 ms.
590 2853 655 2878 ——b
682 2852 795 2886 Prius
827 2863 909 2886 una
939 2852 1038 2886 hora
1067 2852 1233 2886 auditus
1251 2853 1325 2889 est,
1358 2847 1458 2894 quod
1489 2845 1713 2881 emendavit

87 2909 189 2945 idem
208 2911 298 2945 Nat.

163 3039 171 3057 ¹
223 3036 288 3072 Cf.
315 3036 441 3082 Epist.
466 3037 513 3071 P.
535 3035 684 3079 Nadal‚
705 3036 736 3081 1,
760 3036 927 3079 107-108.
