2028 3426
314 222 382 265 726
787 218 941 253 PATms
968 218 1212 252 HieRoNYMI
1239 217 1273 251 N
1278 225 1390 252 ADAL

270 322 409 364 sanda
431 328 476 364 et
499 320 770 381 exercenda,
797 327 841 361 et
865 332 1027 363 sensus
1049 319 1333 362 exercendus
1355 318 1455 361 eius
1484 317 1792 374 protectionis,
1817 333 1906 375 gu—

271 397 566 450 bernationiS,
593 404 638 441 et
661 395 993 439 continentium
1017 395 1361 439 beneficiorum:
1390 403 1484 437 tum
1514 405 1800 450 praesentem
1824 396 1910 440 de-

271 476 431 518 bemus
454 473 769 529 contemplari,
795 472 980 524 sentire,
1006 480 1051 516 et
1075 471 1204 528 quasi
1228 486 1415 516 cernere
1447 486 1551 515 cum
1583 486 1750 528 magna
1772 487 1906 517 reue-

272 552 432 595 rentia.
475 553 568 595 Sua
606 550 750 593 oratio
788 549 990 592 studiose
1027 550 1084 592 ad
1122 563 1225 593 eum
1259 549 1535 600 exercenda,
1577 557 1622 592 et
1660 548 1909 604 gratiarum

271 629 489 680 actiones,
515 636 559 672 et
585 627 786 682 reliquae
809 625 1027 670 orationis
1049 634 1255 683 partes...

1053 740 1118 782 ⁷1

741 818 793 859 Ρ.
832 817 1081 861 PAULUS
1114 817 1450 861 HOFFAEUS

628 911 895 947 CLEMENTI
923 911 1014 946 VIII
1040 910 1310 948 PONTIFICI
1337 909 1550 948 MAXIMO

818 1002 977 1041 ROMAE,
1007 1002 1124 1030 ΑΝΝΟ
1154 993 1246 1040 1593
1272 993 1318 1040 (Ρ)
1347 997 1370 1032 ¹.

301 1068 303 1070 ,
325 1079 513 1115 Subsidia
528 1082 606 1126 pro
616 1077 815 1125 familiae
834 1078 882 1114 P.
913 1076 1112 1124 Gregorii
1135 1078 1183 1113 de
1214 1078 1400 1113 Valentia
1422 1076 1708 1112 sustentatione
1732 1079 1768 1112 et
1788 1079 1867 1124 pro

647 1144 957 1179 meditationum
977 1143 1139 1178 Natalis
1157 1143 1329 1178 editione
1342 1143 1539 1189 postulat.

1080 1228 1111 1284 i

368 1326 493 1370 Smo.
529 1325 691 1367 Padre.
726 1323 941 1379 Supplica
971 1306 1268 1368 humilniente
1306 1324 1348 1366 la
1384 1323 1476 1367 8.ῑῇ
1502 1323 1560 1366 V.
1601 1321 1631 1364 il
1670 1323 1726 1365 Ρ.
1769 1319 1918 1364 Paolo

280 1404 459 1453 Hoffeo,
486 1400 726 1444 assistente
747 1401 863 1444 delle
892 1400 1127 1456 prouincie
1155 1399 1199 1442 di
1228 1399 1475 1443 Germania
1504 1407 1549 1443 et
1578 1399 1769 1442 Francia
1797 1399 1914 1442 della

279 1477 563 1534 Compagnia
585 1477 631 1520 di
652 1477 812 1529 Giesu,
844 1476 880 1520 si
909 1477 1049 1533 degni
1072 1476 1311 1520 ricordarsi
1339 1477 1457 1520 della
1489 1476 1810 1528 subuentione,
1836 1490 1918 1531 per

352 1620 361 1638 ‘
413 1618 471 1652 Ex
497 1616 692 1662 exemplo,
717 1615 843 1650 Patris
862 1614 1040 1661 Jimenez
1061 1626 1174 1649 manu
1194 1620 1365 1659 exarato,
1388 1614 1489 1649 unde
1508 1615 1763 1661 probabiliter
1787 1625 1916 1649 exem—

282 1679 401 1724 plum,
433 1688 455 1711 a
478 1676 522 1711 P.
551 1674 720 1710 Hoffaeo
750 1686 902 1710 summo
932 1673 1105 1720 pontifici
1132 1674 1284 1717 datum,
1313 1673 1562 1720 desumptum
1592 1673 1686 1719 fuit,
1721 1675 1758 1709 in
1783 1673 1918 1709 codice

284 1737 472 1771 Instruct.
492 1735 525 1776 I,
546 1734 661 1770 unico
678 1734 787 1778 folio,
806 1746 845 1770 n.
866 1733 948 1779 269,
970 1733 1075 1779 prius
1095 1732 1176 1778 293.
1198 1733 1241 1767 Ρ.
1262 1734 1432 1778 Jacobus
1447 1730 1630 1778 ⁴Jimenez
1649 1740 1731 1768 erat
1750 1737 1918 1768 secreta-

284 1796 363 1830 rius
382 1794 592 1830 Societatis
611 1795 707 1840 Jesu
726 1794 775 1828 ab
794 1804 895 1828 anno
923 1793 1026 1837 1587.
1055 1793 1144 1838 Quo
1170 1798 1301 1827 autem
1327 1798 1502 1838 tempore
1527 1793 1600 1827 hoc
1626 1797 1921 1827 monumentum

285 1855 471 1901 scriptum
502 1853 636 1898 fuerit,
668 1865 745 1888 non
776 1858 943 1896 constat3
976 1851 1045 1887 sed
1075 1863 1163 1887 cum
1195 1863 1291 1898 opus
1323 1852 1488 1898 Natalis,
1512 1852 1561 1887 de
1586 1862 1661 1898 quo
1692 1852 1744 1887 ibi
1775 1851 1917 1897 agitur,

285 1914 395 1949 annis
414 1912 615 1958 1593-1594
634 1912 739 1959 typis
758 1924 945 1947 excusum
963 1911 1096 1958 fuerit,
1115 1921 1215 1946 anno
1237 1910 1326 1956 1593
1345 1912 1406 1946 vel
1427 1912 1540 1957 paulo
1555 1916 1644 1946 ante
1662 1911 1758 1946 haec
1777 1910 1921 1957 scripta

287 1973 408 2008 fuisse
427 1972 623 2007 videntur.
645 1973 756 2018 Quae
775 1971 932 2018 quidem
952 1983 1001 2006 ex
1020 1971 1081 2015 iis,
1100 1983 1200 2018 quae
1220 1971 1370 2006 Natalis
1388 1970 1585 2006 Everardo
1610 1969 1852 2006 Mercuriano
1871 1969 1920 2004 de

288 2034 360 2067 hoc
390 2043 507 2078 opere
538 2032 650 2067 annis
681 2039 880 2076 1575-1577
912 2031 950 2066 in
981 2030 1099 2066 variis
1130 2030 1306 2077 epistolis
1337 2029 1491 2075 retulit,
1519 2030 1703 2065 illustrari
1734 2036 1915 2075 possunt.

287 2091 362 2126 Die
381 2090 422 2125 31
446 2091 539 2136 Julii
562 2099 650 2135 1575
671 2090 820 2125 Natalis
840 2090 1084 2125 Mercuriano
1102 2089 1258 2136 scripsit
1276 2100 1333 2132 se,
1352 2088 1512 2134 negotio
1530 2089 1604 2123 hoc
1621 2089 1707 2123 Deo
1725 2099 1922 2123 commen—

287 2151 393 2195 dato,
412 2161 493 2184 rem
512 2151 597 2185 Deo
616 2155 655 2184 et
674 2160 744 2184 suo
762 2148 957 2195 ‘superiori
981 2154 1132 2194 gratam
1150 2148 1342 2184 facturum
1370 2154 1520 2194 putare,
1547 2147 1579 2182 si
1601 2146 1924 2182 meditationibus

287 2209 366 2244 suis
386 2216 425 2244 et
440 2208 676 2253 imaginibus
696 2220 827 2243 earum
845 2208 963 2243 finem
982 2207 1200 2254 imponeret
1218 2207 1366 2253 (Epist.
1389 2207 1438 2244 P.
1459 2207 1608 2248 Nadal,
1630 2206 1696 2250 ΙΙΙ,
1723 2206 1822 2251 695).
1848 2206 1922 2240 Re-

286 2267 442 2314 spondit
458 2267 677 2302 Everardus
699 2276 740 2311 17
760 2267 1003 2313 Septembris
1021 2266 1288 2312 gratissimum
1304 2266 1378 2301 sibi
1393 2265 1476 2301 fore
1496 2266 1528 2301 si
1544 2265 1693 2300 Natalis
1713 2264 1808 2300 illud
1826 2275 1924 2310 opus

286 2329 510 2363 absolveret
525 2327 655 2371 (Ibid.‚
672 2338 760 2372 pag.
773 2326 872 2371 698).
890 2327 964 2362 Die
979 2327 1101 2373 prima
1115 2325 1315 2371 Octobris,
1330 2336 1465 2361 omnes
1480 2325 1691 2371 imaginum
1707 2325 1923 2359 annotatio-

288 2399 358 2422 nes
377 2386 587 2432 scripserat
606 2386 769 2431 Natalis,
788 2392 1016 2432 tantumque
1030 2393 1118 2421 octo
1133 2385 1407 2420 meditationes
1422 2384 1583 2419 deerant
1598 2383 1645 2419 ad
1660 2383 1779 2419 totius
1794 2383 1926 2430 operis

287 2447 617 2491 complementum
635 2444 768 2488 (Ibid.,
789 2456 876 2490 pag.
898 2447 997 2489 700).
1019 2445 1117 2480 Cum
1137 2456 1204 2491 per
1223 2444 1443 2490 Philippum
1466 2443 1704 2488 Fuggerium
1731 2442 1926 2488 imagines

290 2505 406 2540 incidi
426 2510 673 2551 procurasset
692 2504 857 2549 Natalis,
878 2504 915 2539 id
935 2504 999 2539 ille
1019 2509 1215 2550 praestare
1231 2515 1307 2538 non
1327 2503 1465 2549 potuit3
1483 2514 1563 2538 rem
1582 2508 1711 2537 tamen
1727 2501 1923 2544 Plautino,

290 2565 534 2610 typographo
563 2563 846 2610 antuerpiensi,
872 2563 1144 2598 commendare
1176 2563 1352 2609 promisit
1381 2561 1526 2607 (lbid.).
1557 2562 1631 2596 Die
1662 2560 1703 2596 31
1740 2559 1927 2598 Octobris

291 2625 433 2659 librum
453 2635 495 2658 se
513 2623 742 2658 censoribus
762 2622 968 2658 tradidisse
992 2623 1060 2659 ait.
1086 2622 1138 2657 Hi
1163 2628 1294 2657 autem
1315 2621 1474 2656 fuerunt
1501 2622 1636 2656 Patres
1660 2620 1928 2666 Hieronymus

290 2683 511 2728 Torresius,
537 2688 576 2718 et
602 2682 831 2727 Gregorius.
866 2683 927 2717 An
958 2693 1051 2717 vero
1082 2681 1144 2716 hic
1174 2681 1390 2726 Gregorius
1420 2679 1538 2715 fuerit
1569 2680 1612 2717 P.
1646 2678 1857 2724 Roseffius,
1885 2686 1929 2714 ut

292 2741 447 2786 saepius
465 2740 503 2775 in
523 2739 719 2775 volumine
738 2739 854 2774 tertio
871 2740 1056 2783 diximus,
1076 2741 1139 2775 vel
1158 2738 1374 2784 Gregorius
1399 2738 1448 2773 de
1470 2737 1666 2782 Valentia,
1691 2737 1758 2783 qui
1784 2737 1927 2772 theolo-

292 2801 395 2843 giam
415 2801 453 2835 in
473 2799 769 2846 ingolstadiensi
788 2799 985 2834 academia
1010 2799 1277 2846 profitebatur,
1303 2797 1465 2833 definire
1490 2808 1566 2832 non
1592 2808 1813 2843 possumus,
1839 2808 1927 2831 nam

296 2860 397 2894 illius
410 2870 627 2904 cognomen
641 2871 663 2893 a
679 2859 808 2894 Natali
823 2870 976 2904 semper
991 2863 1141 2894 tacetur
1158 2858 1285 2904 (Ibid.,
1301 2858 1500 2903 pag.7oo).
1515 2856 1614 2892 Cum
1631 2863 1761 2891 autem
1776 2855 1928 2890 Natalis

297 2918 521 2963 provinciali
540 2917 836 2963 congregationi
855 2918 1078 2962 interesset,
1098 2928 1198 2964 quae
1216 2916 1430 2963 Oeniponti
1453 2916 1585 2951 habita
1610 2915 1698 2960 fuit,
1725 2925 1929 2950 censuram

295 2977 422 3022 operis
441 2989 462 3011 a
486 2977 652 3012 laudatis
676 2977 857 3013 Patribus
876 2977 1041 3023 accepit,
1062 2983 1100 3012 et
1126 2976 1256 3011 denuo
1285 2975 1334 3011 de
1360 2975 1597 3021 imaginibus
1628 2973 1851 3021 sculpendis
1881 2973 1929 3008 ad

298 3036 558 3082 praepositum
577 3037 802 3082 generalem
822 3036 977 3082 scripsit
997 3036 1126 3082 (lbid.,
1146 3046 1233 3082 pag.
1259 3038 1360 3081 709).
1386 3035 1619 3070 Mercuriani
1641 3034 1754 3080 jussu
1779 3032 1932 3070 Natalis
1990 3031 1994 3035 ”
