2028 3426
225 203 293 239 214
693 193 846 229 PATms
872 192 1112 227 Hmnoxvm
1141 189 1289 225 NADAL

263 295 367 338 Non
389 301 494 338 sunt
518 293 801 350 recipiendae
825 293 894 335 vel
913 289 1252 334 conseruandae
1269 295 1458 333 naturae
1473 287 1680 341 dificiles,
1700 303 1808 332 nam

176 372 411 430 ingenium
435 371 743 428 germanicum
762 370 928 413 dificile
951 376 1033 419 est,
1060 368 1302 410 barbarum
1324 374 1369 410 et
1392 365 1682 410 indomabile.

265 449 312 494 Si
336 449 443 492 vitia
466 450 634 493 habent
656 447 923 498 inueterata,
951 444 1032 487 nisi
1058 443 1213 500 primis
1235 443 1466 487 mensibus
1488 451 1505 469 ³

961 558 1028 600 31

991 668 999 697 ι

260 742 346 784 AD
373 738 749 783 PROUINCIAS
772 735 1142 779 GERMANIAE
1165 735 1504 786 IUUANDAS,
1533 735 1665 778 ETC.
1699 737 1726 779 ¹.

269 834 555 890 Singularem
585 831 814 874 charitatis
841 830 1055 873 affectum
1087 836 1131 873 et
1163 829 1309 873 zelum
1347 844 1508 885 gerere
1545 836 1589 872 et
1626 844 1808 873 exerere

181 926 262 967 pro
284 909 543 955 Germania.

269 988 565 1031 Considerare
584 986 626 1027 in
646 987 730 1027 hoc
750 998 916 1040 genere
935 982 1087 1026 auxilii
1105 983 1251 1026 iuuari
1269 983 1344 1026 vix
1362 998 1494 1040 posse
1512 983 1805 1028 Germaniam

182 1080 261 1120 per
284 1064 412 1110 alios.
439 1077 571 1117 quam
598 1077 673 1117 per
696 1060 984 1112 Societatem,
1009 1059 1266 1104 immediate
1289 1059 1469 1116 quidem
1493 1075 1573 1117 per
1601 1060 1808 1104 Societa-

182 1142 238 1184 tis
261 1155 490 1197 personas,
517 1139 709 1181 mediate
732 1152 839 1181 vero
864 1152 940 1194 per
969 1151 1062 1190 eos,
1096 1137 1172 1192 qui
1201 1152 1227 1180 a
1254 1137 1482 1182 Societate
1513 1137 1809 1180 instituentur

182 1219 253 1262 vel
275 1232 299 1259 a
322 1217 547 1260 Societate
570 1215 869 1265 dimittentur.
895 1214 1063 1258 Saltem
1086 1213 1217 1257 nobis
1239 1214 1301 1256 ita
1318 1221 1436 1258 esset
1455 1214 1500 1256 in
1518 1216 1636 1257 hanc
1654 1227 1809 1257 curam

185 1293 554 1344 incumbendum,
580 1299 715 1346 atque
738 1291 775 1333 si
797 1305 876 1347 per
898 1291 1047 1334 nullos
1069 1290 1179 1334 alios
1201 1290 1348 1335 iuuari
1371 1298 1523 1347 posset
1545 1291 1806 1334 Germania.

183 1371 255 1412 Ad
279 1372 365 1413 hoc
390 1384 471 1411 nos
493 1382 677 1412 mouere
700 1368 833 1411 debet
856 1375 1062 1411 nostrum
1086 1367 1360 1421 institutum,
1386 1368 1489 1412 finis
1507 1375 1551 1411 et
1572 1367 1808 1424 professio3

181 1462 337 1491 sumus
367 1445 485 1490 enim
515 1460 539 1487 a
568 1447 666 1488 Deo
695 1445 844 1489 vocati
873 1446 929 1488 ad
958 1445 1182 1488 iuuandas
1212 1445 1400 1498 animas,
1436 1453 1481 1488 et
1509 1447 1566 1489 ad
1588 1461 1665 1490 eas
1684 1446 1813 1488 ‘haud

183 1525 318 1568 dubie
342 1524 505 1579 potius,
533 1538 647 1578 quae
671 1523 837 1566 auxilio
859 1524 1058 1566 humano
1080 1522 1405 1576 destituuntur3
1431 1523 1632 1566 infinitas
1661 1531 1811 1566 autem

183 1602 353 1644 animas
376 1600 624 1644 miserrime
644 1600 790 1656 perire
812 1599 859 1642 in
881 1599 1143 1654 Germania,
1169 1600 1290 1656 quod
1315 1601 1466 1644 nullus
1487 1599 1585 1643 illas
1607 1600 1810 1653 adiuuet,

184 1687 251 1722 est
275 1677 371 1721 orbi
396 1677 816 1733 compertissimum.
843 1677 1002 1734 Itaque
1024 1691 1114 1720 non
1138 1677 1356 1720 minorem
1379 1684 1424 1721 et
1447 1677 1736 1721 deuotionem
1768 1685 1814 1720 et

184 1754 464 1811 diligentiam
488 1769 513 1796 a
536 1754 666 1797 nobis
689 1769 932 1811 germanae
954 1753 1131 1799 animae
1159 1754 1466 1811 periclitantes
1494 1762 1539 1799 et
1571 1761 1819 1811 pereuntes.

186 1831 454 1888 efflagitant,
481 1845 615 1886 quam
637 1830 828 1876 indicae.

272 1910 374 1952 Non
398 1908 542 1951 minor
564 1907 698 1951 etiam
721 1908 992 1951 existimatio
1014 1915 1058 1953 et
1081 1909 1229 1952 bonus
1251 1908 1362 1951 odor
1390 1923 1444 1952 ex
1475 1909 1644 1961 fructu,
1680 1924 1815 1965 quem

187 1988 321 2030 refert
354 2000 405 2028 ac
436 1986 603 2030 referre
633 1992 781 2042 potest
804 1985 847 2029 in
874 1986 1071 2029 Domino
1093 1985 1295 2030 Societas
1317 2001 1372 2029 ex
1395 1986 1657 2042 germanico
1681 1986 1815 2029 mini-

187 2063 346 2116 sterio,
386 2078 521 2119 quarn
559 2077 613 2105 ex
652 2063 821 2116 indico;
868 2079 972 2106 nam
1008 2063 1054 2106 in
1093 2063 1353 2120 germanico
1390 2064 1528 2120 longe
1570 2063 1711 2107 maior
1747 2073 1816 2109 est

187 2140 433 2191 difficultas,
464 2141 600 2196 longe
627 2140 766 2183 maior
796 2141 1043 2184 necessitas
1071 2148 1116 2185 et
1143 2141 1418 2197 periculum;
1461 2156 1564 2184 nam
1597 2140 1815 2184 haeretici

189 2226 324 2259 totam
343 2216 577 2261 ecclesiam
596 2225 818 2260 conantur
835 2232 1127 2274 corrumpere
1144 2225 1280 2273 atque
1298 2227 1519 2270 euertere3
1541 2217 1634 2260 indi
1653 2217 1817 2262 infide-

190 2295 254 2337 les
277 2293 360 2337 sibi
384 2294 489 2336 solis
513 2302 692 2347 nocent3
717 2302 763 2337 et
791 2309 976 2350 prorsus
1006 2310 1104 2339 eam
1134 2294 1414 2351 prouinciam
1444 2294 1582 2337 sumit
1613 2293 1819 2339 Societas

189 2371 233 2412 in
256 2370 516 2422 Germania,
543 2385 657 2425 quae
680 2371 890 2415 omnibus
913 2373 1006 2416 fere
1035 2379 1103 2416 est
1131 2373 1376 2428 deplorata,
1408 2379 1514 2425 etc.;
1548 2371 1667 2414 illam
1698 2370 1817 2414 indi-

189 2462 286 2490 cam
324 2461 513 2490 messem
553 2456 659 2489 sunt
696 2448 906 2503 permulti
943 2448 1042 2503 alii,
1082 2449 1159 2504 qui
1198 2448 1370 2505 possint
1412 2448 1648 2505 colligere3
1697 2449 1817 2492 hanc

191 2524 421 2568 rarissimi.

278 2603 352 2645 Ad
375 2602 519 2644 media
542 2617 647 2645 vero
670 2611 717 2645 vt
746 2603 996 2655 veniamus,
1029 2605 1278 2646 curandum
1304 2603 1426 2646 omni
1460 2602 1610 2646 studio
1642 2610 1687 2647 et
1715 2601 1816 2645 dili-

191 2678 343 2732 gentia
386 2686 474 2730 est,
515 2688 563 2721 vt
601 2679 915 2735 quamplurimi
958 2680 1162 2736 germani
1203 2681 1258 2724 ad
1297 2679 1573 2725 Societatem
1617 2679 1817 2723 animum

191 2755 402 2797 adiiciant
421 2770 473 2798 ac
498 2754 798 2815 recipiant[ur]
821 2756 853 2808 b,
876 2771 965 2799 non
983 2757 1144 2809 solum,
1164 2757 1241 2812 qui
1260 2756 1498 2801 excellenti
1519 2756 1609 2800 sint
1632 2755 1820 2812 ingenio

264 2867 279 2882 υ
330 2857 383 2890 lta
414 2856 558 2891 desinit
589 2857 661 2891 hoc
694 2862 1002 2897 monumentum,
1035 2856 1230 2892 sententia
1262 2856 1502 2903 imperfecta.
1568 2858 1633 2884 —b
1671 2855 1820 2892 Ultima

196 2915 344 2959 syllaba
362 2915 474 2961 hujus
495 2916 618 2959 verbi,
638 2915 800 2950 discissa
823 2916 969 2960 charta,
989 2915 1116 2962 periit.

270 3005 277 3024 ¹
331 3004 428 3039 Vide
448 3004 735 3040 annotationem
759 3012 838 3040 Lam
859 3005 1098 3041 monumenti
1113 3004 1394 3051 praecedentis.
