2028 3426
338 254 394 281 xu
991 248 1237 283 PRAEFA'HO

291 349 440 392 benda
462 348 557 391 visa
579 356 699 391 sunt.
728 350 802 392 Ad
826 351 913 392 hoc
943 349 1063 393 enirn
1092 349 1244 405 plures
1266 362 1350 390 nos
1382 348 1578 391 rationes
1612 349 1923 404 perpulerunt.

295 425 448 469 Prima
472 426 653 480 quidem
677 427 801 481 quod
822 440 967 482 pauca
990 427 1235 469 admodum
1264 425 1402 480 hujus
1431 425 1602 468 codicis
1629 425 1835 481 exempla
1859 440 1928 468 re—

292 502 541 557 periantur,
569 503 797 555 Secunda,
823 504 948 558 quod
970 518 1039 555 ea,
1066 517 1182 557 quae
1211 509 1460 554 remanent,
1493 517 1584 545 non
1612 517 1668 545 ex
1699 502 1854 544 ultimo
1884 510 1928 544 et

292 580 349 621 ab
373 586 562 622 auctore
591 579 831 622 emendato
859 579 1121 635 exemplari,
1153 578 1233 622 sed
1265 592 1321 621 ex
1352 577 1652 622 inemendatis
1685 585 1729 622 et
1762 578 1929 634 imper-

294 655 425 699 fectis
448 655 673 712 descripta
698 656 880 700 fuerint.
909 657 1018 700 Tale
1041 662 1126 707 est,
1152 670 1195 697 V.
1222 669 1289 711 g.,
1311 656 1435 710 quod
1457 671 1483 698 a
1507 657 1559 699 P.
1588 656 1931 712 Braunsberger

293 732 339 774 in
370 732 540 775 Canisii
571 732 793 788 epistulis,
826 734 920 775 vol.
963 734 1041 784 IV,
1082 747 1222 788 pagg.
1265 733 1476 789 348-349,
1518 733 1757 788 allegatur,
1796 739 1929 788 prout

292 808 409 852 infra
431 823 572 866 pagg.
600 811 686 863 408
710 817 756 853 et
780 821 863 864 515
888 817 1114 852 notamus.
1142 808 1311 861 Tertia,
1337 811 1457 865 quod
1480 816 1662 852 nostrae
1691 809 1930 853 Societatis

292 886 553 929 hominibus
577 895 752 943 gratam
775 889 893 930 hanc
917 886 1161 930 editionem
1186 887 1285 930 fore
1307 887 1594 938 arbitramur,
1627 885 1792 941 quibus
1815 886 1929 928 anti—

291 977 404 1018 quas
434 964 789 1007 consuetudines
820 978 923 1007 cum
953 963 1184 1007 hodiernis
1222 977 1507 1020 componere,
1542 970 1587 1006 et
1624 964 1928 1027 venerandam

291 1049 547 1083 nostrarum
587 1040 879 1083 traditionum
916 1040 1232 1095 antiquitatem
1269 1054 1519 1096 agnoscere
1557 1041 1680 1082 haud
1719 1039 1928 1094 equidem

292 1117 567 1173 displicebit.
593 1119 784 1173 Quarta,
817 1132 922 1160 cum
952 1117 1129 1160 Scholia
1159 1117 1334 1160 Natalis
1367 1117 1487 1160 edita
1519 1117 1704 1170 fuerint,
1747 1117 1929 1158 Instru-

291 1196 468 1246 ctiones,
494 1209 611 1250 quae
633 1210 658 1237 a
681 1195 881 1238 secunda
904 1194 1263 1251 congregatione
1285 1194 1372 1237 illis
1394 1193 1762 1250 aequiparantur,
1789 1193 1833 1235 in
1861 1201 1927 1237 te-

294 1272 447 1315 nebris
468 1272 622 1327 jacere
660 1286 751 1314 non
789 1285 985 1327 aequum
1019 1271 1273 1314 videbatur.
1310 1270 1587 1314 Mentionem
1610 1270 1785 1314 illarum
1820 1270 1927 1313 facit

290 1346 343 1390 P.
386 1348 571 1391 Astrain
611 1348 656 1390 in
694 1349 907 1391 Historia
944 1348 997 1390 de
1033 1349 1076 1390 Za
1115 1348 1368 1390 Asistencz‘a
1407 1348 1461 1390 de
1497 1348 1700 1402 Espafia,
1738 1348 1827 1390 vol.
1870 1348 1924 1399 II,

290 1425 367 1467 lib.
390 1426 463 1477 III,
491 1439 589 1481 cap.
617 1427 670 1478 II,
695 1441 743 1470 n.
770 1426 811 1468 8.

381 1503 437 1544 Et
459 1504 571 1546 haec
595 1504 651 1547 de
673 1517 896 1546 novorum
919 1502 1094 1546 Natalis
1117 1501 1325 1544 codicum
1350 1501 1616 1545 recensione
1638 1500 1806 1544 dixisse
1830 1502 1928 1543 suf-

293 1579 430 1621 ficiat.
457 1581 526 1622 De
549 1579 603 1622 iis
626 1587 794 1632 autem,
820 1594 934 1635 quos
956 1580 1000 1621 in
1025 1579 1170 1635 primo
1192 1578 1424 1622 volumine
1446 1578 1784 1633 descripsimus,
1819 1576 1930 1620 nihil

291 1655 413 1698 aliud
436 1656 889 1701 animadvertendum
913 1665 1136 1713 superest,
1168 1655 1253 1698 nisi
1282 1670 1495 1712 magnam
1528 1661 1929 1698 monumentorum

294 1733 431 1788 hujus
460 1733 704 1776 voluminis
735 1741 904 1790 partem
937 1749 992 1778 ex
1025 1733 1170 1776 tribus
1208 1729 1441 1775 codicibus
1480 1732 1542 1775 ibi
1575 1731 1809 1776 recensitis
1845 1732 1926 1775 de-

294 1817 545 1866 promptam
584 1825 698 1854 esse:
740 1827 795 1855 ex
828 1810 1060 1854 codicibus
1091 1810 1263 1854 scilicet
1298 1810 1455 1852 Natal.
1490 1810 1625 1851 instr.
1667 1809 1836 1858 Lusit.;
1874 1823 1930 1851 ex

296 1888 454 1931 Natal.
479 1889 613 1931 instr.
647 1889 803 1931 Germ.
832 1896 877 1932 et
900 1903 955 1932 ex
979 1889 1163 1930 Natalis
1191 1888 1431 1943 opusculis:
1459 1893 1694 1942 praeterea
1723 1901 1777 1929 ex
1809 1886 1920 1928 Cod.

303 1965 441 2007 Vatic.
486 1975 525 2018 7,
564 1973 614 2007 ut
651 1965 825 2008 dictum
863 1973 948 2010 est.
990 1965 1051 2008 Hi
1089 1964 1257 2009 etenim
1296 1963 1476 2007 codices
1509 1963 1625 2005 inter
1663 1962 1932 2018 praecipuos

296 2043 343 2084 Ρ.
370 2042 545 2085 Natalis
567 2043 764 2086 habendi
787 2050 909 2086 sunt.
937 2044 1039 2086 Hac
1060 2043 1117 2086 de
1139 2056 1292 2094 causa,
1319 2056 1435 2096 quae
1457 2055 1513 2083 ex
1535 2040 1623 2082 illis
1640 2055 1731 2082 non
1755 2040 1931 2084 edenda

293 2118 391 2161 visa
415 2119 616 2171 fuerunt,
642 2135 668 2162 a
691 2120 857 2163 nostris
879 2119 1126 2163 lectoribus
1148 2118 1296 2173 aliqua
1319 2118 1475 2161 saltem
1506 2116 1681 2159 ratione
1712 2115 1929 2172 cognosci

294 2203 503 2251 oportere
525 2197 754 2250 duximus3
787 2197 980 2252 ideoque
1008 2195 1225 2240 fusiorem
1253 2195 1431 2237 illorum
1460 2193 1682 2245 notitiam,
1715 2201 1818 2249 post
1846 2207 1928 2235 no-

295 2287 458 2316 vorum
480 2273 688 2316 codicum
713 2273 1041 2327 recensionem,
1067 2274 1243 2316 damus.

385 2351 442 2392 Et
464 2351 634 2394 codicis
657 2351 866 2407 equidem
890 2352 1045 2394 Natal.
1071 2352 1205 2393 lustr.
1228 2350 1376 2393 Lusit.
1398 2347 1617 2405 cognitio,
1644 2354 1821 2403 praeter
1845 2346 1930 2390 alia

295 2429 552 2480 commoda,
578 2428 688 2470 illud
710 2428 876 2471 nostris
899 2427 1196 2483 scriptoribus
1225 2425 1549 2482 suppeditabit,
1583 2432 1633 2466 ut
1668 2425 1928 2480 regularum

296 2504 537 2548 Societatis
571 2504 794 2560 originem
828 2512 872 2548 et
909 2518 1203 2561 progressum
1236 2502 1396 2545 melius
1433 2502 1702 2557 dignoscere
1740 2507 1926 2555 queant.

297 2582 430 2635 Nam,
457 2596 560 2624 cum
583 2581 644 2624 ibi
668 2582 945 2637 antiquiores
968 2582 1154 2638 regulae
1176 2596 1202 2624 a
1224 2579 1374 2623 Natali
1406 2578 1615 2622 lusitanis
1649 2586 1693 2622 et
1727 2576 1931 2633 hispanis

296 2658 428 2701 datae
451 2658 788 2711 contineantur,
815 2673 870 2701 ex
892 2658 1070 2701 illarum
1093 2672 1196 2701 cum
1215 2654 1543 2701 recentioribus
1561 2654 1778 2710 exemplis
1797 2653 1928 2696 colla-

296 2733 434 2786 tione,
467 2742 724 2778 nostrarum
763 2736 917 2791 legum
957 2734 1189 2778 historiam
1227 2733 1378 2789 aptius
1414 2738 1658 2775 contexere
1694 2737 1927 2787 poterunt,

297 2813 417 2866 quod
435 2812 529 2867 jam
553 2812 809 2856 luculenter
831 2812 1055 2868 praestitit
1080 2813 1133 2857 P.
1158 2810 1346 2854 Astrain
1369 2809 1414 2852 in
1446 2822 1584 2864 opere
1612 2809 1815 2858 laudato,
1850 2821 1929 2848 vo-

298 2888 467 2932 lumine
491 2890 544 2942 II,
570 2888 685 2931 libro
707 2890 781 2941 III,
807 2888 954 2945 capite
976 2890 1029 2931 II.

384 2967 479 3009 Nos
502 2973 669 3016 autem,
696 2981 751 3010 ex
774 2966 949 3009 Natalis
967 2965 1236 3020 scriptorum
1255 2962 1514 3013 collatione,
1536 2960 1802 3016 praesertim
1820 2974 1930 3002 vero

293 3057 350 3086 ex
374 3042 576 3097 ejusdem
600 3041 818 3098 epistolis,
843 3041 1208 3098 ephemeridibus
1230 3047 1274 3084 et
1299 3038 1486 3095 regulis,
1517 3040 1630 3081 haec
1653 3043 1823 3093 puncta
1848 3051 1927 3091 pro
