2028 3426
349 214 419 257 690
823 211 976 246 PATms
1004 211 1247 247 HIERONYMI
1273 209 1425 246 NADAL

305 322 448 357 mater
485 313 780 359 excellentius
818 312 1060 368 intelligat3
1101 325 1236 366 quam
1274 311 1398 354 solus
1431 312 1575 366 Xpus.
1609 317 1809 367 superat.
1842 312 1939 355 Nec

305 399 456 434 tamen
479 398 624 435 status
651 399 719 433 est
748 390 794 432 in
823 389 971 432 anima
1001 388 1126 444 Xpi.;
1158 390 1285 432 Deus
1314 388 1433 432 enim
1463 388 1587 431 solus
1609 387 1939 444 perfectissime

303 467 516 523 intelligit
541 475 709 523 quanta
732 467 790 509 sit
814 465 988 522 peccati
1017 465 1221 522 grauitas
1250 466 1492 508 aduersum
1521 479 1585 508 se.
1613 465 1735 508 Hinc
1766 464 1935 521 poteris

303 553 348 589 et
378 545 609 588 charitatis
641 559 774 600 opera
799 550 1059 587 sanctorum
1088 557 1198 598 erga
1228 557 1312 586 nos
1340 541 1385 585 in
1415 541 1697 585 orationibus
1723 548 1769 585 et
1797 541 1940 586 inter-

303 622 585 665 cessionibus
608 629 652 665 et
674 620 909 664 sacrificiis
932 635 1013 676 pro
1036 619 1235 675 peccatis
1258 618 1424 662 nostris
1447 633 1639 675 pensare
1667 626 1712 662 et
1736 625 1937 662 nostram

302 698 611 755 stupiditatem
646 706 690 742 et
723 697 1007 741 caecitatem.
1044 699 1186 749 Deus,
1229 696 1396 739 adiuua
1433 710 1515 739 nos
1553 703 1735 752 propter
1772 709 1937 740 nomen

303 783 510 818 sanctum
536 782 681 817 tuum.

391 851 656 895 intercessio
686 851 877 907 virginis
909 850 1079 894 Mariae
1109 852 1165 894 ad
1194 850 1346 893 onmia
1375 850 1494 893 dona
1521 857 1567 894 et
1595 849 1766 906 gratias
1793 849 1914 905 impe

301 930 483 971 trandas
507 943 699 984 magnae
723 935 767 972 et
789 928 1054 972 excellentis
1076 935 1144 971 est
1166 926 1409 971 efficaciae.
1437 928 1527 970 Dat
1549 934 1702 971 autem
1724 941 1938 983 magnam

302 1006 512 1049 fiduciam
545 1006 665 1061 apud
699 1007 866 1059 Deum,
891 1005 927 1048 si
960 1005 1061 1060 quis
1094 1005 1151 1047 ad
1184 1004 1449 1056 orationem,
1480 1003 1577 1060 ipsa
1610 1003 1936 1053 intercedente,

302 1083 495 1126 accedit.

389 1161 433 1203 4¹
468 1161 547 1202 Est
571 1159 755 1215 spiritus
777 1158 1019 1204 Societatis
1041 1159 1223 1202 claritas
1246 1159 1468 1214 quaedam
1498 1172 1728 1214 occupans
1757 1165 1802 1201 et
1832 1158 1938 1201 diri·
1960 1146 1961 1149 Ἰ

303 1251 431 1293 gens.
461 1239 523 1280 Ita
545 1237 786 1280 videbatur
808 1237 987 1280 cuidam
1012 1238 1066 1281 Ρ.
1093 1236 1298 1292 Ignatius
1321 1235 1471 1293 dirigi.

390 1316 542 1369 Quum
568 1329 669 1358 oras
692 1314 919 1370 uirginem
944 1321 1133 1358 matrem
1157 1313 1242 1356 Dei
1266 1321 1314 1356 vt
1337 1328 1415 1369 pro
1440 1321 1483 1357 te
1504 1312 1774 1366 intercedat,
1802 1314 1938 1356 adeas

301 1406 417 1443 eam,
444 1391 677 1434 aduocatis
700 1391 912 1434 omnibus
929 1390 1105 1447 angelis
1128 1399 1172 1435 et
1191 1390 1377 1444 sanctis,
1400 1397 1494 1433 tota
1511 1390 1696 1434 coelesti
1719 1389 1938 1435 Hierusa-

300 1469 403 1512 lem.
431 1468 520 1511 Hic
544 1476 612 1513 est
635 1470 780 1511 honor
803 1467 994 1524 virginis
1017 1475 1062 1512 et
1085 1469 1245 1512 efficax
1268 1467 1470 1512 oratio...
1721 1471 1723 1473 ’

393 1545 672 1601 Quotidiano
695 1545 911 1590 exercitio
933 1552 1042 1588 sunt
1060 1552 1151 1589 tres
1168 1544 1268 1589 viae
1284 1545 1581 1589 exercendae:
1602 1551 1652 1587 vt
1668 1544 1936 1602 principium

301 1622 520 1666 orationis
543 1622 601 1664 sit
623 1638 678 1666 ex
701 1622 962 1679 purgatiua,
989 1622 1119 1678 quasi
1148 1621 1431 1678 praeludium
1460 1623 1705 1677 quoddam;
1743 1621 1810 1664 2.⁰
1839 1622 1939 1666 loco

300 1708 368 1743 est
391 1700 561 1755 aliquid
584 1715 639 1742 ex
662 1699 915 1756 scripturis,
941 1700 1013 1744 vel
1033 1699 1220 1742 omnino
1243 1713 1299 1742 ex
1321 1699 1542 1743 creaturis
1572 1699 1644 1742 vel
1675 1713 1731 1742 ex
1755 1714 1938 1756 praece·

299 1778 422 1821 denti
446 1778 647 1830 oratione
671 1776 981 1822 meditandum
1004 1776 1235 1820 humiliter
1252 1777 1308 1818 de
1326 1776 1437 1819 locis
1453 1784 1499 1819 et
1517 1776 1742 1833 personis,
1765 1776 1933 1830 verbis,

300 1854 444 1896 factis.
472 1854 592 1897 Hinc
616 1855 810 1898 leuanda
833 1869 961 1897 mens
984 1855 1040 1896 ad
1063 1869 1132 1905 ea,
1159 1868 1275 1908 quae
1298 1868 1389 1896 non
1412 1853 1639 1906 videntur,
1666 1868 1746 1910 per
1769 1853 1938 1896 illumi-

300 1931 527 1975 nationem
553 1939 597 1974 et
620 1931 850 1976 vnionem.

389 2010 514 2052 Deus
537 2009 581 2050 in
605 2009 735 2051 nobis
759 2016 843 2062 est;
871 2023 974 2051 nam
999 2022 1082 2051 nos
1104 2022 1278 2061 sumus,
1311 2015 1356 2052 et
1385 2009 1512 2051 Deus
1540 2016 1625 2060 est,
1658 2016 1703 2052 et
1731 2016 1935 2052 nostrum

298 2100 398 2129 esse
420 2100 475 2128 ex
498 2087 597 2129 Deo
621 2093 665 2129 et
688 2086 733 2128 in
758 2087 855 2129 Deo
878 2093 962 2129 est:
990 2100 1045 2129 ex
1069 2092 1227 2128 nostro
1251 2100 1350 2128 esse
1372 2087 1520 2129 Deum
1545 2085 1590 2128 in
1613 2085 1744 2129 nobis
1767 2085 1936 2130 intelli-

301 2162 452 2217 gimus
475 2170 519 2206 et
543 2164 798 2206 adoramus.

389 2239 568 2282 Veritas
591 2248 806 2295 gustatur
839 2254 891 2282 ac
924 2239 1135 2283 sentitur:
1173 2239 1249 2294 qui
1281 2253 1444 2283 sensus
1476 2239 1513 2282 si
1545 2246 1789 2292 constaret,
1830 2239 1935 2283 hinc

297 2316 446 2359 omnia
477 2324 679 2371 peccata,
712 2331 871 2360 omnes
900 2316 1268 2372 imperfectiones
1295 2316 1694 2372 dignoscerentur:
1727 2324 1773 2359 et
1802 2317 1934 2373 plane

300 2408 568 2448 progressus
593 2393 775 2447 quidam
801 2408 825 2435 a
847 2395 945 2436 Deo
969 2400 1036 2436 est
1060 2393 1242 2437 veritas.

387 2470 672 2513 Desiderauit
697 2470 907 2513 Christus
930 2471 1017 2512 iam
1041 2471 1145 2514 inde
1169 2486 1193 2513 a
1216 2485 1298 2513 sua
1322 2471 1622 2526 conceptione
1651 2485 1852 2523 crucem,
1885 2478 1935 2512 vt

298 2547 468 2589 sciebat
492 2546 620 2589 aliter
644 2561 732 2589 non
760 2548 1069 2590 redimendum
1096 2547 1324 2590 hominem
1354 2547 1398 2589 in
1429 2548 1619 2603 gloriam
1647 2547 1809 2590 Patris:
1843 2549 1933 2590 huc
1974 2583 1977 2585 Α

301 2624 523 2668 referebat
552 2623 677 2665 illud:
716 2623 976 2667 «Desiderio
1005 2624 1314 2668 desideraui...
1348 2626 1383 2661 ¹»
1421 2625 1485 2667 Ita
1514 2625 1564 2666 fit
1599 2633 1670 2677 vt,
1703 2624 1780 2679 qui
1815 2624 1930 2667 viam

300 2700 482 2755 spiritus
506 2699 791 2756 aggreditur,
818 2700 1041 2742 desiderio
1066 2700 1259 2755 primum
1284 2700 1454 2743 moueri
1477 2701 1641 2744 debeat
1664 2702 1721 2744 ad
1745 2701 1932 2744 mortifi—

299 2777 521 2819 cationem
544 2791 688 2827 suam,
720 2776 782 2819 44
806 2777 1000 2831 patiatur
1029 2778 1185 2827 multa,
1218 2777 1365 2821 donec
1394 2776 1929 2829 mortificatis-sensibus,

299 2862 342 2894 et
377 2868 477 2895 <tum
512 2853 698 2896 Christo
731 2861 955 2908 resurgat,
989 2854 1203 2895 ascendat
1226 2853 1271 2894 in
1299 2854 1493 2906 coelum,
1529 2862 1575 2896 et
1607 2855 1852 2899 consedeat
1885 2855 1930 2896 in

298 2930 585 2982 coelestibuffi
613 2944 729 2985 quae
752 2930 1012 2973 diuinorum
1038 2937 1106 2974 est
1130 2930 1468 2986 contemplatio.
