2028 3426
350 216 419 252 544
821 210 976 246 Parius
1002 210 1245 246 Hmnounu
1273 209 1423 246 NADAL

301 318 407 354 ster.
433 312 538 355 Aue
567 312 722 356 Maria.
749 313 875 356 Deus
911 313 986 355 det
1024 311 1154 355 nobis
1171 326 1299 354 suam
1338 326 1510 367 pacem,
1543 320 1589 357 et
1617 319 1717 368 post
1740 318 1936 356 mortem

298 387 435 431 vitam
459 395 731 433 aeternam.»
759 390 883 434 Solet
913 403 1019 433 vero
1041 387 1162 432 addi:
1192 390 1360 431 «Beata
1389 388 1563 434 viscera
1591 389 1760 433 Mariae
1794 388 1935 445 virgi·
1987 426 1993 432 .

300 465 369 508 nis
396 467 452 508 ¹.»

622 594 682 622 DF.
719 592 1133 622 MORTIFICATIONE
1167 592 1226 622 ET
1262 586 1604 623 POENITENTIIS

387 698 623 740 Fratribus
647 712 701 740 ne
719 699 851 742 detur
873 711 954 754 pro
977 696 1324 741 mortificatione
1345 706 1394 740 vt
1415 706 1598 755 gestent
1620 705 1772 743 vestes
1795 699 1930 742 coad—

300 775 495 817 iutorum
535 774 865 830 temporalium,
906 790 963 818 ne
1000 773 1142 818 videri
1180 783 1364 830 possent
1401 775 1512 820 viles
1549 775 1650 819 illae
1689 782 1854 828 vestes,
1888 783 1934 820 et

2011 687 2028 716 5-
1999 636 2016 662 ·”
1998 443 2028 613 --ἷθ-ῙΑΛἿἈΓ
2018 399 2022 403 ,

298 859 443 895 status
461 852 533 895 ille
550 852 863 894 coadiutorum
883 851 1194 907 temporalium
1213 853 1450 896 habendus
1467 867 1548 909 pro
1565 851 1933 896 mortificatione·
1998 867 2000 874 ’

299 928 347 973 Si
370 927 572 971 vestibus
593 932 680 974 482
709 927 1011 971 mortificandi
1048 935 1155 971 sunt
1187 929 1362 981 fratres,
1398 929 1493 972 dari
1517 928 1603 972 illis
1638 936 1829 985 possunt
1851 930 1908 973 de

299 1005 428 1049 tritae
452 1012 600 1048 vestes
622 1012 666 1046 et
694 1005 931 1057 laceratae,
963 1006 1035 1049 vel
1073 1019 1190 1060 quae
1227 1005 1394 1061 alioqui
1433 1005 1824 1050 mortificationem
1855 1020 1931 1061 pa-

301 1082 417 1124 riant
441 1090 485 1126 et
515 1081 842 1125 confusionem.

387 1158 593 1202 Ministro
621 1158 808 1202 concedi
834 1159 1001 1215 poterit
1038 1159 1281 1215 aliquando
1318 1159 1499 1216 publica
1536 1174 1686 1203 coram
1717 1159 1932 1204 fratribus

298 1235 600 1289 mortificatio,
621 1236 689 1278 vel
710 1235 885 1292 iniungi
909 1235 1044 1279 etiarn
1061 1236 1355 1293 poenitentia,
1376 1236 1412 1280 si
1431 1236 1492 1280 ita
1515 1236 1722 1281 videatur
1746 1236 1926 1281 rectori.

299 1312 420 1355 Huic
444 1312 595 1365 etiam,
621 1313 657 1355 si
681 1313 742 1356 ita
765 1312 971 1356 videatur
993 1313 1277 1369 prouinciali,
1303 1329 1358 1358 ex
1381 1314 1543 1358 idonea
1566 1328 1718 1357 causa.

386 1390 709 1445 Vnusquisque
748 1397 874 1433 notet
912 1390 1115 1446 proprias
1148 1405 1201 1433 ac
1242 1392 1472 1435 naturales
1510 1391 1846 1447 complexiones
1883 1400 1928 1435 et

295 1467 431 1509 animi
469 1467 793 1523 aegritudines,
833 1468 906 1512 vel
936 1482 1052 1523 quae
1091 1467 1449 1513 melancholicae
1487 1476 1594 1512 sunt
1631 1469 1703 1511 vel
1740 1469 1926 1511 choleri-

294 1559 390 1596 cae,
417 1552 523 1596 etc.,
551 1545 621 1587 vel
644 1544 810 1599 alioqui
832 1559 949 1599 quae
971 1545 1027 1587 ad
1050 1553 1286 1600 peccatum
1316 1544 1497 1600 aliquod
1519 1544 1753 1599 inclinant,
1779 1553 1828 1587 vt
1851 1560 1930 1590 eas
1995 1556 1999 1563 ¹

295 1636 375 1677 pro
397 1621 513 1663 virili
535 1621 582 1663 in
605 1621 788 1664 Christo
811 1623 1052 1666 emendare
1076 1622 1259 1665 nitatur.
1287 1623 1389 1665 Hoc
1418 1630 1586 1674 autem,
1613 1636 1704 1665 non
1734 1624 1879 1666 solum
1903 1639 1928 1667 a

294 1699 485 1754 singulis
508 1713 590 1755 pro
608 1703 656 1741 se
675 1706 741 1743 est
760 1699 1028 1752 curandum,
1049 1699 1261 1742 adhibitis
1279 1699 1488 1743 remediis
1511 1699 1727 1756 appositis
1745 1708 1790 1744 et
1808 1715 1928 1743 mor·
1994 1728 1998 1733 -

295 1776 616 1819 tificationibus
637 1790 661 1818 e
687 1775 886 1818 *consilio
925 1775 1188 1819 confessarii
1227 1777 1299 1820 vel
1337 1776 1599 1832 superioris,
1640 1778 1719 1820 sed
1749 1791 1832 1833 pro
1856 1777 1927 1821 his

294 1867 460 1909 magno
482 1853 633 1895 studio
656 1860 700 1895 et
723 1868 804 1908 pro
826 1868 874 1896 se
896 1860 941 1896 et
964 1867 1045 1909 pro
1068 1852 1278 1896 omnibus
1310 1861 1378 1896 est
1403 1854 1758 1909 procurandum.

383 1931 575 1973 Carcere
599 1945 654 1972 ne
679 1937 872 1982 Vtamur,
899 1929 983 1973 nisi
1008 1944 1080 1973 res
1107 1938 1225 1974 esset
1260 1938 1348 1972 tam
1381 1945 1548 1987 vrgens
1582 1938 1763 1986 tamque
1785 1933 1925 1974 vehe-

293 2021 436 2058 mens,
462 2015 510 2048 vt
531 2011 619 2052 483
641 2007 833 2049 animam
857 2022 909 2050 ea
931 2007 1025 2050 sola
1046 2007 1220 2050 ratione
1248 2007 1462 2051 lucrifieri
1487 2022 1620 2063 posse
1642 2016 1924 2064 compertum

293 2092 412 2128 esset
436 2084 596 2126 rectori
621 2099 676 2126 ex
699 2084 886 2127 consilio
924 2085 1250 2127 consultorum.
1278 2085 1444 2128 Carcer
1467 2099 1573 2129 vero
1602 2091 1697 2127 tum
1727 2092 1824 2129 esto
1847 2099 1923 2128 cu-

292 2161 510 2214 biculum,
532 2162 766 2204 commode
789 2162 844 2203 ad
868 2163 952 2204 hoc
976 2177 1001 2204 a
1023 2161 1253 2217 superiore
1275 2162 1518 2214 delectum,
1539 2176 1655 2217 quae
1682 2169 1832 2205 tamen
1855 2176 1924 2205 re-

291 2238 434 2281 clusio
458 2253 548 2280 non
588 2245 677 2280 tam
712 2252 865 2280 carcer
896 2246 1015 2282 esset
1045 2239 1326 2294 appellanda,
1368 2253 1502 2293 quam
1537 2239 1822 2282 mortificatio
1855 2240 1925 2283 vel

291 2315 543 2370 disciplina,
564 2330 679 2369 quae
705 2315 908 2370 vsurpari
931 2314 1065 2358 etiam
1090 2316 1148 2357 ob
1167 2315 1275 2357 alias
1299 2330 1387 2358 non
1414 2323 1501 2359 tarn
1523 2323 1739 2371 Vrgentes
1762 2330 1926 2359 causas

292 2400 456 2447 potest.

381 2469 553 2523 Culpae
576 2469 785 2510 dicantur
807 2483 862 2510 ex
886 2476 1128 2524 suggestu.

381 2547 602 2601 Tempore
637 2545 920 2588 vacationum
955 2545 999 2587 in
1033 2545 1236 2601 collegiis
1269 2554 1580 2602 proponantur
1613 2546 1925 2590 mortificatio-

291 2637 387 2674 nes,
414 2637 603 2678 quarum
629 2622 761 2665 index
786 2623 919 2664 datus
942 2629 1009 2664 est
1035 2622 1285 2664 rectoribus
1314 2623 1347 2674 ‘·’,
1379 2631 1427 2664 vt
1456 2624 1616 2666 fratres
1645 2629 1850 2678 petentes
1879 2631 1923 2667 et

291 2700 386 2741 illas
420 2699 637 2742 facientes
671 2706 947 2742 renouentur
980 2698 1023 2739 in
1057 2697 1240 2753 spiritu:
1277 2707 1321 2742 et
1354 2699 1390 2741 si
1424 2699 1560 2754 aliqui
1594 2713 1682 2742 non
1716 2706 1922 2755 peterent

289 2776 482 2831 aliquam
513 2774 904 2818 mortificationem
934 2775 1004 2817 vel
1035 2776 1149 2816 forte
1178 2775 1394 2818 leuiorem
1419 2783 1640 2831 peterent,
1675 2783 1720 2818 et
1749 2775 1794 2818 in
1826 2778 1922 2819 Do-
1974 2810 1979 2814 .

1641 2836 1651 2862 x

362 2905 370 2923 ¹
422 2900 483 2936 Cf.
507 2900 685 2935 Monam.
708 2900 866 2947 Ignat„
888 2898 940 2933 IV
959 2910 1050 2942 sen,
1072 2899 1098 2944 Ι,
1117 2908 1198 2943 2453
1220 2904 1260 2934 et
1279 2899 1392 2943 infra,
1413 2911 1503 2946 pag.
1528 2900 1596 2945 556
1623 2912 1699 2935 ms.
1721 2900 1834 2946 hujus
1859 2911 1920 2935 co-

290 2960 402 2994 dicis.

360 3021 372 3040 ²
426 3019 523 3054 Vide
544 3031 668 3065 supra.
693 3030 780 3064 pag.
802 3026 883 3062 447.
