2028 3426
321 183 390 229 488
791 185 944 222 PATms
971 186 1213 222 ΗιειῑοΝΥΜι
1240 186 1390 222 NADAL

364 285 519 331 Fuerit
541 302 600 332 ne
621 289 780 331 sanus?

362 362 433 406 An
459 364 616 407 firmus
638 364 684 406 in
707 364 964 417 vocatione,
991 371 1035 408 et
1058 364 1209 408 animo
1238 371 1460 420 prompto,
1492 371 1541 406 vt
1570 363 1694 407 viuat
1722 378 1774 424 ac
1804 379 1903 408 mo-

273 439 412 482 riatur
434 439 480 482 in
503 440 741 485 Societatis
765 439 1021 484 obedientia
1044 441 1217 496 absque
1239 430 1326 484 alio
1348 439 1486 483 animi
1507 439 1764 496 proposito?

359 521 442 563 358
471 518 591 561 Num
620 518 665 559 in
694 518 852 560 officiis
883 518 952 560 vel
980 517 1370 573 occupationibus,
1406 517 1452 560 in
1489 516 1655 573 quibus
1693 525 1901 561 versatus

272 602 356 646 est,
384 594 516 637 fuerit
538 595 686 637 animo
708 595 861 649 quieto
883 602 928 637 et
951 594 1202 650 composito
1225 602 1270 637 et
1292 608 1396 637 curn
1425 595 1598 637 fructu?

362 672 573 728 Quonam
596 679 727 727 pacto
750 686 798 714 se
827 671 1019 727 gesserit
1047 671 1091 714 in
1121 671 1394 725 obedientia,
1426 671 1692 714 nominatim
1724 686 1829 715 vero
1856 670 1902 714 in

272 762 340 801 ea,
368 763 484 803 quae
507 757 575 792 est
598 748 875 792 intellectus?

362 826 757 881 Quemadmodum
795 825 858 868 illi
896 825 1168 870 successerit
1206 825 1251 868 in
1295 825 1500 868 oratione
1542 825 1616 869 vel
1647 825 1793 868 vocali
1830 824 1912 883 veli

272 903 470 954 mentali,
504 903 731 957 quomodo
760 902 804 944 in
835 902 983 946 missis
1012 903 1084 947 vel
1113 902 1411 955 celebrandis,
1453 903 1525 945 vel
1562 902 1816 955 audiendis,
1856 901 1901 944 in

271 977 569 1034 suscipiendis
607 979 916 1032 sacramentis,
949 979 1138 1035 aliisque
1177 981 1328 1033 rebus,
1365 994 1481 1035 quae
1517 979 1573 1022 ad
1611 978 1901 1023 deuotionem

272 1056 480 1108 attinent,
507 1064 551 1100 et
575 1070 708 1111 quem
732 1057 915 1100 modum
939 1057 1096 1100 orandi
1120 1057 1301 1109 habeat,
1322 1072 1431 1100 num
1453 1056 1768 1113 scrupulosus?

360 1134 433 1176 An
459 1133 780 1189 occupationes
802 1141 1032 1186 externae,
1054 1133 1151 1177 siue
1174 1133 1443 1187 studiorum,
1469 1133 1567 1177 siue
1589 1133 1902 1188 cuiuscunque

272 1210 457 1254 alterius
479 1210 713 1253 ministerii
735 1210 1045 1256 imminuerint
1066 1210 1129 1253 illi
1152 1211 1225 1255 vel
1247 1210 1516 1255 imminuant
1546 1209 1732 1267 spiritus
1760 1210 1903 1255 deuo-

273 1287 456 1339 tionem,
485 1288 556 1329 vel
579 1287 745 1344 alioqui
769 1289 988 1344 augeant?

362 1365 590 1407 Passusne
613 1364 670 1407 sit
694 1365 969 1410 tentationes
993 1365 1190 1410 acriores
1207 1365 1253 1408 in
1277 1364 1532 1417 vocatione,
1558 1365 1629 1409 vel
1653 1364 1749 1408 aliis
1767 1365 1902 1409 rebus

272 1441 574 1497 grauioribus,
601 1456 713 1497 quas
738 1441 1013 1487 tentationes
1035 1442 1109 1486 alii
1131 1442 1451 1494 intellexerint,
1487 1449 1532 1487 et
1563 1456 1670 1484 num
1700 1455 1776 1486 eas
1805 1441 1902 1484 aliis

273 1518 366 1574 ipse
390 1518 811 1572 communicauerit,
837 1519 936 1562 siue
959 1519 1147 1564 internis
1169 1519 1266 1563 siue
1284 1518 1502 1564 externis?
1607 1574 1610 1578 Δ

359 1596 480 1639 Num
504 1595 722 1638 iudicium
746 1595 958 1640 habuerit
980 1596 1209 1653 proprium
1233 1597 1305 1639 vel
1327 1595 1656 1639 dubitationem
1686 1596 1742 1639 de
1770 1594 1901 1638 insti-

274 1679 389 1726 tuto,
415 1672 817 1717 constitutionibus
838 1681 883 1717 et
906 1673 1077 1730 regulis
1099 1668 1379 1718 Societatis?

360 1751 435 1793 An
458 1751 514 1794 de
537 1750 673 1793 rebus
695 1750 781 1794 illis
804 1750 1122 1807 disputauerit,
1148 1750 1276 1806 quasi
1299 1748 1547 1795 dubitaret?

358 1832 441 1872 359
465 1828 586 1870 Num
611 1834 714 1870 vota
737 1827 978 1872 Societatis
1007 1828 1186 1880 habeat,
1213 1835 1258 1872 et
1280 1842 1338 1871 an
1361 1827 1520 1872 melius
1543 1827 1709 1872 habeat
1739 1827 1784 1870 in
1808 1826 1901 1884 spi-

275 1903 363 1946 ritu
386 1911 626 1960 postquam
648 1904 721 1947 illa
745 1905 901 1958 edidit,
926 1913 971 1949 et
994 1920 1051 1948 an
1074 1904 1160 1948 alia
1184 1911 1288 1948 vota
1312 1906 1497 1949 habeat?

359 1982 479 2024 Num
502 1981 548 2023 in
571 1982 781 2025 omnibus
803 1982 1144 2025 difficultatibus
1167 1990 1212 2026 et
1229 1982 1394 2034 dubiis,
1416 1981 1513 2025 siue
1536 1997 1687 2027 rerum
1709 1981 1901 2026 interio-

275 2071 388 2108 rum,
410 2056 507 2101 siue
525 2057 815 2111 exteriorum,
836 2058 872 2100 si
896 2057 979 2114 ipsi
1004 2058 1302 2111 occurrerint,
1324 2059 1396 2103 vel
1414 2065 1671 2111 occurrent,
1693 2057 1750 2101 sit
1771 2071 1901 2113 para-

274 2141 346 2175 tus
364 2141 482 2176 stare
500 2134 804 2178 conscientiae
822 2135 893 2177 vel
911 2134 1076 2177 iudicio
1091 2135 1346 2187 Societatis,
1361 2134 1540 2191 proprio
1558 2148 1695 2179 sensu
1713 2148 1765 2178 ac
1783 2134 1901 2178 iudi-

273 2209 343 2252 cio
362 2209 583 2265 deposito,
605 2218 650 2254 et
667 2225 723 2254 an
741 2210 913 2265 aliquas
931 2211 1114 2254 omnino
1131 2212 1296 2256 habeat
1314 2211 1574 2254 huiusmodi
1592 2211 1901 2254 difficultates?

363 2287 438 2329 An
462 2286 518 2330 sit
541 2287 802 2330 indifferens
830 2289 886 2330 ad
909 2303 1066 2332 omnes
1088 2295 1233 2331 status
1255 2288 1509 2340 Societatis,
1536 2287 1612 2343 qui
1640 2289 1789 2331 adhuc
1811 2302 1900 2331 non

274 2371 342 2407 est
365 2363 690 2408 determinatus
722 2365 777 2407 ad
810 2364 1003 2420 aliquem
1032 2373 1216 2418 statum;
1247 2380 1305 2409 an
1335 2365 1508 2410 scilicet
1545 2364 1603 2408 sit
1640 2364 1902 2409 indifferens

276 2450 322 2483 vt
351 2441 408 2484 sit
436 2440 750 2493 scholasticus,
783 2441 1015 2484 coadiutor
1055 2442 1329 2498 temporalis,
1369 2442 1602 2485 coadiutor
1638 2441 1899 2498 spiritualis,

276 2518 348 2562 vel
371 2519 619 2574 professus?

364 2595 456 2650 Qui
480 2609 588 2640 vero
611 2602 679 2639 est
701 2595 1015 2647 scholasticus,
1042 2611 1099 2638 an
1128 2595 1184 2639 sit
1214 2596 1474 2639 indifferens
1497 2603 1545 2638 vt
1567 2595 1624 2639 sit
1647 2595 1899 2649 coadiutor,

280 2673 349 2716 vel
373 2673 625 2728 professus?

364 2750 411 2795 Si
435 2749 696 2794 indifferens
724 2750 781 2793 sit
804 2751 867 2805 (vt
889 2750 1055 2793 debent
1082 2751 1270 2805 omnes),
1302 2751 1357 2793 ad
1387 2765 1521 2806 quem
1553 2759 1702 2795 tamen
1731 2757 1902 2794 statum

279 2826 490 2871 maiorem
515 2827 679 2872 sentiat
702 2826 1062 2870 inclinationem?

366 2905 440 2947 An
470 2903 527 2947 sit
555 2903 815 2949 indifferens
846 2905 902 2947 ad
931 2904 1080 2947 omnia
1108 2905 1255 2947 officia
1286 2905 1357 2947 vel
1386 2904 1633 2949 ministeria
1662 2904 1904 2950 Societatis

277 2982 348 3025 vel
373 2981 674 3025 obedientias?
