2028 3426
670 263 1098 299 INSTRUCTIONES-6I
1579 259 1647 306 395

20 366 36 385 ²
70 360 531 417 solum‘deliberati0‚
571 366 691 408 vnde
729 364 891 420 aliquis
928 380 953 408 e
978 363 1144 406 nostris
1176 361 1234 405 sit
1266 361 1578 413 dimittendus,
1615 364 1694 406 sed

69 445 203 489 etiam
223 442 446 495 executio;
461 447 606 498 pauca
623 440 781 497 opinor
798 441 882 484 erit
898 455 1033 497 opere
1049 439 1279 495 praecium
1297 438 1353 481 de
1372 438 1439 479 his
1458 446 1691 481 annotare:

67 528 112 565 et
133 520 325 576 primum
349 518 546 574 quidem,
567 531 683 573 quae
706 518 948 560 traduntur
969 516 1015 558 in
1037 516 1236 560 secunda
1259 521 1385 570 parte
1403 514 1683 557 constitutio·

35 610 38 614 ’
66 612 173 641 num
197 604 242 640 et
258 595 612 639 declarationum
634 601 740 637 sunt
758 601 967 636 accurate
983 592 1310 636 consideranda
1327 598 1373 633 et
1389 591 1691 643 obseruanda;

67 688 181 730 quae
203 688 311 716 vero
334 674 389 715 ad
407 671 581 728 praxim
604 678 648 714 et
672 685 800 713 Vsum
825 671 1016 714 attinere
1033 660 1260 721 videntur,
1279 668 1485 710 hocloco
1502 675 1691 709 annota-

17 799 19 801 .
66 752 251 794 buntur.

151 828 208 870 72
230 827 342 869 Illud
366 840 475 881 ergo
498 824 692 881 primum
714 825 1020 875 statuendum,
1047 824 1220 866 nullum
1248 836 1379 878 posse
1408 836 1434 864 a
1463 820 1692 865 Societate

62 902 225 946 dimitti
258 904 508 959 professum
542 902 614 945 vel
646 900 954 944 coadiutorem
986 902 1228 943 formatum
1260 900 1430 953 absque
1460 911 1686 940 consensu

31 1011 33 1013 ·
63 980 285 1037 generalis
315 978 572 1036 praepositi.
604 979 702 1021 Hos
732 984 898 1029 tamen,
925 977 961 1019 si
990 991 1060 1019 res
1089 982 1287 1032 vrgeret‚
1324 981 1477 1031 posset
1511 973 1691 1016 mittere

32 1087 41 1109 ¹-
61 1055 350 1113 prouincialis
372 1056 428 1098 ad
451 1055 725 1111 generalem,
752 1054 823 1096 vel
846 1053 890 1095 in
914 1052 1342 1108 peregrinationem,
1367 1052 1439 1094 vel
1462 1051 1519 1093 ad
1549 1064 1690 1092 xeno-

61 1132 238 1185 dochia,
270 1133 416 1176 donec
442 1147 523 1188 per
548 1131 701 1175 literas
729 1131 989 1173 consulatur
1019 1129 1260 1185 generalis,
1292 1135 1336 1172 et
1358 1143 1413 1170 eo
1438 1127 1640 1180 nomine,
1666 1142 1693 1170 e

25 1242 27 1246 -
60 1224 168 1254 suae
196 1209 459 1265 prouinciae
490 1207 692 1264 collegiis
719 1209 791 1252 vel
825 1207 1036 1249 domibus
1068 1207 1306 1262 expellere,
1343 1203 1561 1247 consultis
1595 1203 1690 1246 suis

61 1286 340 1330 consiliariis.
374 1285 466 1341 Qui
487 1299 596 1328 vero
618 1291 723 1327 sunt
746 1283 1003 1326 scholastici
1025 1282 1275 1338 approbati,
1301 1296 1378 1325 eos
1400 1281 1445 1323 in
1469 1280 1693 1337 grauibus

34 1379 36 1382 ’
60 1370 105 1407 et
124 1362 393 1419 Vrgentibus
415 1361 563 1405 causis
585 1360 856 1404 dimissionis
879 1367 1069 1416 possunt
1091 1374 1167 1414 per
1190 1374 1239 1402 se
1256 1358 1484 1401 dimittere
1502 1356 1691 1413 prouin-

60 1440 209 1484 ciales.
241 1438 439 1482 Possunt
466 1447 510 1482 et
538 1453 616 1482 eos
644 1437 885 1489 dimittere,
922 1436 997 1491 qui
1030 1443 1136 1479 sunt
1167 1436 1213 1478 in
1246 1435 1526 1491 probatione.
1563 1432 1691 1477 Sciat

31 1554 33 1557 Α
58 1531 190 1573 porro
211 1515 503 1572 prouincialis
525 1531 582 1558 an
604 1515 738 1558 liceat
755 1514 840 1557 sibi
858 1528 937 1569 per
954 1514 1230 1569 generalem,
1252 1528 1306 1555 ex
1325 1512 1550 1562 omnibus,
1573 1524 1688 1565 quos

24 1597 25 1600 ’
55 1593 272 1637 iudicabit
294 1609 319 1636 a
341 1593 565 1637 Societate
587 1588 892 1643 dimittendos,
918 1605 995 1634 eos
1018 1592 1204 1632 Romam
1227 1589 1420 1640 mittere,
1446 1587 1480 1630 si
1507 1587 1584 1642 qui
1607 1601 1688 1628 va-

39 1666 177 1715 leant
199 1670 420 1726 singulari
438 1669 589 1724 aliqua
606 1670 834 1720 facultate,
860 1669 932 1710 vel
948 1667 1136 1723 ingenii,
1162 1667 1233 1709 vel
1251 1666 1498 1716 literarum,
1525 1671 1614 1708 etc.
1640 1663 1687 1707 Si

57 1762 188 1803 quem
213 1754 363 1791 tamen
385 1747 580 1789 dimittat
603 1762 658 1790 ex
679 1746 895 1789 facultate
917 1759 942 1787 e
964 1744 1189 1788 Societate
1212 1741 1518 1798 prouincialis,
1545 1742 1602 1782 de
1634 1753 1689 1783 eo

56 1824 198 1880 primo
229 1838 409 1879 quoque
437 1824 493 1868 73
522 1830 724 1879 tempore
757 1821 890 1864 faciat
923 1821 1161 1864 certiorem
1194 1819 1469 1875 generalem.
1509 1816 1682 1860 Poterit

22 1958 27 1962 ἡ
55 1907 285 1957 praeterea
307 1916 363 1944 ex
385 1915 466 1942 sua
488 1899 721 1955 prouincia
744 1899 800 1941 ad
824 1898 954 1940 aliam
977 1897 1155 1940 mittere
1178 1896 1444 1946 iuuandum,
1471 1894 1507 1937 si
1531 1893 1593 1936 ita
1614 1893 1685 1934 in-

57 1985 123 2021 ter
143 1992 191 2020 se
213 1984 258 2020 et
280 1977 416 2020 alium
439 1976 764 2033 prouincialem
792 1974 1050 2018 conueniat.
1085 1972 1359 2029 Praepositis
1388 1970 1608 2014 localibus
1642 1976 1687 2013 et

55 2054 304 2098 rectoribus
326 2054 390 2096 vti
411 2060 624 2110 poterunt
648 2051 948 2109 prouinciales
974 2049 1246 2093 administris
1269 2050 1326 2091 ad
1349 2050 1432 2090 has
1464 2046 1688 2089 dimissio-

55 2146 150 2182 nes,
191 2131 397 2186 quamuis
434 2131 520 2173 illis
551 2131 674 2173 nulla
706 2130 839 2172 datur
871 2128 1062 2171 facultas
1096 2125 1350 2169 dimittendi
1381 2140 1406 2167 a
1439 2124 1684 2168 Societate.

14 2205 15 2210 ’
56 2208 227 2251 Poterit
249 2214 399 2250 tamen
422 2222 447 2250 a
469 2206 733 2263 prouinciali
758 2212 802 2250 et
824 2204 1008 2249 debebit
1030 2203 1234 2255 concedi,
1261 2209 1325 2254 vt,
1351 2202 1388 2244 si
1413 2200 1513 2256 quis
1538 2201 1595 2242 ob
1612 2215 1686 2241 vr—

57 2296 216 2340 gentes
240 2298 401 2327 causas
431 2290 476 2326 et
498 2298 663 2339 graues
685 2282 731 2324 in
758 2283 892 2324 domo
914 2281 987 2323 vel
1010 2279 1198 2335 collegio
1230 2294 1322 2322 non
1345 2278 1552 2320 videatur
1581 2275 1687 2319 reti-

59 2361 249 2412 nendus,
276 2368 324 2402 vt
347 2376 451 2404 eum
474 2361 530 2402 ad
553 2359 875 2415 prouincialem
893 2358 1090 2401 mittant.

142 2437 234 2492 Qui
250 2444 319 2480 est
337 2437 532 2492 aliquem
550 2436 831 2488 dimissurus,
846 2434 1050 2478 solicituS
1068 2433 1250 2489 quidem
1268 2446 1367 2475 esse
1384 2432 1521 2474 debet
1538 2430 1684 2472 donec

55 2512 138 2557 rite
159 2513 410 2569 inquisierit
432 2528 483 2557 ac
501 2513 725 2557 definierit
746 2528 803 2555 an
826 2510 1050 2554 dimittere
1072 2511 1249 2562 debeat3
1276 2508 1453 2559 deinde,
1480 2506 1615 2549 etiarn
1647 2505 1683 2547 si

13 2633 20 2640 ,
56 2604 192 2646 aegre
209 2590 267 2632 sit
283 2591 457 2632 laturus
474 2589 643 2632 dimissi
661 2590 890 2640 damnum,
912 2595 956 2632 et
974 2586 1213 2632 Societatis
1231 2585 1413 2640 aliquod
1436 2582 1683 2626 detrimen—

57 2674 168 2718 tum,
196 2673 345 2709 tamen
369 2665 506 2709 animi
528 2665 841 2721 magnitudine
868 2672 913 2707 et
935 2662 1211 2707 confidentia
1240 2661 1412 2717 gratiae
1441 2656 1687 2703 Societatis

55 2749 248 2794 erectus,
274 2756 367 2784 rem
393 2748 659 2797 exequatur,
685 2741 888 2785 modeste
911 2740 1108 2795 quidem,
1134 2739 1215 2781 sed
1236 2736 1438 2779 hilariter
1461 2742 1612 2776 tamen
1636 2732 1680 2773 in

27 2855 30 2857 ,
56 2818 254 2871 Christo,
280 2832 364 2862 nec
387 2817 699 2860 confusionem
721 2824 960 2873 propterea
983 2815 1173 2866 timebit,
1192 2813 1320 2868 quasi
1342 2812 1457 2854 male
1480 2809 1538 2852 sit
1558 2807 1681 2850 audi-

57 2901 155 2937 tura
182 2894 401 2947 Societas3
433 2894 542 2950 quin
570 2901 727 2936 contra
756 2892 904 2948 potius
928 2908 952 2935 a
981 2890 1176 2934 cordatis
1200 2888 1464 2931 hominibus
1490 2886 1549 2928 74
1573 2898 1682 2926 con-

54 2970 162 3014 fidet
190 2970 349 3014 melius
378 2970 651 3021 audituram,
684 2969 761 3025 qui
788 2983 844 3011 eo
879 2968 1023 3024 magis
1045 2966 1294 3022 suspicient
1325 2962 1600 3007 Societatem
1635 2967 1680 3004 et

38 3047 329 3100 probabunt,
355 3046 475 3102 quod
492 3045 691 3099 videant,
712 3059 802 3087 non
821 3045 964 3087 solum
982 3043 1028 3085 in
1046 3057 1098 3087 ea
1116 3042 1380 3085 facultatem
1405 3052 1503 3080 esse
1526 3037 1680 3092 expel-
