2028 3426
587 264 862 300 MONUMENTA
889 260 1234 304 GERMANIAE-31
1610 270 1677 305 217

97 366 206 409 dum
238 365 600 418 accuratissime,
637 366 739 419 sed,
772 373 820 408 vt
850 366 896 408 in
924 365 1184 416 Germania,
1204 363 1534 420 'longanimiter
1563 378 1614 406 ac
1644 379 1724 419 pa-

99 435 284 485 tienter.

187 519 304 562 Sunt
326 518 430 561 item
462 518 597 561 animi
628 519 884 574 principum
912 533 968 561 ex
996 518 1165 562 eisdem
1187 517 1417 574 principiis
1445 516 1715 568 humilitate,

94 595 400 647 obseruantia,
426 595 680 639 reuerentia
698 594 759 637 ita
777 595 1017 648 tractandi,
1037 603 1086 637 vt
1103 609 1336 650 nunquam
1356 593 1436 645 eie,
1457 594 1606 648 quoad
1624 593 1722 635 eius

97 673 247 733 facere
275 671 535 727 poterimus,
568 670 614 714 in
643 672 780 715 rebus
809 671 999 727 agendis
1028 685 1314 727 praecamus,
1344 678 1390 712 vt
1423 671 1509 711 vlla
1550 669 1722 712 ratione

96 747 329 790 videamur
352 748 467 791 velle
488 747 811 803 praescribere,
831 749 912 792 sed
933 763 1110 804 semper
1131 763 1187 791 ex
1209 740 1274 791 eis
1297 747 1447 790 omnia
1469 748 1590 789 bona
1613 760 1720 788 con-

93 823 192 866 silia
215 833 259 868 et
282 824 486 868 actiones
509 825 758 868 secundum
782 826 930 866 Deum
954 839 1060 879 prae
1093 824 1223 873 nobis
1252 825 1448 868 feramus
1476 822 1715 879 proficisci,

96 901 229 943 modo
255 900 300 942 id
323 915 427 943 vere
450 901 598 944 facere
620 900 860 956 possimus.
886 901 1023 955 Quod
1045 900 1082 943 si
1105 900 1192 943 illis
1215 915 1296 943 nos
1318 900 1460 943 simus
1481 899 1716 942 consilium

93 975 246 1019 daturi
274 984 292 1001 a
322 977 524 1032 aliquod,
557 978 676 1031 quod
705 976 789 1032 ipsi
818 977 1165 1032 amplectantur,
1198 977 1258 1019 ita
1287 976 1398 1018 illud
1426 976 1714 1031 accipiamus,

90 1053 220 1108 quasi
243 1055 300 1096 ab
318 1053 426 1109 ipsis
447 1054 556 1095 illud
579 1053 713 1097 etiam
736 1060 855 1097 esset
873 1053 1127 1096 inuentum.
1157 1053 1378 1098 Breuiter:
1405 1068 1582 1108 semper
1598 1053 1716 1095 inte-

92 1143 219 1184 gram
253 1144 408 1173 eorum
442 1129 755 1173 auctoritatem
787 1137 831 1172 et
860 1129 1138 1173 maiestatem
1161 1143 1484 1173 conseruemus
1512 1137 1556 1172 et
1586 1144 1715 1172 reue-

91 1221 284 1256 reamur.

176 1284 219 1326 A
241 1283 406 1326 nostris
428 1284 694 1335 curandum,
720 1291 768 1325 vt
789 1284 1067 1339 depellamus
1089 1284 1208 1326 illam
1228 1283 1324 1326 siue
1342 1283 1597 1339 opinionem
1616 1282 1713 1325 siue

89 1359 398 1412 tentationem,
425 1374 541 1415 quae
563 1367 712 1415 potest
739 1360 825 1402 illis
853 1375 952 1403 esse
975 1361 1180 1412 molesta,
1216 1360 1408 1416 collegia
1438 1360 1712 1403 Germaniae

86 1436 228 1478 videri
256 1436 428 1492 negligi
457 1451 482 1479 a
509 1436 654 1489 nobis;
687 1451 822 1492 quam
851 1436 1108 1492 opinionem
1133 1437 1310 1479 fortasis
1333 1444 1578 1492 potuerunt
1601 1450 1708 1479 con-

85 1513 265 1555 firmare
286 1520 482 1555 euentus
504 1527 659 1555 earum
682 1512 963 1564 missionum,
989 1527 1104 1568 quae
1127 1528 1182 1556 ex
1205 1514 1329 1556 Vrbe
1356 1514 1502 1556 factae
1532 1519 1636 1555 sunt
1665 1512 1711 1554 in

82 1589 392 1643 Germaniam,
417 1597 513 1632 tum
535 1590 670 1633 etiam
692 1590 965 1633 mutationes
987 1599 1245 1632 nostrorum
1270 1591 1546 1644 frequentes;
1574 1604 1710 1644 quam

83 1666 342 1721 opinionem
365 1666 463 1710 siue
486 1666 781 1710 tentationem
806 1681 964 1709 sanare
987 1667 1251 1722 poterimus:

171 1742 390 1795 Primum,
415 1742 452 1785 si
475 1742 731 1799 intelligant
755 1745 913 1787 Patres
938 1743 1142 1799 germani
1166 1744 1409 1786 admodum
1429 1744 1591 1786 Rdum.
1614 1745 1729 1785 Pa-.

84 1827 196 1863 trem
214 1820 474 1875 generalem
487 1819 765 1875 singularem
783 1820 1068 1873 charitatem,
1080 1828 1124 1864 et
1140 1834 1316 1876 gerere,
1337 1827 1381 1863 et
1399 1835 1583 1864 exerere
1599 1834 1709 1875 erga

81 1895 372 1939 Germaniam
395 1902 440 1939 et
462 1896 560 1939 eius
584 1896 794 1952 collegia,
822 1899 982 1939 Patres
1004 1904 1049 1940 et
1071 1899 1249 1941 fratres.

168 1973 217 2017 Si
238 1972 419 2016 videant
443 1974 647 2016 eamdem
665 1987 824 2016 curare
841 1974 1021 2017 Patrem
1041 1982 1246 2017 nostrum
1263 1980 1310 2016 vt
1329 1975 1527 2017 habeant
1547 1975 1708 2016 Patres

77 2049 356 2100 assistentes,
382 2049 652 2093 secretarius
674 2057 719 2092 et
742 2049 815 2092 alii
839 2051 1121 2093 consultores
1144 2050 1335 2093 romani.

167 2125 215 2170 Si
236 2125 381 2168 sciant
399 2128 579 2169 Patrem
603 2133 808 2168 nostrum
831 2127 1091 2182 generalem
1110 2142 1188 2183 per
1206 2142 1253 2170 se
1271 2141 1431 2183 gerere
1449 2125 1634 2182 negotia
1653 2140 1704 2168 ac

77 2202 373 2258 prouisiones,
399 2217 515 2257 quae
537 2203 652 2245 fiunt
673 2202 718 2244 in
741 2203 1002 2255 Germania,
1029 2218 1113 2246 nec
1136 2204 1267 2247 facile
1290 2204 1363 2246 illa
1388 2203 1618 2247 remittere
1648 2204 1705 2245 ad

79 2279 205 2322 alios.

162 2356 210 2400 Si
234 2371 325 2399 non
352 2357 616 2412 quorumuis
644 2358 915 2401 sententiam
944 2359 1004 2403 de
1038 2359 1173 2402 rebus
1211 2358 1484 2414 germanicis
1521 2359 1700 2413 probet,

72 2433 153 2476 sed
189 2448 344 2476 eorum
384 2433 548 2489 potius,
584 2434 630 2477 in
663 2435 827 2489 quibus
855 2443 900 2478 et
929 2435 1154 2491 insignem
1183 2443 1403 2489 agnoscet
1426 2449 1624 2478 amorem
1659 2442 1703 2476 et

70 2511 219 2552 zelum
242 2510 288 2552 in
310 2511 618 2563 Germaniam,
643 2518 688 2554 et
710 2511 784 2567 qui
810 2511 1088 2568 singularem
1112 2514 1309 2555 habeant
1332 2527 1482 2556 rerum
1518 2526 1701 2567 germa-

75 2586 278 2629 nicarum
302 2586 629 2642 cognitionem.

161 2663 209 2706 Si
225 2663 647 2719 existimetpropter
663 2664 885 2708 infinitam
903 2665 1127 2709 miseriam
1147 2680 1297 2708 rerum
1316 2665 1695 2721 germanicarum,

74 2753 127 2781 ac
150 2740 442 2783 ecclesiarum
466 2741 790 2784 desolationem
808 2741 842 2793 ¹³,
863 2756 963 2785 esse
986 2742 1173 2797 primam
1198 2742 1416 2784 rationem
1441 2741 1697 2784 habendam

69 2816 191 2858 illius
228 2816 437 2868 nationis,
478 2824 522 2860 et
559 2832 726 2873 magno
759 2818 999 2875 priuilegio
1029 2834 1127 2862 esse
1157 2819 1203 2862 in
1237 2817 1527 2862 Germaniam
1561 2824 1697 2870 atque

49 2934 51 2936 ,
70 2891 171 2935 eius
194 2892 386 2947 collegia
408 2893 643 2936 Vtendum.
1623 2904 1625 2907 “

142 3008 160 3025 a
207 2998 280 3036 Ms.
313 2999 553 3034 dederimus.
616 3000 682 3026 -b
719 3000 789 3035 Ms.
819 3001 1154 3046 germanicarum
1186 3000 1439 3043 ecclesiamun
1473 3010 1518 3033 ac
1547 2998 1696 3033 desola-

71 3059 235 3092 tumem.
