2028 3426
352 275 419 310 160
823 277 977 312 Plu-ms
1004 277 1247 312 Hmaom'nn
1274 275 1425 312 NADAL

372 381 682 428 necnon-io.
746 377 973 422 Disertam
993 386 1010 403 ³¹
1026 379 1248 421 habemus
1265 376 1655 432 constitutionem,
1669 375 1758 434 qua
1775 377 1970 440 statui-3

302 461 389 506 tur,
415 453 460 506 ii,
486 454 563 510 qui
586 469 611 498 a
634 447 866 499 Soc'ietate
889 455 1194 505 dimittuntur,
1223 460 1272 496 ut
1295 454 1521 507 auferant,
1547 469 1638 498 non
1656 456 1803 498 solum
1821 457 1959 512 quae‘

297 545 381 574 sua
403 539 526 583 sunt,
562 533 641 574 sed
670 547 724 576 ex
758 532 826 584 iis,
860 546 977 586 quae
1010 530 1227 575 Societati
1251 545 1276 574 e
1304 544 1388 573 sua
1416 531 1664 575 deuotione
1684 532 1946 586 dedissent,

298 621 413 662 quae
437 608 643 663 aequitas
666 617 711 652 et
734 608 960 652 edificatio
982 615 1272 651 externorum
1292 609 1506 663 postulet,
1527 622 1580 651 ea
1597 616 1646 650 vt
1662 608 1799 652 etiam
1819 592 1964 657 reci-,⁵

296 685 424 740 piant
452 687 480 736 ';
508 700 596 727 non
623 685 685 727 ita
711 693 860 728 tamen
885 685 941 728 de
964 684 1291 736 desertoribus,
1318 684 1581 740 praesertim
1609 686 1756 730 donec
1785 685 1936 743 aliqua
1952 678 1963 722 ἒ

296 760 353 803 sit
380 775 484 816 spes
506 761 606 804 illos
636 763 692 804 ad
726 761 963 804 sanitatem
994 760 1200 805 reuocari
1229 775 1378 816 posse.
1413 762 1640 818 Optamus
1670 762 1810 818 igitur
1840 778 1934 808 rem

296 838 426 880 nobis
449 838 662 894 explicari
686 838 902 894 apertius,
931 846 980 880 ut
1003 837 1327 890 intelligamus,
1353 853 1443 894 quo
1461 847 1595 895 pacto
1613 853 1685 883 res
1702 839 1760 883 sit
1777 854 1935 885 emen-

295 915 458 967 danda,
485 915 522 957 si
546 916 646 970 quis
670 930 803 960 secus
828 915 998 959 fecerit.

406 991 413 1048 Ι
489 998 736 1037 obiectio.
794 994 863 1035 De
888 990 1205 1047 reprobatione
1227 1005 1494 1048 pauperum.
1838 1044 1841 1047 ι

363 1077 676 1122 Responsio.
740 1072 850 1114 Rem
874 1069 1015 1125 ipsam
1039 1083 1122 1124 pro
1144 1069 1278 1112 nobis
1301 1068 1424 1125 loqui
1447 1069 1492 1112 in
1515 1069 1614 1112 aliis
1636 1069 1772 1114 etiarn
1803 1070 1929 1126 capia
1949 1068 1951 1073 ’

291 1151 411 1194 tibus
441 1150 590 1192 dicere
622 1147 863 1199 noluimus,
890 1147 970 1188 sed
999 1145 1223 1189 continuit
1252 1160 1335 1189 nos
1364 1146 1614 1191 modestiae
1643 1147 1845 1190 studium
1878 1161 1930 1192 ac

289 1226 525 1283 professio.
560 1227 730 1269 Uerum
764 1225 853 1266 hoc
882 1224 987 1266 loco
1017 1237 1108 1265 non
1139 1223 1358 1266 debemus
1380 1224 1494 1266 adeo
1517 1237 1618 1268 esse
1641 1223 1854 1273 humiles,
1881 1232 1961 1268 ut,
1996 1259 2001 1263 .

287 1303 528 1360 stupiditas
552 1303 627 1345 illa
652 1301 794 1344 uideri
817 1299 975 1357 possit,
1002 1314 1090 1342 non
1117 1299 1254 1344 animi
1278 1300 1514 1344 modestia.
1541 1303 1633 1345 Res
1662 1301 1804 1358 igitur
1833 1301 1952 1362 ipsa!
1996 1319 1997 1322 ¹

288 1396 367 1436 pro
390 1381 519 1423 nobis
541 1381 596 1422 de
619 1378 940 1435 reprobatione
964 1392 1211 1434 pauperum
1236 1377 1405 1422 diserte
1428 1378 1708 1434 pronuntiat.
1736 1380 1942 1422 Interro·.'
1996 1410 1997 1413 η

286 1466 408 1513 gatae,
434 1456 726 1500 illustrissimi
747 1455 936 1507 domini,
964 1461 1075 1510 quot
1098 1454 1188 1497 sint
1211 1454 1256 1497 in
1281 1454 1511 1500 Societate
1542 1456 1766 1500 hactenus
1794 1469 1927 1501 acce-
1955 1505 1957 1508 ,

285 1534 363 1590 pti;
390 1545 434 1579 et
458 1548 697 1578 numerum
723 1548 975 1590 pauperum
1000 1531 1124 1585 hinc,
1150 1531 1271 1575 illinc
1289 1531 1484 1575 diuitum
1505 1533 1726 1588 reponite;
1746 1547 1926 1590 compe·
1955 1523 1957 1527 ⁸

282 1612 406 1656 rietis
431 1625 654 1667 pauperes
678 1611 822 1653 multo
845 1609 1002 1652 maiori
1027 1623 1217 1652 numero
1241 1610 1298 1652 ad
1327 1609 1605 1654 Societatem
1630 1624 1730 1654 esse
1759 1610 1926 1654 admis-
1952 1669 1953 1673 Ἰ
1991 1627 1994 1631 ’

282 1703 372 1741 sos,
404 1696 448 1733 et
478 1688 554 1731 uix
592 1686 1027 1743 quinquagesimum
1057 1700 1285 1742 quemque
1317 1700 1417 1730 esse
1447 1694 1680 1742 receptum
1713 1674 1950 1732 diuitemz‘t
1991 1674 1994 1678 ¹

284 1767 471 1822 longum
495 1766 675 1820 quidem
699 1771 818 1808 esset
841 1763 972 1806 uobis
991 1763 1035 1805 in
1055 1763 1269 1806 omnibus
1287 1763 1525 1819 prouintiis
1544 1763 1656 1806 illud
1673 1763 1924 1821 inuestiga-
1946 1782 1950 1787 ·

286 1858 347 1886 re.
375 1844 514 1898 Quod
534 1842 664 1884 nobis
683 1849 838 1885 tamen
856 1837 955 1898 es[t]
974 1840 1145 1895 ubique
1164 1841 1448 1896 exploratum
1467 1848 1605 1896 atque
1622 1835 1924 1897 compertum,
1942 1862 1953 1868 ¹·

287 1922 453 1962 Romae
477 1920 636 1962 saltem
660 1920 747 1961 hoc
772 1917 922 1970 facite;
955 1918 1078 1973 quod
1108 1916 1259 1976 [facili]
1293 1917 1487 1973 negocio
1516 1917 1723 1974 potestis,
1755 1925 1801 1961 et
1829 1931 1922 1963 rem
1984 1968 1992 1977 ἱ

285 1997 425 2052 ipsam
459 1996 666 2048 audietis,
693 1995 863 2038 domini
887 1996 1035 2051 Illmi.,
1073 1995 1351 2050 loquentem;
1388 2008 1611 2051 pauperes
1642 2009 1737 2038 non
1766 2009 1866 2040 esse
1897 2011 1942 2041 a·
1987 2005 1989 2008 ’

284 2073 415 2116 nobis
438 2073 718 2128 reprobatos,
745 2071 820 2127 qui
846 2079 972 2114 tanta
996 2071 1251 2126 frequentia
1282 2071 1382 2115 illos
1404 2072 1670 2125 habeamus,
1703 2078 1827 2115 tanta
1852 2087 1922 2116 ra·-
1984 2120 1990 2127 ,

284 2150 416 2194 ritate
440 2150 621 2194 diuites,

356 2231 601 2268 obiectio.
665 2227 733 2271 De
756 2227 974 2270 auiditate
999 2242 1150 2272 rerum
1173 2227 1438 2270 alienarum.

358 2310 665 2354 Responsio.
730 2304 851 2347 Huic
880 2304 1071 2347 articulo
1102 2304 1212 2347 nihil
1250 2305 1342 2348 fere
1371 2312 1441 2348 est
1476 2304 1597 2359 quod
1629 2303 1936 2360 singulariter:

283 2382 650 2437 respondeamus:
678 2381 898 2436 siquidem
922 2383 977 2425 de
1001 2380 1351 2438 particularibus
1374 2380 1510 2423 huius
1532 2380 1715 2437 generis
1738 2379 1858 2424 notis
1873 2385 1922 2425 et
1986 2370 1990 2405 Ῐ

282 2458 453 2502 dictum
479 2465 563 2509 est,
589 2466 634 2501 et
658 2458 845 2501 inferius
867 2457 1000 2502 etiam
1031 2457 1288 2502 necessario
1317 2457 1508 2500 dicetur.
1543 2457 1721 2502 Etenim
1750 2454 1942 2512 siquid,

352 2581 369 2598 a
419 2571 617 2605 disertmn
639 2581 715 2604 ms.

352 2670 361 2692 ¹
413 2670 554 2717 «Quod
572 2670 619 2706 ad
643 2670 847 2706 dimissum
872 2672 1027 2717 attinet,
1054 2671 1128 2707 tria
1153 2670 1290 2706 itidem
1315 2672 1591 2706 observentur:
1618 2670 1783 2717 primum
1809 2674 1933 2706 exte·
1982 2682 1983 2686 ¹

279 2730 374 2774 rius,
401 2736 444 2765 ut
469 2730 627 2765 recedat
653 2741 702 2764 ex
731 2731 870 2775 Domo,
897 2736 1084 2778 quantum
1115 2730 1200 2765 fieri
1231 2730 1355 2777 possit
1385 2729 1471 2766 sine
1497 2729 1691 2765 dedecore
1718 2730 1781 2765 vel
1808 2729 1939 2776 igno-'
1978 2732 1986 2773 ξ

281 2788 398 2824 minia
415 2800 459 2824 ac
478 2800 611 2824 seeum
630 2789 758 2824 omnia
783 2801 852 2824 sua
871 2789 1008 2824 ferat.»
1035 2790 1145 2825 «...in
1171 2789 1230 2836 iis,
1258 2800 1358 2836 quae
1379 2789 1441 2824 vel
1466 2787 1735 2835 expendisset,
1756 2789 1818 2824 vel
1849 2786 1932 2823 de-
1977 2798 1983 2810 ¹

279 2848 401 2883 disset
430 2847 637 2890 Societati,
671 2849 734 2883 vel
771 2849 936 2895 alioqui,
968 2849 999 2883 si
1027 2849 1237 2884 accidisset
1270 2854 1313 2884 ut
1343 2847 1436 2884 ficto
1471 2847 1601 2883 animo
1627 2847 1667 2883 in
1693 2847 1821 2883 Domo
1851 2845 1912 2883 vel
1979 2857 1986 2867 ’

279 2907 456 2953 Collegio
481 2907 603 2954 ipsius
627 2907 856 2953 habitasset,
884 2908 1113 2954 prudentiae
1139 2906 1945 2958 Superiorisdimittentisrrelinqueturr
1975 2912 1985 2950 ἓ

280 2972 334 3010 ut,
354 2967 485 3002 habita
505 2967 655 3002 ratione
671 2973 752 3002 tum
767 2967 987 3014 aequitatis,
1010 2974 1091 3003 turn
1111 2967 1409 3012 aedificationis,
1441 2971 1600 3012 statuat,
1637 2977 1730 3001 num
1761 2965 1817 3001 illi
1845 2964 1926 3011 alig
1978 3006 1982 3013 1

277 3025 369 3071 quid
388 3026 568 3072 amplius,
587 3037 702 3073 quam
721 3025 823 3072 quod
842 3026 1040 3062 invenitur
1058 3027 1106 3062 de
1126 3028 1244 3064 rebus
1263 3027 1401 3074 ipsius,
1419 3025 1501 3062 dari
1530 3025 1688 3070 debeat,
1715 3035 1910 3066 neonem»)
1928 3063 1932 3066 ,
1976 3037 1985 3070 2

281 3085 413 3120 Consi.
435 3086 506 3120 lat.
533 3089 570 3120 et
587 3086 706 3131 hisp„
727 3096 815 3131 pag.
844 3087 903 3132 763
924 3092 962 3121 et
989 3097 1076 3132 pag.
1097 3085 1157 3130 78,
1176 3086 1322 3122 declar.
1343 3087 1388 3125 B.
