2028 3426
707 262 1143 306 SUPPLEMENTUM—25
1623 261 1686 305 871

110 378 227 414 rum,
254 370 301 405 vt
326 364 448 418 quod
480 362 652 406 inuitus
675 362 888 416 faciebas,
914 364 1070 406 volens
1099 378 1150 406 ac
1173 364 1333 407 lubens
1357 370 1555 418 praestes
1578 371 1615 414 ἃ,
1651 368 1739 409 243

112 455 228 494 quae
251 447 328 483 tua
350 440 592 495 singularis
616 447 683 483 est
707 440 850 495 pietas
874 447 1008 495 atque
1032 440 1167 482 animi
1193 440 1256 482 tui
1279 441 1461 482 candor.
1499 439 1621 482 Audi
1653 440 1739 496 igi-

111 524 199 568 tur,
228 518 365 560 Pater
389 516 465 569 mi,
491 523 535 560 et
557 516 724 559 inclina
746 531 899 559 aurem
932 523 1053 559 tuam
1077 524 1294 571 quantum
1318 524 1461 571 potes,
1483 518 1553 560 vel
1576 517 1735 569 abiice,

110 595 181 637 vel
219 593 489 637 obliuiscere
527 593 704 637 interim
745 593 1015 648 principium
1045 594 1170 646 illud,
1201 595 1319 636 vnde
1356 596 1470 635 hanc
1499 608 1735 636 censuram

111 670 241 712 video
292 670 545 720 emersisse,
584 671 705 724 quod
760 670 839 712 tibi
892 669 1094 712 fortassis
1140 685 1196 713 ex
1234 670 1330 713 aliis
1358 670 1741 725 disputationibus

108 753 302 795 ὰνασθήτως
333 746 350 771 b
373 747 580 789 inhaesit.
608 748 699 791 Sed
729 747 940 803 quidnam
972 747 1082 789 illud
1105 756 1173 789 est
1196 746 1485 802 principium:
1513 761 1611 790 esse
1634 761 1737 789 con-

112 832 180 866 tra
204 838 355 867 sacras
378 824 565 875 litteras,
597 825 716 878 quod
749 823 825 865 vni
856 825 1039 867 scholae
1067 824 1071 879 Ι
1100 823 1294 874 videtur,
1325 825 1397 867 vel
1425 823 1738 878 religiosorum

110 896 273 950 ordini,
300 910 402 938 cum
426 895 565 938 sacris
589 895 780 954 [litteris]
803 898 1029 951 pugnare?
1052 898 1154 939 Non
1177 903 1245 938 est
1268 895 1346 947 ita,
1374 897 1508 938 Pater
1528 895 1736 937 doctissi—

111 988 199 1025 me,
222 987 311 1015 non
330 979 414 1015 est.
430 973 544 1014 Nam
564 971 698 1014 etiam
718 972 753 1014 si
773 980 926 1014 nostra
944 979 1091 1016 aetate
1110 988 1134 1016 e
1152 972 1283 1014 vobis
1302 972 1480 1014 credam
1499 972 1740 1027 plerosque

110 1063 270 1092 omnes
307 1048 419 1090 nihil
459 1048 691 1104 ambigere
719 1050 774 1091 de
805 1048 994 1104 virginis
1021 1054 1184 1089 θεοτόκου
1214 1048 1384 1092 illibata
1423 1048 1735 1103 conceptione,

112 1125 333 1181 superiori
353 1133 499 1167 tamen
520 1133 667 1167 aetate
690 1132 904 1168 constans
922 1125 1005 1167 fuit
1029 1126 1165 1168 vestri
1185 1125 1353 1168 ordinis
1373 1125 1596 1169 sententia
1615 1125 1738 1182 [con-

113 1202 264 1259 traria]
289 1210 320 1244 ⁰.
348 1202 452 1244 Fuit
482 1210 632 1245 autem
656 1209 834 1246 vestrae
864 1202 1116 1245 sententiae
1138 1202 1397 1257 primarium
1421 1210 1739 1257 argumentum

115 1287 395 1333 essecontra
418 1294 568 1321 sacras
592 1279 759 1330 literas,
785 1279 822 1320 si
844 1278 1074 1321 communi
1104 1278 1400 1333 generatione
1429 1281 1562 1321 homo
1585 1294 1640 1322 ex
1663 1281 1742 1321 ho-

114 1357 235 1400 mine
260 1365 520 1412 generetur,
546 1370 629 1398 nec
653 1355 872 1411 originale
895 1364 1129 1410 peccatum
1155 1358 1410 1401 contrahat.
1435 1357 1537 1399 Non
1556 1363 1703 1399 tamen
1721 1357 1740 1380 d

115 1438 226 1479 2451·
247 1432 542 1476 obtinuerunt
566 1440 717 1488 patres
740 1431 875 1475 vestri
902 1433 972 1474 vel
996 1432 1285 1487 peruicerunt
1307 1440 1545 1495 propterea
1574 1432 1619 1474 id
1642 1447 1741 1475 esse

115 1517 276 1553 contra
299 1524 449 1552 sacras
473 1509 675 1565 [litteras]
701 1510 823 1564 quod
845 1508 906 1550 ita
930 1508 1011 1564 ipsi
1037 1508 1304 1552 iudicarent.

204 1663 289 1707 Ful.
319 1669 436 1709 244v
460 1663 521 1719 (l).
550 1661 666 1705 Vide
695 1661 738 1704 in
769 1661 860 1703 vita
884 1660 972 1714 X.³,
1005 1662 1129 1716 quod
1159 1662 1273 1704 sacri
1295 1663 1506 1705 doctores
1529 1661 1645 1704 idem
1670 1661 1741 1703 di—

114 1749 218 1784 cant
241 1755 292 1783 ac
316 1755 413 1782 nos:
440 1740 502 1782 ita
525 1738 715 1783 ecclesia
739 1752 820 1794 per
836 1738 1181 1781 concionatores
1200 1737 1410 1793 explicat:
1433 1738 1470 1781 si
1490 1753 1581 1781 non
1600 1751 1740 1794 appa*

115 1817 203 1859 ruit
224 1817 384 1873 primo,
410 1817 531 1870 quod
554 1830 643 1857 non
666 1815 774 1857 dicit
797 1814 1104 1870 euangelium3
1137 1829 1248 1870 ergo
1278 1830 1369 1857 non
1391 1815 1600 1871 apparuit
1630 1815 1741 1857 sim-

113 1894 302 1951 pliciter,
330 1894 452 1948 quod
475 1892 588 1934 nihil
610 1891 734 1934 dicit.
761 1893 852 1934 Iam
883 1891 957 1934 hic
988 1891 1105 1935 serio
1135 1900 1150 1916 e
1181 1891 1279 1935 sine
1310 1891 1543 1934 intellectu
1600 1926 1608 1944 ‚
1640 1900 1732 1935 ete.

114 1972 250 2026 Quod
272 1971 309 2013 si
331 1969 554 2025 apparuit,
582 1983 664 2010 cur
687 1983 780 2011 non
804 1968 967 2023 primo?
998 1969 1114 2011 Nam
1145 1983 1278 2023 quem
1312 1969 1462 2011 locum
1495 1968 1558 2010 illi
1595 1968 1742 2011 dabis?

182 2089 199 2105 a
249 2078 318 2122 qui
331 2080 508 2123 praestes
528 2087 613 2121 ms.;
635 2075 704 2110 sed
728 2076 798 2120 qm·
822 2076 1060 2121 superfluum
1080 2075 1248 2111 videtur.
1269 2077 1407 2111 Totam
1426 2077 1524 2111 hanc
1542 2076 1742 2122 periodum

112 2137 266 2182 saepius
281 2136 504 2170 emendavit
519 2140 666 2178 auctor3
683 2140 722 2170 et
738 2134 895 2169 tandem
915 2136 1119 2170 obscuram
1134 2136 1305 2182 reliquit.
1362 2157 1379 2160 —
1406 2138 1423 2163 b
1450 2136 1528 2172 Sic,
1546 2137 1661 2171 Forte
1678 2148 1746 2170 vo-

113 2197 184 2230 luit
204 2195 373 2230 scribere
392 2196 589 2235 ἀνασκήτως
602 2224 609 2234 ,
630 2204 706 2239 quo
724 2205 842 2228 sensu
858 2194 1072 2240 Plutarch,
1089 2195 1201 2239 Mor„
1218 2206 1254 2240 p,
1274 2203 1352 2236 112,
1371 2196 1434 2240 D.,
1452 2195 1519 2229 ait:
1539 2196 1735 2237 ἀνασκήτως

111 2254 321 2300 διακείμενοι.
379 2263 435 2280 ——c
467 2252 577 2287 Licet
607 2253 678 2287 hoe
710 2253 819 2288 verb.
852 2253 1028 2287 omiserit
1060 2253 1165 2298 Nat.,
1199 2259 1329 2288 tamen
1359 2253 1617 2300 supplendum
1650 2253 1744 2288 illud

114 2324 200 2347 esse
221 2312 388 2347 videtur.
444 2313 506 2338 —d
533 2310 643 2354 Quae
658 2317 889 2357 sequuntur,
905 2323 980 2346 non
1000 2311 1176 2346 ordinate
1195 2312 1387 2347 habentur
1406 2312 1444 2347 in
1463 2311 1611 2357 codice,
1631 2318 1743 2358 prout

114 2383 161 2406 ex
182 2371 357 2406 foliorum
376 2370 603 2405 recensione
622 2375 795 2415 apparet.
813 2370 1129 2416 Aliquaexstant
1148 2369 1187 2405 in
1206 2370 1299 2405 folio
1317 2377 1495 2416 separato
1514 2371 1671 2405 minoris
1689 2370 1742 2405 di-

114 2430 339 2474 mensionis,
357 2430 395 2464 in
415 2431 470 2474 4.ο
489 2429 639 2463 scilicet
652 2428 866 2474 dimidiam,
882 2429 1009 2463 omnia
1024 2435 1154 2464 autem
1170 2429 1319 2464 Natalis
1336 2441 1463 2472 manu,
1484 2429 1548 2476 qui
1567 2431 1662 2464 haec
1681 2429 1742 2463 ad-

117 2489 285 2524 versaria
303 2488 519 2524 inordinata
538 2493 577 2522 et
596 2486 823 2533 imperfecta
841 2488 1011 2534 reliquit.
1032 2488 1149 2523 Binas
1168 2489 1340 2534 pagellas
1360 2488 1517 2523 minoris
1536 2488 1744 2523 dimensio-

112 2549 171 2583 nis
188 2548 348 2583 seorsim
368 2548 467 2582 intra
487 2547 647 2582 uncinos
666 2547 837 2582 numeris
861 2556 951 2591 1-4
970 2547 1183 2592 signamus.
1235 2558 1298 2575 -e
1323 2546 1499 2584 Obscure
1519 2553 1737 2583 exaratum.

189 2645 197 2664 ¹
249 2643 357 2677 Haec
375 2641 423 2676 ad
449 2641 624 2676 libellum
649 2640 925 2675 exercitiorum
954 2640 994 2677 S.
1023 2641 1151 2686 Ignati
1176 2641 1409 2687 referuntur,
1432 2641 1497 2676 ubi
1517 2642 1587 2676 «D.
1610 2642 1657 2677 N.
1678 2643 1741 2687 Je-

115 2701 298 2736 suchristi
317 2700 524 2746 mysteria»
550 2699 589 2734 in
608 2700 749 2734 breves
769 2699 1040 2734 meditationes
1059 2700 1279 2746 distributa,
1302 2706 1389 2746 post
1407 2707 1580 2746 quartam
1598 2701 1746 2735 hebdo--

118 2760 266 2795 madam
286 2759 460 2805 exhibet3
482 2766 520 2793 et
548 2758 586 2793 in
611 2758 756 2793 Christi
781 2758 1066 2793 resurrectione
1092 2759 1189 2793 hanc
1213 2760 1580 2805 contemplationem
1605 2771 1739 2805 propo-

115 2819 184 2854 nit:
207 2819 400 2853 «Primum
419 2817 598 2864 apparuit
618 2816 806 2852 Dominus
825 2816 937 2851 Matri
958 2828 1051 2854 suae
1067 2822 1271 2863 postquam
1286 2817 1511 2862 resurrexit,
1533 2830 1620 2853 cum
1635 2818 1739 2854 dicat

115 2877 314 2923 Scriptura
331 2876 433 2923 quod
452 2875 630 2922 apparuit
649 2875 794 2911 multis.
816 2875 926 2910 Licet
945 2876 1055 2915 enim?
1070 2876 1296 2911 nominatim
1316 2877 1419 2911 illam
1439 2888 1514 2912 non
1534 2877 1743 2923 exprimat,

116 2936 154 2971 id
173 2936 284 2970 nobis
303 2940 433 2970 tamen
457 2934 640 2981 relinquit
671 2945 739 2980 pro
770 2939 891 2979 cerm,
925 2939 1106 2980 tanquam
1137 2934 1379 2970 intellectum
1409 2936 1658 2979 habentibus;
1689 2949 1742 2972 ne

115 2994 285 3041 alioquin
305 2993 387 3029 iure
409 2993 609 3028 audiamus
628 2992 735 3027 illud:
760 2991 916 3039 (Adhuc
935 2996 970 3028 et
983 3004 1050 3028 vos
1073 2994 1158 3029 sine
1177 2995 1377 3029 intellectu
1399 2995 1511 3029 estis?
1534 2995 1741 3040 [ΜΑΤΊῊἰο

115 3054 201 3094 XV,
225 3053 322 3099 16.])
