2028 3426
340 248 409 292 546
817 248 970 283 PATms
997 247 1241 283 HmRONYMt
1267 247 1420 283 NADAL

381 351 486 392 Non
508 357 576 392 sat
598 356 667 392 est
690 350 746 391 ad
769 348 1053 392 obedientiae
1076 349 1332 392 intellectus
1354 348 1677 404 perfectionem
1701 348 1740 392 si
1762 347 1864 405 quis
1882 348 1928 392 in

294 427 379 478 his,
416 440 531 481 quae
560 426 718 468 indicit
748 425 971 480 superior,
1004 425 1221 468 iudicium
1251 424 1510 469 intellectus
1539 426 1810 481 suspendat,
1843 425 1930 468 nisi

291 504 425 548 etiam
451 503 560 545 illud
583 503 688 545 boni
714 503 936 553 consulet,
962 509 1007 546 et
1030 503 1191 558 probet
1213 503 1334 558 quod
1363 502 1473 544 dicit
1502 502 1724 558 superior,
1755 517 1929 559 suppo-

291 580 376 623 sita
400 580 618 623 caecitate
642 588 686 623 et
709 579 1032 635 abnegatione,
1059 594 1147 635 qua
1174 581 1230 622 de
1253 579 1333 637 [re]
1357 587 1402 623 et
1431 580 1489 624 de
1517 586 1613 622 tota
1641 579 1927 623 obedientiae

292 659 463 701 ratione
485 665 529 700 et
549 657 825 712 perfectione
848 656 894 698 in
917 656 1308 700 exhortationibus
1325 658 1424 700 fuse
1442 656 1593 713 agitur
1612 657 1736 700 iuxta
1754 657 1929 700 consti-

292 735 489 778 tutiones
512 742 556 778 et
579 733 772 775 instituti
797 734 980 776 modum
1004 733 1297 790 peculiarem.

899 867 960 896 DE
995 867 1312 897 PAUPERTATE

378 966 494 1008 Cum
522 965 661 1007 nostri
685 979 765 1020 pro
788 965 912 1007 nullo
936 964 1184 1009 ministerio
1206 980 1292 1008 suo
1316 965 1519 1022 accipere
1542 965 1715 1021 possint
1737 965 1923 1021 aliquid,

288 1057 345 1084 ne
368 1043 549 1085 nomine
573 1042 753 1098 quidem
773 1043 1104 1098 eleemosynae,
1126 1042 1235 1084 illud
1253 1042 1387 1086 etiam
1411 1057 1504 1085 non
1524 1050 1738 1098 poterunt
1755 1042 1922 1095 dicere,

288 1127 335 1161 vt
365 1120 668 1174 eleemosyna,
701 1133 816 1173 quae
846 1133 927 1174 pro
957 1118 1122 1161 talibus
1150 1119 1411 1162 ministeriis
1441 1119 1512 1163 vel
1539 1119 1635 1162 dari
1665 1120 1920 1172 consueuit,

286 1197 358 1240 vel
380 1197 474 1238 dari
501 1204 655 1252 parata
679 1204 763 1247 est,
789 1197 923 1239 detur
944 1195 1080 1238 certis
1109 1195 1383 1252 pauperibus
1406 1197 1477 1239 vel
1500 1196 1683 1238 omnino
1713 1197 1921 1252 pauperi-

285 1274 386 1323 bus;
415 1288 560 1327 neque
583 1272 703 1316 enim
726 1274 796 1316 ius
818 1273 968 1316 dicere
991 1287 1232 1329 possumus
1254 1274 1324 1316 vel
1348 1274 1568 1317 debemus
1589 1273 1634 1315 in
1658 1273 1778 1316 illam
1802 1276 1922 1318 elee—

287 1365 518 1404 mosynam
560 1351 630 1393 vel
668 1349 802 1393 etiarn
837 1350 1074 1392 consilium
1107 1351 1214 1393 dare
1253 1350 1360 1405 quid
1399 1351 1456 1394 de
1495 1351 1568 1393 illa
1600 1351 1700 1403 fiat;
1742 1351 1924 1395 videtur

284 1427 402 1470 enim
430 1429 512 1469 hoc
537 1427 815 1482 paupertatis
837 1426 927 1470 487
952 1427 1129 1470 laedere
1147 1427 1487 1482 perfectionem,
1510 1427 1637 1482 quasi
1662 1436 1816 1471 nostro
1839 1427 1922 1470 ali-

283 1518 373 1558 quo
412 1505 648 1547 commodo
677 1505 722 1546 id
754 1504 974 1556 dicamus,
1013 1505 1084 1549 vel
1115 1505 1242 1559 quasi
1275 1506 1332 1548 de
1365 1505 1516 1557 rebus,
1544 1520 1661 1561 quae
1693 1505 1823 1548 nobis
1850 1505 1917 1547 di-

282 1590 444 1624 cantur
467 1591 500 1626 ³².

372 1660 433 1702 Vt
454 1666 696 1715 paupertas
720 1658 961 1702 Societatis
984 1658 1029 1701 in
1053 1674 1134 1701 sua
1152 1659 1416 1715 integritate
1434 1666 1746 1712 conseruetur,
1767 1660 1918 1703 omnia

283 1734 532 1789 fugiantur,
559 1750 675 1790 quae
698 1735 817 1777 illam
842 1743 1017 1778 tentare
1041 1737 1112 1780 vel
1131 1736 1334 1792 affligere
1352 1743 1551 1792 possent3
1574 1750 1663 1791 quo
1681 1736 1727 1778 in
1747 1751 1918 1793 genere

281 1812 356 1854 illa
379 1820 548 1864 essent,
575 1812 611 1855 si
635 1813 736 1867 quis
758 1827 897 1867 quum
929 1813 1178 1869 accepisset
1209 1814 1558 1869 eleemosynam,
1590 1828 1725 1868 quam
1750 1828 1917 1870 eroga-

284 1898 350 1931 ret
377 1891 433 1932 ad
465 1890 623 1933 missas
656 1892 972 1943 celebrandas,
1003 1891 1103 1933 'illas
1137 1891 1297 1934 missas
1330 1898 1508 1935 curaret
1541 1907 1566 1934 a
1600 1891 1765 1934 nostris
1797 1893 1918 1934 cele—

284 1967 415 2018 brari,
442 1975 487 2010 et
515 1969 850 2023 eleemosynam
882 1969 1107 2011 conferret
1131 1969 1265 2012 etiam
1290 1968 1334 2010 in
1367 1968 1438 2023 pia
1467 1982 1617 2024 opera.
1646 1969 1747 2011 Hoc
1771 1968 1918 2011 vitent

282 2043 439 2093 nostri,
467 2044 502 2086 si
528 2044 716 2099 possint,
749 2046 869 2099 quod
892 2060 1068 2101 semper
1097 2053 1310 2101 poterunt
1333 2053 1378 2089 et
1407 2045 1656 2096 debebunt,
1690 2045 1726 2087 si
1751 2045 1914 2098 sciant,

281 2129 325 2161 et
348 2121 525 2173 similia,
553 2123 622 2165 vel
649 2123 778 2177 plane
804 2137 891 2164 non
917 2123 1204 2165 consentiant
1227 2121 1259 2164 ¹³.

461 2254 521 2282 DE
556 2253 758 2283 NOSTRIS
793 2255 874 2291 QUI
903 2255 1083 2284 RECENS
1119 2255 1369 2285 accEDUNT
1404 2256 1465 2285 AD
1499 2254 1738 2284 COLLEGIA

371 2351 429 2393 Hi
456 2353 564 2405 nulli
590 2352 713 2407 prius
736 2354 979 2408 loquantur
1002 2368 1135 2408 quam
1161 2354 1338 2396 rectori.
1366 2355 1414 2396 Id
1438 2354 1599 2396 ianitor
1617 2353 1811 2406 curabit,
1833 2368 1915 2396 nec

244 2474 249 2479 ⁸
281 2429 418 2470 vllurn
444 2429 719 2483 colloquium
744 2443 844 2471 cum
872 2430 936 2472 eis
959 2429 1054 2485 ipse
1079 2431 1263 2473 habebit
1290 2432 1359 2474 vel
1392 2431 1501 2478 alios
1530 2432 1698 2474 habere
1728 2431 1915 2486 permit-‹

282 2513 360 2555 tet,
387 2507 466 2549 sed
490 2514 664 2548 tantum
692 2514 813 2561 petet
836 2508 891 2548 ab
915 2507 978 2549 eis
1002 2507 1153 2550 literas
1177 2515 1399 2562 patenteS,
1426 2515 1471 2551 et
1494 2507 1571 2562 qui
1594 2507 1700 2560 sint,
1727 2516 1772 2550 et
1795 2509 1913 2550 vnde

281 2583 479 2633 veniant,
506 2584 626 2638 quod
652 2584 802 2625 statim
830 2584 990 2627 rectori
1017 2584 1265 2635 nunciabit3
1293 2584 1369 2639 qui
1392 2584 1428 2627 si
1457 2592 1641 2628 censeat
1669 2584 1912 2628 admitten—

278 2660 376 2710 dos,
411 2659 500 2703 488
532 2660 682 2702 statim
713 2661 768 2702 ad
792 2674 839 2704 se
868 2662 1045 2703 curabit
1075 2660 1261 2711 accersi,
1288 2669 1333 2704 et
1362 2675 1416 2703 ex
1447 2661 1533 2703 illis
1555 2661 1794 2716 intelliget,
1822 2676 1912 2704 non

280 2744 456 2778 tantum
483 2737 701 2781 rationem
727 2744 743 2762 ⁰
772 2737 1013 2787 missionis,
1041 2739 1120 2781 sed
1149 2737 1283 2780 etiam
1307 2738 1414 2792 quid
1438 2739 1545 2780 noui
1569 2746 1822 2793 apportent,
1855 2753 1911 2780 an
1952 2792 1955 2794 .

278 2814 431 2866 quieto
449 2815 599 2856 animo
619 2814 803 2857 veniant
821 2822 866 2857 et
885 2814 990 2856 sint.
1014 2814 1073 2856 Hi
1100 2822 1331 2869 praeterea
1354 2814 1604 2858 instruendi
1623 2823 1729 2857 sunt
1752 2829 1910 2870 quern-
1964 2827 1966 2829 ·

277 2891 520 2932 admodum
561 2892 728 2935 versari
759 2893 954 2935 debeant
983 2892 1027 2933 in
1059 2891 1270 2947 collegio,
1303 2898 1347 2934 et
1385 2891 1421 2933 si
1450 2906 1584 2947 opere
1612 2892 1812 2947 precium
1841 2892 1910 2934 vi-
1963 2945 1967 2950 .

350 3068 366 3082 τι
415 3057 578 3092 dicatur
605 3069 675 3096 ms.
728 3060 794 3085 —b
822 3058 928 3093 Haec
953 3069 974 3102 4
995 3059 1114 3093 verba
1140 3057 1334 3104 posterius
1353 3055 1498 3092 addita.
1552 3068 1614 3085 ——c
1641 3058 1816 3094 rationis
1835 3070 1908 3095 ms.
