2028 3426
321 154 389 212 504
795 164 950 199 PArms
977 163 1221 197 HmRoNYm
1246 159 1398 196 NADAL

277 284 412 325 quam
436 267 676 324 supremis3
702 268 865 309 harum
887 265 1006 308 enim
1029 265 1145 315 loco,
1166 277 1307 319 parua
1325 261 1460 318 pallia
1478 260 1574 304 dari
1591 261 1755 312 solent,
1776 273 1909 315 prae-

275 347 429 391 sertim
459 348 637 402 hyeme,
670 352 715 387 et
744 343 780 386 si
813 341 996 397 longius
1025 340 1277 392 mittantur,
1303 353 1438 394 quam
1477 338 1637 381 itinere
1665 336 1799 380 vnius
1827 341 1909 383 392

275 423 587 475 hebdomadis,
620 422 664 464 in
694 435 784 476 quo
812 420 973 462 itinere
1001 433 1092 461 non
1124 423 1370 461 occurrunt
1398 415 1607 472 collegia,
1641 422 1794 459 essent
1823 413 1910 457 illis

275 503 423 546 danda
451 502 542 544 duo
578 499 772 549 indusia,
806 498 1014 548 alterum,
1039 509 1129 550 quo
1166 494 1477 545 induerentur,
1505 493 1693 536 alterum
1724 492 1780 536 ad
1808 505 1910 534 mu-

279 579 481 623 tandum:
509 586 552 622 et
575 579 663 619 hoc
697 575 878 630 quidem
910 573 947 616 si
985 573 1070 616 iter
1100 572 1299 615 facerent
1335 570 1606 626 singulares:
1639 569 1708 612 sin
1739 569 1909 624 plures,

277 671 417 699 vnum
440 654 668 697 indusium
693 653 901 695 sufficere
923 657 1092 706 posset,
1119 663 1200 705 pro
1222 647 1488 691 mutatione:
1514 647 1692 689 dandus
1714 653 1783 690 est
1801 645 1908 690 item

279 733 478 790 galerus,
512 739 742 787 praeterea
770 729 861 771 duo
895 726 1157 784 strophiola,
1188 735 1233 769 et
1271 724 1411 769 calcei
1442 725 1569 775 tales,
1595 723 1672 779 qui
1705 723 1914 766 sufficere

279 809 451 866 possint
470 810 524 851 ad
548 809 630 850 iter
653 806 979 863 peragendum,
1001 805 1133 847 datur
1151 811 1384 859 praeterea
1404 800 1640 853 rosarium,
1663 807 1708 844 et
1726 813 1913 856 praeces

282 888 443 930 beatae
461 884 679 941 Virginis.

371 963 567 1019 Quando
592 961 833 1003 mittuntur
855 960 1015 1002 fratres
1037 958 1094 1001 ad
1117 957 1238 1000 aliud
1260 956 1521 1012 collegium,
1542 956 1613 998 vel
1631 955 1815 998 domum
1829 955 1912 999 So-

280 1041 471 1091 cietatis‚
508 1039 586 1095 qui
614 1039 714 1101 illos
746 1037 898 1089 mittit,
930 1036 1172 1092 diligenter
1200 1048 1278 1090 per
1314 1033 1468 1078 literas
1504 1044 1666 1076 causas
1699 1038 1913 1088 exponat,

284 1124 554 1174 quapropter
587 1115 838 1166 mittantur,
864 1121 909 1158 et
938 1113 975 1156 si
1009 1113 1118 1168 quid
1146 1119 1379 1168 praeterea
1408 1118 1493 1162 est,
1525 1110 1645 1165 quod
1669 1107 1916 1152 desiderari

285 1194 441 1251 possit,
468 1203 515 1236 vt
538 1193 703 1235 missus
726 1199 847 1236 recte
871 1198 915 1235 et
939 1189 1095 1233 ordine
1118 1189 1416 1245 gubernetur.
1449 1187 1498 1231 Si
1535 1186 1643 1242 quid
1672 1200 1780 1229 vero
1811 1199 1920 1241 gra·

287 1271 387 1314 uius
420 1278 627 1313 occurret
658 1268 947 1312 scribendum
981 1267 1037 1311 de
1069 1266 1221 1318 misso;
1247 1264 1345 1307 illas
1377 1264 1528 1308 literas
1559 1262 1814 1306 consultius
1836 1261 1920 1305 erit

285 1348 346 1390 illi
370 1363 461 1390 non
485 1348 591 1390 dare
614 1345 921 1402 perferendas,
947 1344 1027 1388 sed
1051 1357 1130 1400 per
1152 1343 1288 1385 alium
1308 1341 1501 1392 mittere,
1527 1348 1572 1384 et
1591 1340 1714 1397 prius
1737 1339 1919 1395 quidem

288 1440 420 1480 quam
446 1425 665 1476 mittatur3
692 1423 814 1479 quod
836 1421 1095 1478 intelligens
1123 1419 1328 1476 superior
1355 1419 1497 1462 satius
1520 1418 1605 1461 erit
1627 1418 1665 1461 si
1686 1422 1769 1463 393
1791 1416 1940 1478 dissi-9

288 1503 443 1553 mulet,
470 1509 514 1546 et
536 1515 590 1544 eo
613 1499 760 1556 magis
782 1499 866 1543 erit
889 1498 929 1543 ei
947 1497 1257 1553 euigilandum
1281 1503 1329 1539 vt
1352 1496 1476 1539 illum
1499 1495 1627 1538 iuuet
1650 1501 1922 1551 opportune.

378 1578 634 1634 Diligenter
670 1579 783 1620 haec
815 1575 1052 1632 disciplina
1089 1576 1376 1626 obseruetur,
1401 1581 1450 1615 vt
1489 1572 1601 1615 nulli
1628 1587 1653 1616 e
1676 1571 1843 1614 nostris
1865 1571 1923 1613 ob

289 1671 388 1700 eam
407 1656 552 1699 solum
570 1669 755 1697 causam
774 1654 831 1696 ad
848 1652 1038 1709 patriam
1058 1652 1312 1703 mittantur,
1334 1652 1453 1706 quod
1474 1650 1621 1694 visere
1638 1649 1779 1692 velint
1797 1662 1920 1700 suos,

292 1735 363 1777 vel
385 1734 506 1788 quod
529 1739 686 1788 petant
707 1730 771 1773 illi
793 1738 842 1772 vt
865 1745 913 1774 se
946 1729 1111 1781 visant,
1137 1744 1194 1772 ne
1223 1728 1508 1771 consuetudo
1538 1728 1652 1770 haec
1684 1726 1926 1768 inducatur

290 1811 335 1853 in
358 1810 649 1855 Societatem.
677 1808 814 1864 Quod
835 1807 872 1850 si
903 1807 1098 1862 aliquem
1129 1806 1400 1850 mittendum
1434 1803 1663 1848 censuerit
1701 1802 1922 1859 superior,

288 1888 346 1930 sit
368 1887 613 1932 necessitas
637 1893 725 1928 tam
749 1892 919 1941 aperta,
946 1892 994 1926 vt
1032 1884 1143 1926 nihil
1174 1899 1229 1928 ex
1254 1883 1342 1926 alio
1371 1884 1540 1926 affectu
1570 1880 1747 1924 misceri
1769 1880 1923 1924 videa-

291 1973 379 2017 tur;
404 1964 528 2019 quod
551 1977 654 2006 cum
678 1962 763 2005 erit
786 1952 1035 2018 agendum,
1061 1961 1452 2004 animaduertatur
1470 1959 1729 2015 diligenter,
1749 1957 1787 2000 si
1804 1957 1927 2012 quod

296 2042 545 2098 periculum
570 2055 674 2083 cum
704 2055 756 2084 ea
785 2039 998 2082 missione
1026 2039 1084 2082 sit
1113 2038 1424 2089 couiunctum,
1451 2036 1524 2080 cui
1548 2035 1825 2079 obuiandum
1850 2033 1923 2086 sit,

291 2126 337 2161 et
364 2119 569 2161 studiose
591 2117 652 2158 illi
676 2116 903 2160 obuietur.

380 2195 462 2248 Illi,
484 2195 562 2249 qui
587 2193 829 2236 mittuntur
846 2209 901 2236 ex
925 2208 1012 2236 vna
1032 2202 1156 2249 parte
1179 2192 1224 2234 in
1244 2191 1393 2242 aliam,
1421 2205 1510 2233 non
1529 2190 1757 2245 diuertent
1775 2189 1831 2231 ad
1848 2187 1927 2230 do-

296 2287 392 2314 mos
421 2272 670 2314 amicorum
695 2271 792 2313 sine
819 2270 1003 2326 speciali
1035 2270 1250 2313 facultate
1279 2267 1538 2324 superioris,
1565 2267 1641 2321 qui
1670 2266 1769 2308 illos
1797 2265 1928 2307 mise·

297 2349 369 2400 rit;
396 2348 674 2404 experientia
703 2347 821 2390 enim
847 2354 1129 2403 compertum
1153 2354 1238 2398 est,
1265 2344 1374 2387 nihil
1404 2344 1508 2387 inde
1534 2342 1775 2399 prouenire
1807 2340 1928 2384 vtili-

300 2426 403 2468 tatis
426 2425 607 2468 nostris.

388 2502 476 2545 Vbi
499 2501 661 2557 aliquis
694 2501 942 2543 mittendus
965 2500 1021 2542 ad
1044 2499 1166 2542 aliud
1194 2498 1437 2555 collegium
1461 2504 1545 2549 est,
1571 2503 1616 2540 et
1645 2496 1769 2539 nullo
1798 2502 1930 2551 pacto

299 2580 449 2622 socius
471 2578 533 2620 illi
557 2578 763 2621 adhiberi
786 2585 951 2634 potest,
978 2577 1013 2620 si
1038 2576 1095 2619 sit
1118 2577 1337 2632 probatus
1356 2574 1535 2625 rectori,
1561 2581 1709 2630 potest
1731 2572 1793 2615 ita
1816 2571 1931 2614 mitti

300 2656 506 2707 vestituS,
533 2660 617 2701 394
642 2662 690 2697 vt
708 2654 852 2711 possit
875 2653 1063 2710 agnosci
1091 2667 1190 2697 esse
1213 2651 1469 2697 Societatis.
1497 2651 1545 2695 Si
1569 2665 1659 2694 non
1681 2657 1801 2693 esset
1822 2663 1931 2705 pro-

300 2734 448 2784 batus,
475 2733 545 2775 vel
574 2732 759 2774 omnino
788 2730 958 2786 aliquid
986 2730 1218 2773 timeretur
1240 2728 1441 2773 scandali
1469 2729 1526 2771 ab
1560 2727 1657 2784 ipso
1681 2732 1931 2783 prouentu-

301 2825 398 2851 rum
423 2811 468 2851 in
493 2810 668 2861 itinere,
695 2808 949 2852 consultius
971 2814 1090 2851 esset
1112 2815 1160 2849 vt
1189 2806 1444 2850 mitteretur
1475 2805 1520 2848 in
1554 2804 1709 2847 habitu
1749 2802 1934 2846 omnino

301 2886 511 2930 seculari.
548 2888 602 2928 Et
622 2893 730 2928 tunc
752 2885 1088 2941 significaretur
1110 2883 1291 2936 rectori,
1317 2883 1374 2926 ad
1397 2896 1531 2939 quem
1556 2881 1765 2933 mittitur,
1791 2895 1847 2924 ex
1862 2879 1933 2921 in-

300 2963 474 3005 dustria
497 2963 558 3005 ita
580 2977 679 3006 esse
703 2963 906 3014 missum;
932 2968 978 3004 et
1001 2960 1036 3004 si
1055 2960 1162 3016 quid
1184 2969 1304 3004 esset
1327 2959 1674 3015 expendendum
1693 2957 1739 3000 in
1756 2956 1833 2999 illo
1856 2970 1933 2998 ve-
