2028 3426
338 196 410 268 586
600 270 601 273 ¹
811 221 964 257 PATms
991 221 1235 256 HIERONYMI
1261 220 1414 257 NADAL

290 324 547 368 diuinarum
572 323 895 379 contemplatio
919 329 965 365 et
988 330 1154 379 gustus
1176 322 1221 365 in
1247 322 1449 372 Christo,
1471 331 1771 380 augmentum
1789 324 1924 368 etiam
1990 326 2019 342 ’Μ

289 401 510 444 virtutum
532 401 750 450 omniurn,
772 415 896 443 amor
919 399 1172 443 vocationis
1197 407 1394 452 nostrae,
1421 400 1616 444 instituti
1640 408 1684 444 et
1713 401 1816 444 finis
1838 402 1925 446 So-

289 478 482 522 cietatis.

385 558 478 600 12.⁰
501 556 573 600 die
603 555 930 599 consideranda
955 562 1062 597 sunt
1090 555 1278 598 vulnera
1307 554 1474 607 omnia,
1500 555 1576 597 illa
1611 556 1872 611 praesertim
1899 568 1923 611 5

290 632 363 676 Χ]
386 633 658 683 resuscitati,
686 640 730 674 et
754 646 858 674 cum
877 646 1043 687 magna
1061 631 1210 674 cordis
1228 631 1370 674 nostri
1389 631 1669 676 exultatione
1698 639 1743 676 et
1765 631 1925 675 iucun-

289 710 429 753 ditate
460 710 798 760 meditandum,
839 709 1066 764 quomodo
1099 709 1287 752 vulnera
1325 708 1397 751 illa
1437 709 1758 751 confortabant
1788 710 1926 753 corda

288 788 613 843 apostolorum.
642 786 851 828 Addatur
874 785 1009 827 etiarn
1037 784 1339 829 consideratio
1362 785 1653 828 exultationis
1675 794 1719 828 et
1748 786 1920 842 gaudii,

288 865 409 919 quod
453 880 505 908 ex
551 863 635 905 illis
673 862 952 919 percipiebat
993 861 1252 906 beatissima
1289 863 1350 907 V.
1394 863 1551 906 Maria:
1599 863 1692 915 fiet,
1740 863 1924 907 Christo

289 941 502 997 propitio,
536 949 581 982 vt
611 940 863 983 exhilarent
891 947 907 964 ³
937 955 988 982 ac
1018 941 1232 982 roborent
1263 940 1451 982 vulnera
1490 939 1563 983 illa
1602 954 1679 982 cor
1716 936 1922 983 nostrum

288 1019 332 1060 in
363 1018 448 1061 X.⁰

353 1095 445 1149 13.⁰
510 1096 678 1138 Eadem
703 1095 892 1138 vulnera
916 1092 1087 1137 Christi
1110 1092 1435 1149 gloriosissima
1459 1093 1694 1149 regnantis
1717 1093 1762 1135 in
1795 1094 1923 1138 coelo

287 1172 701 1227 contemplandum,
727 1185 844 1226 quae
866 1178 973 1213 sunt
997 1184 1133 1226 supra
1157 1183 1293 1224 quarn
1331 1186 1357 1213 a
1386 1169 1516 1213 nobis
1549 1170 1740 1226 intelligi
1770 1177 1921 1226 potest

286 1249 619 1306 fulgentissima
642 1256 778 1303 atque
795 1247 1141 1304 speciosissima.
1168 1246 1247 1290 Illa
1271 1248 1436 1291 decore
1458 1262 1542 1290 suo
1565 1262 1616 1290 ac
1642 1248 1823 1304 fulgore
1848 1247 1919 1290 di—

287 1326 392 1368 uino
422 1333 660 1381 penetrent
692 1325 828 1368 corda
862 1332 1034 1376 nostra,
1061 1324 1152 1387 583·
1170 1324 1424 1368 exhilarent
1457 1332 1593 1379 atque
1628 1325 1918 1368 confirment.

286 1404 524 1446 Addamus
546 1403 681 1446 etiam
706 1405 829 1446 B.¹1¹³0
851 1403 905 1445 V.
935 1401 1103 1445 Mariae
1125 1401 1326 1445 diuinam
1351 1401 1470 1444 illam
1495 1401 1852 1446 consolationem
1876 1402 1922 1446 in

287 1480 467 1537 fulgore
490 1481 669 1523 illorum
692 1481 933 1524 vulnerum
957 1479 1002 1522 in
1026 1480 1169 1522 coelo.

375 1560 612 1601 Postremo
635 1557 911 1601 considerari
934 1565 1129 1613 possunt
1146 1558 1336 1601 vulnera
1354 1556 1542 1608 Christi,
1565 1556 1828 1600 vniuersum
1848 1571 1921 1600 or-

283 1637 384 1679 bem
415 1635 674 1688 iudicantis,
701 1649 817 1690 quae
851 1648 1028 1677 summo
1057 1633 1227 1690 gaudio
1264 1641 1310 1676 et
1341 1633 1478 1676 animi
1511 1633 1823 1678 consolatione
1851 1649 1920 1677 re-

282 1714 471 1769 plebunt
494 1713 668 1755 animos
697 1711 920 1755 iustorum
954 1718 999 1753 et
1033 1725 1237 1766 corpora3
1263 1711 1579 1754 damnatorum
1611 1724 1718 1754 vero
1747 1717 1792 1753 et
1821 1711 1917 1754 ani-

282 1804 378 1833 mos
402 1798 446 1833 et
475 1804 665 1845 corpora
697 1803 874 1832 summo
908 1798 1094 1840 terrore,
1120 1789 1307 1831 horrore
1339 1794 1476 1842 atque
1509 1788 1666 1830 dolore
1699 1786 1914 1832 afficient.

372 1868 531 1909 Potest
552 1867 687 1910 etiam
711 1866 868 1909 haberi
891 1866 966 1909 illa
995 1864 1321 1921 contemplatio
1355 1864 1491 1916 Vtilis,
1517 1864 1661 1907 facilis
1690 1871 1735 1907 et
1767 1863 1919 1920 quoti—

282 1944 432 2000 diana,
465 1953 514 1987 vt
544 1945 806 1999 frequenter
842 1941 1184 1987 consideremus
1212 1944 1361 1985 Deum
1392 1956 1492 1986 esse
1532 1948 1833 1997 praesentem,
1871 1950 1918 1984 vt

282 2020 456 2064 infinite
490 2022 678 2074 bonum,
719 2021 854 2064 simul
887 2027 934 2062 vt
972 2020 1148 2063 infinite
1186 2019 1372 2071 iustum;
1413 2019 1475 2061 ita
1513 2018 1824 2074 concipiamus
1862 2033 1918 2063 ex

281 2097 417 2152 priori
447 2097 811 2141 consideratione
850 2112 1047 2140 amorem
1081 2095 1166 2140 Dei
1203 2104 1248 2140 et
1286 2096 1465 2140 filialem
1506 2096 1729 2147 timorem,
1763 2111 1818 2139 ex
1852 2103 1912 2138 2².

282 2189 390 2218 vero
414 2175 617 2219 timorem
642 2175 859 2218 initialem
881 2176 954 2219 vel
977 2174 1112 2218 etiam
1132 2174 1361 2227 seruilem,
1383 2173 1460 2228 qui
1479 2181 1628 2217 tamen
1649 2187 1739 2216 non
1757 2173 1914 2217 exclu-

280 2252 357 2294 dat
382 2251 669 2304 charitatem,
696 2253 776 2296 sed
799 2252 1060 2294 introducat
1079 2258 1124 2294 et
1146 2258 1333 2307 augeat.

280 2416 367 2461 584
1047 2383 1146 2476 Jfis.

283 2545 428 2576 RATIO
478 2545 854 2583 ,QUEMADMODUM
909 2545 1132 2575 RECITARI
1191 2544 1357 2574 POSSIT
1413 2543 1660 2574 ROSARIUM
1703 2527 1721 2554 b
1769 2542 1914 2572 VITAE

369 2622 581 2660 CHRISTI,
608 2622 650 2652 SI
683 2622 795 2660 QUIS
825 2622 884 2651 EX
910 2621 1190 2652 DEUOTIONE
1214 2620 1499 2651 MOUEBITUR
1521 2621 1583 2650 AD
1615 2620 1758 2650 ILLUD
1782 2619 1915 2650 RECI-

370 2700 588 2730 TANDUM.

371 2793 544 2837 Poterit
582 2792 760 2836 recitari
799 2791 1018 2835 rosarium
1057 2792 1178 2835 vitae
1213 2790 1383 2834 domini
1417 2798 1461 2835 et
1495 2789 1737 2834 saluatoris
1770 2789 1914 2833 nostri

273 2872 384 2927 Jesu
414 2869 602 2926 Christi,
633 2869 753 2914 vitae
775 2869 947 2913 scilicet
976 2869 1221 2921 increatae,
1253 2881 1305 2910 ac
1334 2867 1454 2910 vitae
1483 2876 1661 2911 creatae
1690 2865 1910 2918 mortalis,

351 3049 367 3064 a
418 3038 639 3074 exhilerent
657 3049 728 3073 ms.
781 3039 847 3065 —b
874 3036 1096 3072 rossarium
1116 3047 1186 3071 ms.
