2028 3426
341 228 411 265 386
442 277 445 280 Ι
812 227 966 263 PATms
994 227 1237 262 HIERONYMi
1263 225 1415 262 NADAL

293 345 384 374 vno
411 331 501 374 sint
538 329 757 385 contenti,
798 337 845 371 vt
883 328 956 371 alii
996 329 1155 371 Patres
1192 334 1237 371 et
1275 327 1452 378 fratres,
1489 340 1573 370 nec
1602 327 1754 383 plures
1790 326 1930 370 libros

294 423 429 464 quam
451 422 535 464 pro
558 407 628 450 his
651 406 807 458 literis,
835 419 946 461 quas
969 411 1201 456 exercent,
1227 403 1468 448 necessarii
1493 409 1616 456 sunt3
1649 410 1694 447 et
1722 403 1769 445 in
1791 403 1929 447 rebus

294 485 408 536 aliis,
428 492 479 526 vt
506 484 618 526 nihil
648 484 704 527 ad
727 481 1100 538 superfluitatem,
1128 482 1200 525 vel
1229 481 1351 536 quod
1379 481 1434 523 ad
1464 481 1633 523 fastum
1670 481 1760 523 vllo
1797 487 1929 536 pacto

295 561 579 618 interpretari
604 560 760 617 possit,
786 560 998 602 habeant.
1027 558 1194 602 Omnia
1217 572 1324 600 vero
1347 564 1556 614 spectent
1584 558 1641 600 ad
1671 556 1932 614 religiosam

297 638 629 694 simplicitatem
655 645 699 680 et
722 636 970 692 simplicem
989 642 1317 692 paupertatem.
1346 633 1646 678 Prouincialis
1663 649 1791 687 vero,
1812 648 1929 689 quae

297 715 458 760 rectori
487 713 767 771 praescribit,
793 713 1008 756 imitetur.

387 793 445 836 52
467 794 588 835 Dent
608 804 790 847 operam
810 788 1127 846 prouinciales,
1148 796 1193 833 et
1210 789 1429 845 singulari
1448 788 1600 831 studio
1617 795 1778 831 curent
1796 802 1848 831 ac
1865 787 1932 830 di-

296 869 499 925 ligentia,
522 884 599 924 per
617 883 682 921 se,
703 882 781 924 per
799 866 1054 923 superiores
1072 866 1198 918 alios,
1220 874 1265 910 et
1285 881 1363 922 per
1379 866 1697 919 confessarios,
1718 872 1768 908 vt
1785 865 1931 908 nostri

297 961 454 989 omnes
477 946 679 988 nitantur
704 946 760 986 ad
783 943 1106 1000 perfectionem
1125 943 1411 987 obedientiae
1434 943 1707 987 intellectus.
1735 943 1872 998 Quod
1895 942 1932 985 si

297 1022 545 1065 obueniant
569 1021 828 1079 huiusmodi
851 1019 1024 1072 iuditia,
1057 1034 1173 1076 quae
1206 1019 1492 1064 obedientiae
1520 1019 1778 1064 intellectus
1806 1019 1934 1076 puri-

298 1107 434 1142 tatem
459 1099 638 1142 laedere
667 1098 922 1150 videantur,
949 1111 1031 1153 pro
1056 1097 1188 1153 graui
1211 1097 1464 1141 tentatione
1487 1096 1561 1139 illa
1589 1097 1798 1140 habenda
1831 1111 1932 1140 esse

298 1177 507 1226 doceant,
529 1183 574 1218 et
591 1176 662 1218 vel
680 1175 935 1230 superanda
953 1174 1167 1217 exercitio
1186 1173 1418 1226 orationis,
1440 1181 1485 1218 et
1504 1173 1680 1230 piarum
1698 1172 1930 1216 actionum

297 1268 352 1297 ex
375 1252 562 1295 consilio
586 1251 828 1308 superioris
851 1252 922 1294 vel
940 1250 1219 1303 confessarii,
1246 1252 1334 1303 vel,
1360 1250 1395 1294 si
1420 1250 1464 1293 id
1482 1265 1571 1294 non
1591 1257 1792 1307 possent,
1815 1251 1934 1293 facta

301 1330 518 1381 oratione,
545 1344 678 1372 suurn
702 1328 919 1372 iudicium
943 1329 1141 1372 referant
1163 1329 1220 1370 ad
1242 1328 1537 1384 superiorem,
1562 1328 1634 1372 vel
1652 1329 1709 1370 ad
1726 1327 1935 1370 consilia·

298 1407 412 1448 rium
437 1407 557 1449 illius
580 1406 794 1462 aliquem,
821 1413 865 1449 et
887 1405 1065 1448 illorum
1089 1405 1376 1461 responsioni
1397 1405 1704 1461 acquiescant.
1733 1405 1871 1460 Quod
1894 1405 1946 1450 si,

299 1491 458 1540 pergat
482 1497 582 1526 esse
605 1484 793 1526 molesta
823 1482 1012 1525 tentatio
1043 1482 1215 1537 absque
1247 1495 1493 1534 consensu,
1525 1482 1659 1525 simul
1681 1481 1802 1524 illam
1832 1481 1936 1538 qui-
1975 1483 1978 1487 ’

298 1563 399 1604 dem
432 1561 659 1604 existimet
688 1574 788 1604 esse
817 1574 1023 1616 grauem,
1056 1559 1153 1603 siue
1183 1560 1298 1604 velle
1325 1561 1474 1603 Deum
1504 1559 1579 1602 illa
1610 1559 1785 1603 ratione
1815 1559 1937 1615 ipsos

299 1639 502 1694 affligere
525 1646 570 1681 et
592 1639 799 1694 probare.
828 1637 1093 1681 Adhibeant
1121 1636 1262 1693 igitur
1284 1636 1422 1679 animi
1444 1636 1728 1681 aversionem
1759 1637 1815 1679 ad
1837 1643 1936 1680 ten-

302 1715 533 1767 tationem,
560 1715 821 1771 patientiam
846 1715 899 1757 ad
925 1713 1235 1767 afflictionem,
1256 1714 1313 1756 ad
1335 1713 1647 1770 probationem
1666 1713 1937 1770 longanimi-

300 1800 437 1836 tatem
462 1800 507 1835 et
531 1806 673 1848 spem,
700 1792 1082 1847 quemadmodum
1105 1791 1151 1833 in
1174 1790 1477 1834 afflctionibus
1500 1791 1688 1835 aliarum
1708 1791 1766 1835 53
1789 1797 1936 1834 tenta-

300 1870 475 1911 tionum
500 1870 683 1913 debent.
712 1870 774 1912 Ita
799 1869 878 1912 fiet
906 1875 954 1910 vt
981 1867 1169 1924 inquieti
1208 1883 1299 1910 non
1328 1868 1501 1920 vinam,
1543 1869 1623 1912 sed
1661 1874 1844 1924 sperent
1881 1883 1936 1912 ex

303 1946 552 1989 tentatione
575 1953 868 2002 prouentum.
896 1946 1062 1988 Nullus
1084 1960 1192 1989 vero
1209 1945 1282 1998 sit,
1309 1945 1386 2001 qui
1408 1959 1565 2002 pacem
1596 1945 1839 2000 internam,
1865 1945 1939 1990 vel

301 2022 346 2065 in
370 2023 456 2074 his,
482 2024 553 2066 vel
571 2023 615 2064 in
640 2023 737 2065 aliis
760 2024 896 2066 rebus
917 2022 1172 2077 quibusuis,
1199 2037 1289 2065 non
1312 2022 1484 2065 nitatur
1506 2022 1722 2078 consequi
1752 2029 1796 2067 et
1825 2037 1939 2066 con-

303 2115 485 2145 seruare
509 2101 552 2142 in
577 2101 790 2143 Domino.

394 2178 558 2219 Nullus
581 2185 767 2220 annotet
789 2177 955 2220 iudicia
977 2193 1058 2220 sua
1081 2185 1240 2221 contra
1267 2176 1561 2233 superiorem,
1598 2176 1726 2233 quasi
1755 2176 1801 2219 in
1829 2176 1940 2220 visi-

304 2254 474 2296 tatione
497 2269 547 2297 ea
577 2254 634 2296 sit
665 2256 888 2298 relaturus
921 2254 1186 2311 prouinciali
1220 2255 1292 2298 vel
1323 2253 1649 2306 commissario,
1686 2254 1764 2297 sed
1797 2253 1938 2307 dicet,

306 2345 422 2386 quae
445 2345 682 2375 occurrere
706 2339 935 2387 poterunt,
956 2332 1031 2374 vbi
1057 2331 1261 2375 fortassis
1278 2330 1649 2387 interrogabitur.
1669 2332 1771 2374 Hoc
1790 2337 1938 2374 tamen

305 2408 493 2450 concedi
518 2415 667 2462 potest
705 2408 988 2460 consiliariis,
1015 2409 1051 2451 si
1075 2408 1317 2452 memoriae
1339 2423 1450 2452 suae
1472 2423 1563 2451 non
1587 2408 1832 2451 confidant.

397 2485 466 2528 Ne
490 2485 567 2526 fiat
591 2485 703 2527 ritus
725 2486 796 2527 vel
820 2486 1034 2529 tondendi
1060 2486 1287 2528 nouacula
1308 2494 1325 2510 ²¹
1357 2486 1561 2537 barbam,
1586 2485 1659 2528 vel
1690 2484 1938 2528 forficibus:

307 2562 443 2604 modo
467 2562 699 2605 decretum
722 2563 1094 2617 congregationis
1118 2563 1288 2619 primae
1316 2562 1541 2619 generalis
1569 2563 1858 2614 obseruetur,
1885 2576 1944 2606 ne
1988 2607 1990 2609 ,

309 2638 493 2681 barbam
518 2637 772 2680 nutriamus
819 2672 826 2680 .

400 2715 448 2760 Si
485 2715 710 2758 accideret
743 2715 936 2771 aliquem
965 2731 989 2758 e
1025 2717 1189 2760 nostris
1219 2718 1355 2773 (quod
1394 2716 1618 2760 Dominus
1657 2715 1849 2771 auertat)
1887 2730 1944 2759 ex
1995 2723 2001 2729 ”

381 2862 398 2879 a
448 2852 628 2888 tontendi
641 2853 884 2888 nouaculam
901 2865 972 2888 ms.

388 2978 396 2997 ¹
450 2978 661 3014 Decretum
690 2986 772 3023 114.
798 2977 858 3014 Cf.
886 2979 1122 3014 Institutum
1150 2979 1234 3017 Soc,
1253 2979 1352 3025 Jesu
1370 2979 1620 3022 (Florentiae,
1645 2976 1876 3026 1892-1893),
1896 2978 1945 3024 11,

319 3036 403 3073 183.
