2028 3426
381 219 452 256 554
853 211 1008 246 Pru-ms
1036 211 1279 247 HIERONYMl
1306 210 1457 246 NADAL

331 327 423 356 non
445 314 502 356 de
525 328 572 357 re
610 321 731 357 certa
771 312 1067 368 interrogatio
1104 313 1197 364 fiat,
1238 313 1319 356 sed
1355 313 1399 354 in
1424 312 1686 356 vniuersum
1726 320 1773 355 vt
1799 313 1969 368 aliquid
2001 320 2013 350 '2'

332 391 524 434 afferant
550 393 707 434 Patres
735 398 779 433 et
806 391 981 441 fratres,
1018 404 1133 444 quae
1162 389 1247 432 sibi
1276 389 1554 433 videbuntur
1586 404 1686 434 esse
1723 390 1893 446 optima
1915 391 1970 434 ad
2004 403 2021 460 ’Ἀ

340 468 537 510 fructum
562 468 840 524 spiritualem
865 466 909 508 in
933 474 1087 509 nostra
1109 466 1362 509 vocatione.

898 599 959 628 DE
984 598 1406 629 RECREATIONIBUS

419 699 601 755 Triplex
633 699 677 741 in
711 699 915 754 collegiis
953 697 1218 740 conceditur
1252 697 1486 741 recreatio:
1524 713 1613 741 una
1645 713 1671 740 a
1704 698 1893 754 prandio
1925 706 1971 743 et
2018 723 2020 726 -

329 791 474 820 coena
505 778 587 820 50ss
612 792 691 832 per
720 791 856 818 Vnam
885 784 902 801 ³
931 777 1107 828 horam,
1140 775 1226 817 alia
1256 774 1449 831 singulis
1477 775 1773 818 hebdomadis
1802 775 1972 830 aliquot
2002 795 2006 798 ¹

328 855 450 897 horis
478 863 522 897 et
552 863 655 898 ante
685 862 728 898 et
758 862 859 910 post
893 853 1146 909 prandium.
1182 854 1236 895 Et
1268 855 1352 896 hae
1382 852 1564 908 quidem
1595 861 1701 896 sunt
1722 852 1966 906 ordinarie;
2000 891 2003 894 .

326 931 456 974 tertia
480 940 546 974 est
571 931 940 982 extraordinaria,
966 945 1082 985 quae
1104 931 1236 972 datur
1260 936 1441 985 propter
1460 930 1776 973 necessitatem
1796 931 1866 973 vel
1884 930 1970 972 vti-

327 1009 496 1050 litatem
522 1018 647 1052 extra
671 1008 873 1052 ordinem
898 1014 1228 1063 emergentem.

415 1085 499 1129 Die
522 1085 718 1137 veneris,
742 1099 847 1128 cum
871 1100 961 1127 non
983 1085 1034 1127 fit
1057 1098 1214 1136 coena,
1241 1083 1476 1137 recreatio,
1503 1098 1619 1138 quae
1649 1099 1674 1126 a
1704 1098 1846 1141 coena
1874 1085 1971 1127 fieri

326 1164 455 1215 solet,
481 1163 564 1205 erit
587 1162 846 1205 dimidiatae
871 1164 1021 1213 horae,
1043 1161 1119 1216 qui
1139 1162 1301 1203 modus
1319 1161 1453 1205 etiam
1473 1161 1790 1204 obseruabitur
1807 1162 1970 1205 diebus

327 1239 499 1283 ieiunii.

414 1316 757 1360 Substituantur
781 1315 1071 1359 recreationis
1095 1323 1296 1371 tempore
1320 1316 1580 1370 frequenter
1599 1315 1752 1370 aliqui,
1775 1330 1969 1370 quorum

323 1409 458 1450 opera
482 1394 541 1435 illi
566 1395 860 1437 subleuentur
885 1393 1177 1445 sufficienter,
1204 1392 1280 1447 qui
1298 1407 1484 1435 suorum
1502 1393 1752 1435 officiorum
1773 1392 1965 1446 ratione,

323 1471 581 1514 ministeriis
605 1485 836 1526 nunquam
859 1470 1144 1523 intermissis,
1172 1470 1366 1526 collegio
1390 1469 1654 1521 inseruient‚
1681 1471 1838 1524 quales
1861 1477 1967 1513 sunt

322 1548 608 1592 coadiutores
633 1549 918 1604 temporales,
944 1556 992 1589 vt
1015 1556 1059 1590 et
1082 1547 1166 1602 ipsi
1190 1546 1457 1591 recreationi
1481 1547 1709 1591 intersint.

412 1627 690 1669 Recreentur
714 1626 874 1669 fratres
896 1624 941 1666 in
965 1639 1070 1677 vno,
1098 1625 1169 1666 vel
1192 1625 1371 1667 duobus
1391 1624 1517 1677 locis,
1543 1623 1580 1666 si
1606 1631 1759 1668 tantus
1788 1624 1846 1667 sit
1876 1639 1964 1668 nu·

322 1717 473 1746 merus
505 1703 710 1754 fratrum,
743 1709 877 1758 prout
906 1701 1204 1753 ordinabitur3
1237 1709 1281 1744 et
1310 1702 1398 1744 hoc
1422 1715 1512 1743 non
1535 1700 1592 1743 sit
1616 1701 1857 1755 incertum,
1884 1703 1964 1746 sed

322 1779 379 1820 sit
401 1787 552 1822 certus
576 1787 620 1823 et
642 1779 886 1834 deputatus
909 1779 1055 1831 locus,
1088 1792 1177 1832 quo
1207 1777 1485 1822 conueniant
1518 1779 1675 1821 Patres
1705 1793 1756 1821 ac
1790 1779 1966 1831 fratres,

323 1856 506 1898 nouitiis
528 1857 763 1898 dumtaxat
785 1864 829 1900 et
853 1855 1162 1911 superioribus
1187 1855 1275 1899 507
1300 1855 1515 1911 exceptis,
1543 1856 1623 1899 sed
1643 1855 1742 1898 uice
1761 1855 1968 1911 superio-

325 1948 425 1975 rum
450 1933 625 1988 syndici
649 1933 815 1976 occulti
838 1935 1149 1976 obseruabunt
1174 1933 1281 1988 quid
1305 1940 1469 1989 agatur
1488 1940 1533 1977 et
1551 1933 1765 1984 referent,
1787 1933 1964 1978 tametsi

321 2010 578 2066 superiores
600 2024 941 2065 nonnumquam
966 2010 1236 2054 recreationi
1261 2017 1476 2065 poterunt
1499 2009 1732 2065 interesse.

410 2089 458 2130 In
483 2087 910 2131 conuersationibus
933 2095 1092 2130 curent
1115 2088 1385 2143 superiores,
1420 2095 1467 2128 vt
1497 2086 1575 2137 illi,
1609 2087 1685 2142 qui
1719 2087 1963 2142 profecisse

321 2165 547 2216 videntur,
574 2172 712 2220 agant
735 2179 837 2206 cum
861 2164 931 2216 iis,
957 2179 1070 2220 quos
1093 2164 1441 2208 conuersatione
1463 2164 1620 2215 iuuare
1644 2164 1834 2219 possint;
1862 2171 1907 2206 et
1925 2164 1964 2207 si

321 2249 473 2284 essent
495 2241 630 2296 aliqui
655 2241 771 2283 inter
795 2242 970 2295 fratres,
1001 2241 1077 2297 qui
1107 2256 1196 2284 non
1226 2241 1492 2285 iuuarentur
1523 2256 1579 2285 ex
1612 2240 1965 2284 conuersatione
1996 2227 1998 2229 .

323 2319 595 2374 aliquorum,
620 2318 852 2374 expediret
881 2319 966 2362 illis
994 2320 1100 2362 dare
1129 2319 1432 2374 chirographa
1461 2326 1654 2370 secreta,
1687 2318 1836 2373 qualia
1865 2317 1965 2360 dari

321 2397 467 2440 solent
491 2395 690 2448 nouitiis‚
711 2397 767 2438 ad
785 2396 1101 2439 necessitatem
1119 2404 1402 2451 praesentem
1422 2397 1779 2440 accommodata.
1801 2395 1850 2439 Si
1872 2409 1963 2437 non
1990 2399 1992 2402 ’

322 2474 551 2517 sufficeret
575 2472 837 2525 admonitio,
860 2472 1185 2534 poenitentiam
1204 2472 1338 2514 etiam
1362 2480 1582 2515 secretam
1607 2471 1871 2515 confessarii
1892 2471 1961 2514 his

321 2558 511 2606 possunt
549 2551 673 2602 dare,
716 2558 810 2592 tum
849 2549 982 2592 etiam
1022 2549 1294 2605 superiores,
1331 2549 1368 2592 si
1408 2564 1498 2591 non
1537 2557 1774 2593 seruarent
1813 2547 1988 2591 chiro-'

324 2630 567 2684 graphum.
1981 2679 1983 2682 .

410 2705 582 2748 Nouitii
605 2706 839 2747 habebunt
865 2703 1058 2759 separati
1082 2704 1137 2746 ab
1160 2702 1259 2745 aliis
1276 2717 1403 2745 suam
1425 2702 1767 2754 recreationem,
1789 2710 1836 2744 vt
1854 2701 1961 2745 alibi

322 2783 508 2825 dicitur.

411 2862 473 2903 Vt
495 2861 627 2904 detur
650 2858 799 2915 aliqua
821 2858 948 2914 quies
971 2865 1015 2901 et
1037 2857 1253 2900 auxilium
1278 2856 1346 2908 iis,
1378 2856 1455 2911 qui
1484 2865 1765 2912 occupantur
1794 2856 1840 2898 in
1873 2855 1957 2898 mi⁴

321 2937 517 2979 nisteriis
535 2936 860 2993 spiritualibus,
882 2935 990 2979 vtile
1007 2934 1108 2988 erit,
1129 2934 1165 2977 si
1183 2933 1345 2989 quouis
1363 2948 1482 2976 anno
1501 2933 1544 2975 hi
1567 2947 1741 2985 omnes,
1767 2932 1960 2976 diuersis

394 3043 410 3058 Β
461 3044 540 3067 vna
562 3043 634 3068 mS.
