2028 3426
682 218 1021 253 INsTRUCTmNEs
1031 238 1060 243 —
1071 218 1113 252 61
1517 232 1522 238 ·
1596 226 1662 262 557

81 320 227 364 tiones
250 335 306 364 ex
327 335 416 363 vno
445 320 501 362 ad
530 320 650 362 aliud
679 319 937 374 collegium:
971 318 1185 362 conuenit
1213 325 1362 360 tamen
1391 326 1439 359 vt
1468 319 1710 374 aliquando

82 404 315 440 mutentur
337 397 471 440 etiam
497 396 609 439 citra
632 396 964 447 necessitatem3
1004 395 1048 437 id
1083 403 1232 438 tamen
1254 394 1421 436 iudicio
1450 395 1683 450 prouincia

82 473 208 515 lium.

170 554 241 595 513
273 551 376 592 Non
399 557 467 592 est
489 563 725 592 necessum
749 556 797 590 vt
820 549 903 593 iter
925 550 1139 593 facientes
1162 549 1342 605 singula
1367 563 1571 603 quaeque
1596 549 1707 591 scri<

82 628 206 678 bant,
232 641 348 681 quae
385 627 657 682 expendent,
699 627 778 669 sed
802 627 909 669 satis
931 627 1015 669 erit
1038 629 1204 670 referre
1241 633 1459 681 quantum
1490 626 1709 681 pecuniae

83 703 461 758 consumpserint3
502 704 751 745 curandum
781 710 849 745 est
882 703 1060 746 interim
1085 719 1142 746 ne
1179 702 1461 746 necessarius
1489 716 1709 757 expensa—

83 794 182 822 rum
207 780 368 822 modus
390 781 651 823 excedatur.
1189 767 1192 770 Ι

171 857 263 911 Qui
284 856 412 911 equis
436 858 678 908 vehuntur,
705 857 1033 900 admoneantur
1057 872 1081 899 a
1104 857 1370 906 rectoribus,
1404 856 1560 911 eisque
1583 871 1710 898 com—

83 934 319 976 mendetur
341 940 565 984 accurate,
598 940 645 974 vt
684 947 838 975 curam
876 934 1071 975 habeant
1109 933 1374 988 diligentem
1413 947 1633 987 equorum
1665 933 1710 975 in

81 1010 301 1064 hospitiis,
343 1009 657 1065 ephippiorum
690 1018 723 1060 ἃ,
765 1010 1038 1062 fraenorum,
1080 1011 1333 1053 calceorum
1368 1011 1640 1063 ferreorum,
1667 1018 1711 1053 et

84 1086 221 1128 huius
244 1086 307 1129 rei
330 1086 443 1128 ratio
472 1085 698 1141 exigat-ur.

173 1164 361 1218 Regula,
395 1177 510 1218 quae
539 1163 820 1217 praescribit,
847 1177 939 1214 eos,
967 1163 1043 1217 qui
1071 1178 1125 1206 ex
1157 1163 1315 1206 itinere
1353 1162 1638 1218 hospitantur
1667 1164 1712 1206 in

85 1238 302 1294 collegiis,
330 1240 399 1281 vel
420 1254 474 1281 ex
498 1239 595 1281 aliis
617 1239 820 1295 collegiis
852 1239 973 1282 missi
1004 1246 1184 1295 propter
1215 1239 1405 1296 negocia
1434 1251 1482 1281 vt
1511 1240 1714 1295 hospites

85 1317 324 1367 habentur,
350 1315 510 1358 subiici
534 1316 696 1359 rectori
719 1317 900 1368 debere,
926 1316 1193 1372 intelligitur
1218 1317 1398 1371 quidem
1432 1317 1477 1358 in
1500 1311 1714 1359 omnibus

87 1394 233 1448 (modo
255 1408 312 1435 ne
334 1407 492 1434 eorum
516 1393 670 1435 missio
693 1394 766 1436 vel
789 1392 982 1449 negocia
1011 1393 1345 1448 impedianturfss
1372 1394 1452 1437 sed
1475 1401 1621 1436 rector
1644 1401 1712 1435 ta—

87 1484 190 1512 men
214 1470 441 1512 moderate
464 1476 616 1512 vtetur
639 1484 795 1512 eorum
817 1484 967 1524 opera.
1002 1520 1012 1529 .

176 1545 468 1589 Scholasticis
491 1546 655 1588 dentur
676 1546 842 1601 scripta
864 1560 946 1588 sua
969 1547 1151 1600 quando
1174 1547 1230 1589 ab
1255 1562 1341 1589 vna
1363 1548 1497 1590 domo
1521 1547 1566 1588 in
1584 1547 1714 1590 aliam

23 1655 26 1658 .
90 1621 338 1664 mittantur.

175 1698 268 1753 Qui
292 1714 347 1741 ex
370 1698 519 1753 aliquo
543 1698 736 1755 collegio
759 1700 831 1742 vel
860 1701 995 1742 domo
1025 1699 1102 1743 514
1130 1699 1388 1752 mittuntur,
1415 1700 1487 1742 his
1515 1700 1713 1756 permitti

84 1776 215 1827 solet,
240 1783 289 1817 vt
312 1776 519 1817 auferant
542 1782 719 1818 tantum
743 1791 876 1818 suum
900 1777 1136 1828 rosarium,
1162 1792 1296 1819 suurn
1318 1777 1482 1819 librum
1507 1791 1710 1832 precum,

87 1851 171 1894 nisi
194 1865 327 1905 quem
351 1850 511 1906 aliquis
535 1851 697 1894 librum
728 1852 914 1896 haberet
947 1852 1233 1908 peculiariter
1263 1844 1422 1895 notum
1453 1860 1498 1895 et
1528 1853 1712 1896 familia-

90 1943 200 1981 rem,
225 1927 287 1968 illi
311 1929 579 1970 concederet
602 1936 766 1970 rector.

756 2043 818 2072 DE
844 2043 1052 2072 VIATICIS

179 2135 269 2176 Pro
293 2134 467 2177 viaticis
489 2142 746 2177 nostrorum
769 2137 989 2178 habeatur
1011 2139 1122 2179 haec
1151 2137 1405 2189 instructio,
1432 2146 1481 2179 vt
1509 2139 1716 2181 aduerta-

91 2222 165 2256 tur
187 2214 260 2256 cui
282 2212 474 2268 collegio
497 2220 564 2254 est
595 2212 713 2254 Vtilis
735 2212 902 2255 missio.
932 2214 1023 2257 Sed
1045 2215 1130 2256 hoc
1159 2220 1308 2268 potest
1338 2214 1432 2256 fieri
1457 2214 1711 2269 dupliciter:

90 2298 168 2334 aut
190 2292 311 2345 quod
333 2290 389 2333 sit
413 2297 587 2332 tantum
611 2289 731 2331 Vtilis
756 2289 829 2331 vni
851 2304 906 2332 ex
928 2290 1148 2346 collegiis,
1175 2291 1292 2333 vnde
1315 2299 1393 2333 aut
1415 2305 1504 2345 quo
1527 2291 1714 2333 mittun-

91 2375 179 2418 tur,
205 2375 249 2410 et
279 2375 422 2409 totum
452 2366 666 2408 viaticum
705 2367 840 2409 debet
877 2367 1058 2410 soluere
1086 2367 1196 2408 illud
1225 2367 1468 2423 collegium
1502 2368 1546 2409 in
1585 2367 1716 2410 cuius

91 2443 327 2486 Vtilitatem
357 2453 425 2486 est
447 2444 566 2485 facta
596 2442 695 2484 talis
724 2441 898 2495 missi03
925 2451 1002 2485 aut
1030 2443 1164 2487 etiam
1194 2451 1342 2499 potest
1370 2459 1470 2487 esse
1497 2443 1617 2485 Vtilis
1639 2443 1714 2484 vni

92 2527 137 2563 et
159 2520 285 2563 alteri
313 2519 521 2575 collegiO,
552 2526 596 2561 et
633 2527 740 2561 tunc
768 2526 1011 2574 Vtrumque
1048 2521 1196 2562 soluet
1225 2534 1351 2562 suam
1384 2527 1554 2575 partem
1590 2520 1715 2561 iuxta

93 2595 382 2652 prouincialis
404 2595 655 2637 arbitrium.
683 2596 820 2650 Quod
841 2595 877 2638 si
907 2597 1088 2651 quando
1117 2596 1403 2651 contingeret
1424 2602 1606 2650 propter
1635 2594 1715 2636 ali—

93 2687 227 2728 quam
254 2667 568 2715 riecessitatem
594 2671 708 2714 mitti
737 2672 931 2727 aliquem
960 2687 1016 2715 ex
1054 2687 1140 2715 vna
1170 2679 1297 2728 parte
1330 2673 1385 2714 ad
1424 2671 1570 2723 aliam,
1596 2671 1716 2725 quod

94 2748 241 2792 neutri
263 2755 382 2792 esset
404 2747 421 2772 b
445 2748 516 2790 515
538 2747 663 2800 vtile,
688 2747 832 2803 primo
854 2748 929 2790 isti
951 2749 1044 2792 fere
1066 2748 1301 2792 mittentur
1320 2749 1364 2789 in
1388 2746 1714 2803 peregrinatio-

96 2839 217 2876 nem,
243 2832 288 2868 et
308 2823 373 2866 sic
395 2825 519 2866 nullo
541 2838 655 2879 opus
676 2825 760 2867 erit
783 2839 888 2868 vere
911 2824 1092 2877 viatico3
1114 2832 1159 2868 et
1182 2832 1331 2867 tamen
1354 2823 1391 2865 si
1413 2823 1714 2865 necessarium

96 2908 233 2952 esset,
257 2900 436 2942 videtur
457 2900 568 2942 illud
590 2901 756 2945 debere
778 2901 893 2943 solui
915 2901 961 2943 in
985 2900 1213 2943 communi
1236 2915 1260 2942 a
1284 2907 1377 2942 tota
1405 2898 1652 2954 prouincia.

167 3022 184 3039 a
209 3012 459 3058 ephipiorum
479 3023 550 3046 ms.
610 3033 642 3037 —
656 3013 675 3038 b
700 3023 778 3047 esse
797 3023 868 3047 ms.
