2028 3426
295 214 363 259 876
869 210 1010 244 Epis’r.
1039 208 1081 244 P.
1110 207 1262 244 NADAL

340 317 458 359 Inter
481 312 788 369 navigandum
811 310 944 363 iussit
968 312 1021 354 R.
1050 311 1102 353 P.
1131 309 1322 361 Natalis,
1349 308 1423 364 qui
1448 316 1543 351 erat
1566 309 1659 350 dux
1680 315 1724 350 et
1748 322 1884 363 supe-

251 394 356 445 rior,
385 390 506 434 Patri
531 403 703 441 nostr0,
732 396 781 432 ut
802 388 847 431 in
872 388 1017 431 tribus
1040 386 1158 430 tonis
1182 387 1271 430 alta
1293 400 1407 430 voce
1429 386 1692 429 decantaret
1716 384 1885 441 passio-

254 485 354 514 nem
377 467 577 519 Domini,
605 475 654 509 ut
677 467 721 508 in
746 465 941 510 ecclesia
963 465 1077 508 solet
1107 464 1220 516 fieri,
1253 464 1506 507 secundum
1523 465 1764 520 Joannem:
1797 477 1885 518 qua

256 549 395 598 finita,
431 545 544 587 dixit
579 547 716 588 Pater
744 551 913 586 noster:
954 543 1079 599 «Jam
1102 541 1233 586 laetis
1255 540 1416 584 animis
1443 539 1689 583 cecinimus
1718 538 1884 583 Christi

255 625 506 680 passionem
531 623 588 665 ad
611 621 695 665 Dei
720 622 917 673 laudem3
945 619 1054 675 quid
1076 618 1112 662 si
1136 620 1263 662 Deus
1285 632 1382 661 eam
1416 619 1501 660 hac
1525 625 1615 659 tota
1646 625 1779 661 nocte
1807 631 1888 660 ex-

256 700 387 756 periri
412 699 545 742 etiam
570 697 870 754 permitteret?
893 698 1043 741 Credo
1066 695 1203 749 enim,
1234 695 1397 750 inquit,
1424 695 1544 749 quod
1573 694 1690 737 illam
1720 693 1888 737 sentie—

257 793 400 821 mus.»
428 779 515 820 Ista
538 785 649 832 ergo
672 782 808 819 nocte
830 776 988 818 eadem
1020 780 1144 816 tanta
1175 779 1422 828 tempestas
1444 779 1541 814 orta
1565 771 1664 823 fuit,
1697 779 1746 813 ut
1773 771 1889 814 duae

259 857 368 899 istae
390 854 626 897 naviculae
649 854 706 895 ab
729 851 923 895 invicem
947 850 1116 895 fuerint
1144 857 1394 906 separatae,
1428 863 1545 904 quae
1568 848 1733 903 alioqui
1756 848 1891 891 simul

256 935 301 975 in
326 932 524 977 Siciliam
549 931 844 974 deducendae
868 935 1012 980 erant,
1038 942 1229 983 quarum
1259 927 1304 969 in
1328 928 1469 970 altera
1497 933 1592 970 erat
1623 925 1891 969 secretarius

261 1009 444 1067 Ioannis
466 1010 521 1051 de
546 1010 693 1064 Vega,
719 1006 944 1063 viceregis
963 1005 1163 1058 Siciliae,
1182 1005 1294 1048 adeo
1318 1011 1368 1046 ut
1391 1004 1507 1046 infra
1530 1003 1727 1046 triduum
1753 1003 1891 1045 altera

259 1103 347 1130 non
372 1085 569 1143 potuerit
591 1085 745 1128 videre
769 1085 972 1128 alteram.
1000 1083 1078 1125 llla
1100 1098 1226 1134 vero,
1252 1065 1297 1124 in
1321 1095 1409 1136 qua
1432 1082 1566 1123 Pater
1588 1087 1700 1132 erat,
1722 1079 1892 1136 appulit

260 1166 331 1208 die
354 1163 530 1207 sabbati
555 1163 762 1214 Schalae,
789 1176 879 1204 non
904 1160 1001 1205 sine
1024 1174 1192 1216 magno
1215 1158 1432 1215 periculo;
1458 1157 1749 1201 inveniebant
1772 1156 1890 1199 enim

260 1244 345 1285 sub
369 1241 473 1284 navi
505 1254 725 1296 magnum
751 1240 956 1281 foramen
979 1236 1280 1293 longitudinis
1303 1243 1348 1279 et
1371 1234 1620 1278 latitudinis
1645 1235 1735 1277 fere
1759 1233 1894 1277 unius

261 1319 407 1376 palmi.

351 1399 438 1439 Ista
461 1402 685 1438 nocturna
708 1391 941 1449 navigatio
966 1390 1182 1434 continua
1205 1405 1285 1434 eos
1309 1406 1333 1433 a
1364 1398 1592 1432 turcarum
1627 1388 1775 1440 fustis,
1809 1387 1894 1430 ibi-

261 1477 359 1518 dem
381 1474 427 1516 in
451 1472 592 1516 antris
609 1478 793 1527 propter
816 1476 1129 1525 tempestatem
1153 1467 1451 1518 latitantibus,
1473 1466 1607 1510 etiam
1625 1465 1710 1509 Dei
1729 1465 1895 1508 auxilio

263 1551 485 1602 lil;›eravit;
507 1557 568 1602 et,
589 1548 625 1591 si
650 1548 694 1590 in
710 1549 850 1590 altum
866 1545 1069 1602 provecti
1089 1545 1295 1595 fuissent,
1314 1545 1435 1586 haud
1452 1543 1588 1586 dubie
1611 1557 1768 1586 omnes
1791 1543 1895 1585 sub-
1915 1580 1919 1584 .

263 1627 395 1671 mersi
422 1627 630 1679 fuissent;
652 1626 732 1669 sed
754 1623 978 1667 Dominus
997 1624 1123 1667 Deus
1141 1621 1345 1678 permisit
1368 1620 1497 1663 aliam
1518 1635 1697 1672 navem,
1720 1620 1895 1675 plenam

265 1707 354 1749 fere
380 1704 519 1756 laicis,
546 1703 590 1746 in
622 1703 761 1746 altum
791 1700 970 1753 deduci,
998 1702 1179 1743 Patrem
1209 1713 1317 1742 vero
1347 1712 1447 1740 cum
1479 1697 1577 1740 aliis
1600 1699 1766 1753 pascha
1789 1711 1894 1739 san-

265 1792 386 1824 ctum
410 1782 456 1823 in
482 1781 563 1823 ista
589 1780 772 1823 civitate
795 1778 1041 1829 celebrare,
1067 1791 1171 1819 curn
1197 1790 1362 1831 magna
1388 1775 1541 1831 populi
1565 1773 1897 1824 aedificatione,

266 1860 422 1914 partim
455 1857 743 1906 celebrando,
777 1855 937 1911 partim
967 1853 1280 1897 confessiones
1312 1852 1538 1895 audiendo
1567 1852 1830 1903 multorum,
1857 1858 1902 1894 et

265 1937 398 1978 simul
416 1935 549 1979 etiam
568 1933 769 1977 omnium
789 1938 1046 1982 nautarum,
1062 1930 1139 1986 qui
1158 1944 1313 1972 omnes
1332 1928 1731 1972 communicabant
1749 1927 1898 1971 etiam.

354 2014 470 2055 Cum
495 2025 602 2054 vero
631 2011 738 2054 inde
766 2009 995 2053 solverent
1024 2021 1182 2051 versus
1212 2006 1368 2050 Sancti
1397 2005 1626 2048 Francisci
1656 2006 1712 2050 de
1743 2006 1900 2055 Paula,

265 2093 349 2132 hoc
374 2091 520 2132 facere
543 2087 687 2131 coacti
711 2094 834 2139 sunt,
867 2100 921 2130 eo
960 2085 1081 2139 quod
1105 2092 1150 2127 et
1173 2083 1338 2126 nostris
1368 2091 1412 2126 et
1434 2081 1543 2138 ipsis
1582 2082 1716 2125 etiam
1754 2081 1906 2124 nautis

267 2167 456 2222 pecunia
490 2166 721 2216 deficeret,
749 2161 1042 2219 quantumvis
1081 2176 1202 2203 mare
1244 2161 1394 2203 adhuc
1424 2167 1544 2204 esset
1574 2160 1903 2209 turbulentum,

268 2246 388 2300 quod
410 2259 487 2286 eos
511 2250 689 2299 praeter
712 2256 836 2298 spem
861 2239 1032 2282 diutius
1055 2254 1081 2281 a
1110 2253 1246 2281 cursu
1271 2245 1545 2280 remoratum
1571 2244 1725 2281 erat...

354 2322 469 2365 Cum
494 2328 644 2364 autem
669 2317 984 2376 pervenissent
1003 2317 1050 2360 S.
1073 2315 1365 2358 Franciscum
1383 2315 1440 2358 de
1463 2315 1620 2365 Paula,
1643 2313 1703 2356 ibi
1722 2302 1905 2357 demum

268 2399 476 2442 viderunt
507 2399 696 2441 alteram
734 2409 895 2438 navem
933 2393 1112 2437 eminus
1134 2392 1179 2434 in
1213 2393 1303 2434 alto
1327 2391 1452 2434 mari.
1495 2393 1635 2434 Erant
1665 2399 1759 2433 tum
1783 2390 1907 2434 exesi

268 2491 440 2527 omnes,
474 2483 610 2530 atque
638 2475 752 2517 adeo
781 2472 865 2528 ipsi
895 2485 1078 2527 quoque
1106 2477 1288 2521 nautae,
1330 2468 1589 2523 ibidemque
1627 2467 1769 2511 coacti
1802 2474 1909 2510 sunt

270 2568 448 2596 manere
472 2558 655 2608 propter
677 2550 812 2593 maris
835 2547 1147 2604 intemperiem
1173 2561 1252 2602 per
1281 2545 1453 2600 aliquot
1475 2545 1586 2588 dies.
1616 2546 1682 2588 Eo
1707 2553 1910 2600 tempore

270 2630 404 2684 aliqui
431 2629 654 2672 faciebant
677 2643 758 2670 sua
782 2640 925 2678 sacra3
953 2627 1089 2668 Pater
1112 2624 1323 2667 Andreas
1341 2621 1529 2665 Frusius
1554 2621 1911 2664 concionabatur

271 2708 312 2748 in
338 2707 532 2761 quadam
557 2705 764 2756 ecclesia;
791 2702 929 2758 aliqui
952 2715 1061 2745 vero
1079 2702 1241 2744 fratres
1263 2699 1309 2742 in
1333 2699 1508 2755 plateis,
1535 2712 1727 2754 quorum
1746 2712 1913 2742 sermo·

271 2784 403 2825 nibus
442 2783 637 2838 populus
674 2780 917 2838 plurimum
959 2777 1043 2820 fuit
1081 2777 1368 2828 aedificatus,
1409 2776 1523 2819 adeo
1553 2782 1602 2817 ut
1635 2774 1813 2831 ipsimet
1831 2788 1913 2830 pro

273 2860 437 2902 nostris
462 2858 658 2903 ostiatim
688 2859 1000 2912 eleemosynas
1039 2862 1260 2911 peterent,
1291 2860 1334 2896 et
1369 2852 1455 2895 illis
1477 2852 1523 2894 in
1562 2851 1807 2908 hospitium
1830 2851 1912 2893 de-

273 2944 503 2991 portarent
533 2949 713 2991 panem,
745 2933 918 2987 vinum,
945 2946 1145 2984 caseum,
1177 2945 1280 2983 ova,
1316 2937 1425 2981 etc.,
1459 2943 1576 2984 quae
1605 2928 1754 2972 omnia
1779 2929 1915 2972 Pater

274 3021 425 3055 noster
448 3012 750 3056 custodiebat.
