2028 3426
717 242 1157 279 SUPPLEMENTUM—zo
1637 245 1707 289 875

209 342 346 384 Anno
367 357 474 386 vero
492 343 565 396 48,
593 355 642 397 13
662 343 826 396 Martii,
844 351 1068 388 steterunt
1086 359 1235 388 coram
1254 344 1482 400 pontifice,
1501 347 1644 388 Paulo
1665 355 1749 389 ter-

120 418 198 471 tio,
218 418 447 474 accepturi
462 418 658 475 genibus
680 419 807 462 flexis
829 420 1190 465 benedictionem
1206 437 1230 464 a
1249 423 1341 465 Sua
1358 421 1624 474 Sanctitate,
1646 423 1750 476 qui—

118 497 204 537 bus
228 495 588 539 exhortationem
611 496 845 552 pulchram
871 498 924 539 ad
950 497 1143 552 spatium
1177 498 1349 541 mediae
1379 499 1518 541 horae
1551 498 1672 551 fecit,
1698 513 1750 541 ac

118 571 238 614 misit
261 571 360 613 illos
383 571 640 624 duodecim,
667 587 782 627 quos
821 572 880 615 ibi
912 581 1175 628 praesentes
1203 574 1400 626 videbat,
1434 576 1577 629 (erant
1599 582 1748 618 autem

117 649 173 692 R.
201 649 253 689 P.
282 647 526 700 Polancus,
554 655 599 692 et
623 650 675 691 Ρ.
705 651 868 692 Petrus
899 649 1140 692 Codacius:
1168 650 1239 692 isti
1269 652 1375 702 duo,
1403 651 1478 705 qui
1508 651 1747 695 discessuri

116 739 206 766 non
231 725 391 780 erant).
414 726 530 768 Cum
557 733 706 769 autem
732 727 853 770 Suae
877 725 1116 770 Sanctitati
1140 726 1412 770 innotuisset
1435 728 1549 769 duos
1571 729 1747 779 adesse,

117 801 194 855 qui
218 815 319 843 cum
346 801 433 844 illis
456 803 611 846 decem
636 817 725 845 non
750 811 877 846 erant
900 802 1081 854 abituri,
1108 803 1184 845 ait:
1215 802 1366 846 «Nihil
1384 805 1535 847 refert:
1562 805 1745 846 confero

115 877 481 921 benedictionem
504 893 584 934 pro
607 879 891 922 duodecim.»
920 880 1049 920 Tunc
1082 880 1261 922 demum
1293 880 1646 923 recordabantur
1668 895 1745 922 no-

113 953 192 996 stri
218 956 269 997 R.
300 957 351 997 P.
379 954 645 1011 Hieronymi
675 957 936 998 Domenech
961 962 1005 999 et
1027 955 1193 1011 Juliani
1223 958 1249 1007 ¹,
1275 956 1373 1011 ejus
1396 956 1522 1008 socii,
1550 957 1626 1011 qui
1660 958 1745 999 hos

112 1031 269 1074 decem
293 1033 684 1087 praestolabantur
706 1033 750 1074 in
775 1032 944 1084 Sicilia,
971 1033 1032 1074 ita
1056 1039 1105 1074 ut
1128 1033 1221 1076 Sua
1244 1033 1470 1077 Sanctitas
1494 1032 1620 1088 quasi
1644 1048 1744 1088 pro-

112 1109 323 1163 phetasse
343 1107 586 1152 videretur.

200 1187 254 1228 R.
283 1187 334 1228 P.
362 1184 566 1241 Ignatius
590 1185 719 1228 iussit
743 1201 821 1240 per
846 1187 1025 1229 Patrem
1065 1186 1270 1228 Natalem
1311 1201 1336 1228 a
1364 1187 1458 1229 Sua
1488 1186 1742 1230 Sanctitate

110 1262 204 1317 peti
236 1276 369 1304 unam
406 1262 596 1317 gratiam
620 1277 700 1317 pro
740 1264 790 1304 P.
835 1264 970 1305 Petro
1008 1262 1192 1305 Canisio
1231 1270 1275 1306 et
1311 1264 1446 1307 Patre
1474 1265 1659 1315 Nostro,
1695 1273 1741 1306 ut

109 1338 303 1395 singulis
327 1338 557 1381 sacrificiis
580 1339 674 1381 suis
697 1346 881 1394 possent
905 1353 1039 1381 unam
1071 1339 1262 1381 animam
1301 1355 1355 1382 ex
1393 1340 1657 1395 purgatorio
1685 1341 1739 1382 li-

108 1418 282 1468 berare,
308 1430 442 1470 quam
472 1415 558 1457 illis
592 1417 683 1459 Sua
713 1415 940 1460 Sanctitas
970 1415 1266 1459 libentissime
1294 1416 1536 1469 concessit,
1561 1416 1734 1460 dicens:

112 1493 283 1536 «Fiam
313 1483 417 1535 cum
440 1507 522 1535 sua
555 1500 710 1534 sancta
739 1492 1068 1545 benedictione,
1093 1492 1223 1536 vivae
1260 1492 1384 1534 vocis
1406 1494 1604 1536 oraculo.
1632 1495 1740 1549 Quo

92 1571 251 1622 sacto,
278 1576 323 1612 et
346 1568 618 1611 exosculatis
641 1569 831 1624 pedibus
855 1570 978 1612 Suae
1001 1568 1280 1621 Sanctitatis,
1307 1577 1351 1613 et
1383 1569 1591 1612 manibus
1620 1585 1735 1613 non—

107 1647 336 1689 nullorum
360 1645 669 1697 cardinalium,
695 1645 1001 1689 discesserunt
1024 1644 1237 1700 postridie
1267 1645 1391 1688 iussu
1416 1646 1537 1690 Suae
1560 1647 1736 1690 Sancti-

107 1722 211 1765 tatis
234 1737 391 1764 omnes
414 1721 589 1776 equites
613 1721 845 1777 Neapolim
865 1736 1064 1776 usque...

190 1799 320 1842 Feria
344 1800 403 1841 lv
429 1799 736 1841 hebdomadae
759 1805 940 1841 sanctae
963 1796 1107 1855 [1548]
1136 1799 1352 1855 navigare
1368 1807 1620 1854 coeperunt
1643 1815 1729 1842 una

99 1890 203 1918 cum
227 1875 410 1917 domino
427 1877 603 1931 Joanne
627 1874 806 1925 Osorio,
833 1874 908 1928 qui
932 1882 1027 1918 erat
1049 1875 1092 1916 in
1118 1876 1309 1929 quadam
1334 1875 1560 1927 navicula;
1588 1877 1727 1918 nostri

99 1967 206 1995 vero
229 1967 385 1995 omnes
407 1951 539 1993 simul
563 1959 690 1994 erant
712 1951 755 1992 in
782 1966 870 1994 una
892 1951 977 1994 alia
1000 1966 1136 2006 parva
1159 1951 1383 2004 navicula3
1410 1966 1500 2006 quo
1522 1952 1620 1994 viso
1644 1952 1731 1993 mi-

100 2030 283 2071 rabatur
307 2030 440 2070 Pater
464 2035 632 2078 noster,
659 2035 703 2070 et
726 2027 872 2071 aiebat
895 2043 942 2070 se
966 2043 1197 2082 nunquam
1223 2036 1312 2071 tam
1337 2036 1515 2071 vastum
1540 2043 1661 2071 mare
1685 2029 1728 2070 in

100 2112 190 2147 tam
216 2119 352 2159 parva
375 2104 477 2146 navi
502 2103 756 2159 navigasse.
785 2105 981 2158 «Quare,
1002 2104 1163 2159 inquit,
1185 2105 1321 2148 timeo
1344 2105 1490 2156 nobis,
1510 2121 1566 2148 ne
1584 2105 1728 2160 patia-

99 2196 200 2223 mur
222 2182 363 2223 multa
386 2188 430 2223 et
455 2194 619 2235 magna
642 2180 885 2235 pericula.»
912 2180 976 2222 Illi
1000 2195 1107 2223 vero
1126 2182 1457 2237 responderunt
1475 2182 1611 2223 moris
1630 2196 1729 2225 esse

100 2258 164 2300 uti
200 2266 288 2300 tarn
321 2257 470 2312 parvis
499 2256 691 2311 navigiis
720 2257 853 2300 etiam
877 2257 1119 2312 aliquando
1143 2272 1316 2300 secure.
1346 2259 1592 2312 Postquam
1617 2272 1726 2300 vero

99 2334 282 2390 triginta
307 2341 384 2376 aut
399 2332 576 2376 circiter
598 2333 861 2375 milliaribus
885 2333 929 2374 in
953 2334 1092 2382 altum
1112 2333 1259 2377 evecti
1279 2341 1446 2384 essent,
1470 2335 1554 2376 fuit
1574 2336 1727 2376 turba-

99 2418 192 2453 tum
223 2426 347 2454 mare
376 2425 463 2452 non
494 2424 668 2465 parum,
701 2416 745 2453 et
773 2417 937 2452 ventus
968 2410 1150 2465 rapidus
1181 2424 1297 2465 pene
1320 2412 1475 2453 ambas
1498 2411 1731 2453 naviculas

97 2487 347 2542 mergebat,
369 2501 557 2541 quarum
581 2485 764 2528 alterius
783 2487 927 2528 malus
951 2487 1244 2541 rumpebatur
1262 2486 1306 2528 in
1325 2487 1437 2528 duas
1460 2494 1624 2541 partes.
1646 2487 1725 2529 Di·
1763 2533 1766 2535 v

97 2563 244 2606 missis
266 2578 377 2618 ergo
398 2562 525 2613 velis,
554 2562 627 2603 vix
660 2562 772 2604 salvi
805 2562 1038 2617 Neapolim
1064 2569 1338 2604 remearunt.
1366 2565 1435 2606 De
1458 2570 1591 2605 nocte
1619 2578 1728 2606 vero

97 2639 325 2682 civitatem
356 2638 549 2694 ingressi
580 2652 680 2680 curn
705 2638 988 2689 difficultate,
1023 2646 1068 2680 et
1102 2638 1262 2682 misere
1295 2639 1404 2681 satis
1437 2639 1727 2693 quieverunt,

97 2731 236 2771 quum
261 2716 381 2758 aliud
403 2714 679 2756 domicilium
705 2713 848 2756 coacti
874 2715 1058 2757 fuerunt
1081 2715 1340 2770 accipere...

185 2792 314 2835 Feria
345 2793 401 2843 V,
433 2790 605 2833 scilicet
638 2789 866 2845 postridie,
903 2790 1224 2834 cum-alterius
1255 2790 1488 2834 naviculae
1521 2792 1727 2834 arborem

97 2875 448 2925 permutassent,
476 2881 653 2909 rursum
679 2881 726 2909 se
750 2867 805 2908 ad
829 2866 1136 2922 navigandum
1171 2875 1345 2922 parant,
1380 2882 1539 2921 sereno
1572 2868 1656 2910 iam
1681 2876 1726 2910 et

98 2945 339 2999 tranquillo
362 2945 489 2987 coelo
513 2951 557 2986 et
582 2942 708 2984 mari.

170 3042 176 3060 ¹
229 3038 422 3083 Julianus,
442 3036 601 3071 flander.
621 3035 681 3070 Cf.
704 3036 952 3082 POLANCUM,
977 3036 1139 3080 Clzron„
1160 3038 1190 3081 I,
1211 3047 1293 3082 242,
1312 3036 1394 3072 380.
