2028 3426
694 250 1131 293 SUPPLEMENTUM—25
1612 248 1677 283 801

101 355 179 397 sed
204 354 314 397 illud
336 352 548 397 ostendit:
575 353 764 395 effectus
787 350 1059 395 certissimos
1082 352 1137 393 ab
1161 364 1209 394 se
1231 349 1470 406 proficisci,
1497 351 1652 405 quales
1674 363 1729 392 ex

102 431 189 473 illis
213 430 499 487 passionibus
521 429 567 471 in
589 444 672 472 nos
700 428 867 472 scimus
894 429 1040 472 solere
1072 427 1314 483 designari3
1350 441 1453 469 nam
1488 426 1579 479 vbi,
1616 441 1732 482 quae

102 507 363 563 significant
385 506 632 562 passiones,
660 507 798 548 verba
818 507 917 548 Deo
942 504 1077 547 tribui
1099 504 1309 560 legimus,
1341 518 1479 559 quum
1512 503 1557 545 in
1581 505 1729 546 Deum

102 585 226 627 nulla
248 583 389 639 possit
410 583 617 627 accidere
639 582 805 638 passio,
826 581 934 637 quid
952 581 1073 624 aliud
1092 595 1225 635 quam
1244 579 1574 623 vehementiam
1593 587 1731 634 atque

104 659 424 703 firmitudinem
449 658 702 703 sententiae
724 665 861 713 atque
883 659 1074 702 effectus
1092 656 1233 699 diuini
1250 656 1564 712 intelligimus?
1587 655 1732 700 Simul

104 736 366 779 hominibus
389 743 533 780 terror
556 750 609 778 ac
635 744 800 779 tremor
816 735 1070 777 insinuatur
1088 741 1223 789 atque
1240 733 1475 784 incutitur,
1496 733 1533 775 si
1551 732 1735 777 videant

105 813 327 855 infinitam
347 813 706 867 immensamque
724 819 952 856 aeternam
970 818 1257 866 potestatem,
1276 809 1404 864 quasi
1428 809 1491 852 ira
1514 824 1566 851 ac
1584 810 1736 852 furore

107 885 378 945 correptam,
414 888 460 931 in
498 903 575 933 eos
613 888 843 932 vindicare
880 894 1115 943 perpetuo,
1148 886 1224 941 qui
1255 886 1301 928 in
1329 887 1592 928 barathrum
1631 893 1738 928 sunt

107 966 295 1018 detrusi,
327 966 333 1023 Ι
361 973 406 1009 et
423 965 469 1007 in
486 980 559 1009 me
576 966 733 1009 eodem
752 971 884 1020 pacto
902 971 1101 1020 paratam
1124 963 1372 1014 vindicare,
1394 962 1479 1005 nisi
1497 962 1735 1018 poeniten—

107 1044 217 1086 tiam
241 1042 429 1099 egerim.
463 1041 587 1097 Quid
616 1040 763 1097 potuit
799 1040 903 1093 dici,
936 1041 1057 1095 quod
1085 1039 1329 1082 violentius
1361 1048 1512 1095 posset
1544 1038 1738 1081 hominis

108 1128 304 1164 mentem
330 1126 566 1174 percutere
599 1132 650 1160 ac
679 1119 964 1173 permouere?
994 1118 1143 1171 Quam
1176 1130 1284 1159 vero
1313 1130 1438 1171 spem
1469 1115 1739 1158 suauissime

109 1212 161 1240 ac
184 1203 441 1239 constanter
461 1194 718 1250 concipient
742 1194 969 1239 mortales,
992 1192 1069 1235 ubi
1087 1207 1231 1245 orare,
1253 1191 1470 1243 misereri,
1493 1192 1567 1233 vbi
1584 1191 1740 1247 poeni-

113 1273 302 1317 tentiam
327 1279 533 1315 acturum
558 1286 607 1315 se
638 1271 874 1322 malorum,
901 1285 1017 1326 quae
1053 1276 1173 1313 esset
1206 1270 1424 1322 facturus,
1450 1269 1741 1324 polliceretur

111 1350 252 1394 Deus!
280 1351 436 1403 Itaque
474 1349 718 1403 prudenter
742 1346 1018 1402 expositores
1055 1346 1170 1389 sacri
1199 1346 1274 1389 illa
1307 1347 1556 1388 declarant.
1590 1346 1741 1388 Habet

111 1441 175 1479 se,
202 1426 430 1481 inquiunt,
465 1427 590 1467 Deus
614 1438 694 1479 per
730 1424 913 1466 modum
944 1422 1205 1474 laborantis,
1241 1422 1492 1474 irascentis,
1520 1430 1607 1464 etc.
1640 1423 1743 1464 Hoc

112 1504 243 1546 adde:
271 1516 543 1557 quamquam
567 1501 611 1542 in
635 1503 733 1543 Deo
762 1500 884 1543 nulla
914 1499 1061 1555 passio
1085 1514 1183 1543 esse
1207 1499 1364 1555 possit,
1391 1500 1514 1541 nulla
1538 1499 1743 1554 imperfe-

113 1579 219 1633 ctio,
245 1586 290 1622 et
321 1579 376 1621 ad
400 1577 734 1621 vehementiam
754 1577 827 1618 illa
850 1583 985 1632 atque
1007 1575 1323 1619 certitudinem
1341 1575 1651 1631 operationum
1676 1576 1745 1617 di-

114 1656 321 1699 uinarum
352 1670 404 1697 ac
427 1653 712 1705 iudiciorum,
740 1660 834 1696 tum
858 1653 914 1695 ad
937 1652 1168 1695 hominum
1193 1660 1408 1696 terrorem
1435 1652 1522 1694 sint
1546 1653 1745 1696 referen-

114 1734 187 1786 da;
214 1733 347 1775 simul
378 1739 527 1774 tamen
559 1737 603 1775 et
640 1730 750 1773 illud
777 1744 1021 1785 possumus
1049 1728 1302 1784 concipere:
1329 1730 1493 1780 Deum,
1518 1728 1593 1770 vbi
1616 1729 1747 1771 irasci

114 1810 298 1861 dicitur,
325 1809 537 1851 maiorem
562 1807 651 1849 vim
676 1821 858 1851 exerere
881 1821 990 1849 suae
1021 1805 1222 1854 virtutis„
1245 1807 1400 1860 Quum
1425 1805 1545 1848 enim
1579 1805 1663 1844 228
1691 1807 1747 1848 ad

116 1896 325 1930 externas
348 1885 634 1941 operationes
658 1899 757 1928 sese
780 1884 1093 1926 accommodet
1121 1897 1297 1938 semper
1329 1882 1530 1926 suauiter
1562 1897 1613 1925 ac
1643 1897 1748 1938 pro-

118 1964 341 2014 uidenter,
369 1969 508 2004 totam
533 1976 677 2013 suam,
704 1962 791 2003 hoc
815 1968 899 2013 est,
924 1959 1146 2002 infinitam
1170 1958 1417 2014 potentiam
1442 1973 1533 2000 non
1556 1959 1749 2014 explicat

118 2040 162 2082 in
187 2047 498 2082 creaturarum
522 2037 819 2093 productione
841 2037 912 2079 vel
935 2035 1296 2088 conseruatione,
1318 2043 1366 2077 vt
1384 2049 1499 2090 quae
1516 2035 1634 2077 illam
1662 2035 1750 2076 vim

118 2131 278 2172 capere
302 2130 391 2157 non
410 2114 601 2170 possint3
623 2113 814 2166 etiamsi,
836 2127 951 2169 quae
969 2114 1210 2168 adaptatur
1228 2112 1295 2155 vis
1317 2113 1373 2154 ad
1391 2111 1649 2154 huiusmodi
1671 2125 1750 2154 ex-

120 2201 269 2235 ternas
293 2191 629 2247 productiones,
656 2192 712 2233 ab
735 2190 910 2232 infinita
933 2189 1137 2245 potentia
1159 2188 1384 2244 proficisci
1413 2202 1651 2232 necessum
1675 2188 1748 2239 sit,

119 2269 331 2312 maiorem
372 2275 568 2310 attamen
606 2267 696 2308 vim
735 2267 918 2310 adhibet
956 2273 1135 2310 creator
1172 2265 1314 2318 Deus,
1355 2265 1431 2307 vbi
1462 2265 1523 2307 ita
1551 2264 1752 2319 loquitur

120 2347 431 2397 vehementer,
452 2359 586 2399 quam
606 2343 715 2386 alias
732 2344 860 2387 solet.
884 2344 985 2388 Illas
1008 2342 1149 2397 igitur
1172 2341 1242 2384 sui
1266 2343 1516 2384 concursUs
1540 2349 1584 2383 et
1607 2341 1726 2383 virtu
1745 2366 1751 2371 -

122 2423 177 2466 tis
201 2421 527 2478 exuperantias
550 2428 684 2464 vocat
707 2421 930 2477 scriptura
954 2434 1080 2462 sacra
1103 2419 1231 2471 iram,
1257 2418 1594 2474 poenitentiam,
1627 2418 1753 2459 labo-

123 2514 238 2551 rem,
271 2498 639 2549 misericordiam,
672 2498 887 2548 dolorem,
919 2504 963 2539 et
993 2496 1037 2538 id
1067 2510 1214 2551 genus
1246 2495 1346 2546 alia,
1379 2509 1459 2550 pro
1491 2509 1655 2546 rerum,
1697 2488 1753 2536 de

126 2576 292 2631 quibus
320 2575 562 2618 dicendum
593 2582 677 2626 est,
709 2573 938 2629 qualitate.
968 2575 1107 2615 Porro
1145 2572 1219 2614 illa
1257 2571 1391 2615 etiam
1429 2571 1752 2626 scripturarum

123 2651 299 2708 phrasis
330 2633 656 2693 iucundissima
684 2650 690 2707 Ι
718 2651 768 2692 fit
797 2656 981 2705 propter
1009 2648 1114 2703 Xpi.
1142 2647 1482 2691 humanitatem.
1507 2648 1606 2690 Deo
1635 2648 1753 2692 enirn

124 2729 199 2771 illa
222 2735 348 2772 erant
372 2726 749 2771 communicanda
771 2725 816 2768 in
839 2727 976 2780 Xpo.;
1004 2739 1109 2768 vere
1132 2724 1250 2767 enim
1273 2726 1399 2768 Deus
1422 2723 1466 2765 in
1490 2726 1574 2767 X.⁰
1608 2733 1652 2767 et
1674 2726 1753 2767 do-

125 2805 223 2856 luit,
250 2811 294 2848 et
316 2803 555 2854 laborauit,
581 2811 624 2846 et
646 2802 734 2845 alia
751 2802 900 2844 omnia
918 2801 1162 2856 assumpsit
1179 2801 1235 2842 de
1257 2800 1402 2852 nobis,
1429 2815 1543 2855 quae
1566 2809 1754 2846 naturae

126 2881 282 2924 dicunt
320 2895 511 2936 poenam
549 2881 621 2922 vel
660 2878 1061 2934 imperfectionem,
1095 2891 1184 2919 non
1216 2877 1350 2919 etiam
1381 2877 1600 2933 suppositi
1629 2879 1755 2921 defe-

127 2965 265 3001 ctum.
294 2959 383 2999 Iam
407 2956 548 3012 igitur
582 2965 706 3007 tunc,
743 2954 818 2997 vbi
851 2956 978 2997 Deus
1011 2968 1101 2996 non
1133 2960 1228 2996 erat
1257 2954 1409 3005 homo,
1441 2968 1494 2997 ea
1522 2954 1568 2996 in
1596 2954 1755 3010 spiritu

127 3034 189 3076 illi
220 3034 534 3076 tribuebantur
563 3030 838 3088 prophetice,
871 3037 934 3081 vt,
966 3045 1082 3084 quae
1111 3030 1229 3072 facta
1267 3030 1475 3072 nondunt
1512 3037 1634 3084 sunt,
1669 3030 1759 3073 iam
