2028 3426
370 269 438 297 100
840 263 993 300 Parius
1021 265 1265 299 Hissnonvnn
1292 264 1442 300 NADAL

407 365 448 408 8.
475 365 666 422 Hispani
690 374 903 409 escusant
926 381 974 409 se
998 381 1086 409 non
1110 380 1241 422 posse
1264 366 1419 409 uenire
1441 366 1487 409 in
1511 366 1700 420 Italiam,
1726 368 1806 412 sed
1828 369 1950 424 quod
1974 383 1977 417 ζ

317 455 474 485 eamus
491 443 548 484 ad
565 456 660 494 eos,
679 450 757 485 aut
775 451 793 467 ²¹
810 442 1056 485 differatur.
1071 442 1361 498 Accipiamus
1378 442 1395 467 b
1413 442 1590 486 illorum
1609 443 1947 508 excusationem

317 519 572 572 honestam,
608 526 653 563 et
677 519 738 562 ita
760 520 979 562 diferatur
1002 520 1059 562 ad
1081 520 1202 562 aliud
1225 527 1404 576 tempus
1425 520 1572 576 magis
1594 528 1886 576 oportunum.
1974 515 1975 518 ¹

403 610 446 653 9.
475 597 628 652 Quum
649 597 800 652 plures
824 597 1020 640 rationes
1037 604 1145 652 sunt
1167 598 1223 640 ad
1241 598 1550 640 excusandum
1575 605 1590 623 ⁰
1609 612 1692 640 nos
1708 612 1797 640 non
1818 612 1959 654 posse*

314 672 378 715 ire
401 687 534 728 quam
559 673 642 730 ipsi
665 675 863 717 habeant
887 673 1099 717 ueniendi
1121 675 1178 718 ad
1199 688 1298 727 nos,
1324 674 1508 730 insuper
1525 676 1678 730 plures
1704 689 1787 718 nos
1808 675 1949 720 habe-
1964 695 1973 706 ⁷

314 764 415 793 mus
437 751 713 795 dificultates
734 749 752 776 ‘¹
777 765 910 806 quarn
935 751 1036 807 ipsi,
1063 733 1282 794 cedamus¹
1299 765 1412 810 ergo
1437 751 1641 808 tempori.

402 843 446 879 x,
473 829 593 883 quod
617 827 770 880 timeo,
793 842 849 871 ne
867 842 1116 884 arguamur
1132 828 1318 872 leuitate
1341 829 1462 884 apud
1486 828 1606 872 uiros
1628 830 1857 881 cordatos,
1878 829 1970 878 his:

314 905 592 961 temporibus
609 904 819 948 belicosis
840 913 884 948 et
907 905 1065 948 estiuis
1087 904 1310 961 proficisci
1332 906 1378 948 in
1400 905 1664 962 Hispanias,
1685 920 1769 948 nec
1785 913 1854 949 est
1873 921 1951 963 pe-
1962 890 1966 916 ³

315 982 500 1025 tendum
525 997 550 1024 a
573 996 703 1038 papa:
730 983 817 1025 hec
835 982 920 1024 fuit
944 982 1160 1027 resolutio
1185 982 1325 1038 prime
1347 983 1481 1026 diete.
1971 972 1973 976 ¹

404 1060 568 1102 Postea
585 1058 827 1112 instarunt,
842 1067 892 1102 ut
909 1060 1329 1104 commendaremus
1347 1059 1509 1103 iterum
1523 1061 1701 1104 Deo—e
1718 1067 1786 1104 est
1804 1059 1945 1105 liben-
1966 1117 1970 1129 Ι

314 1144 395 1188 ter3
421 1142 466 1178 et
489 1135 549 1178 ita
574 1136 742 1178 factum
765 1143 848 1178 est.
877 1138 1043 1180 Postea
1065 1136 1334 1193 congregati
1356 1137 1685 1189 concludimus,
1712 1138 1833 1192 quod
1856 1152 1945 1181 non
1971 1187 1973 1189 ,

314 1219 438 1268 petat
468 1210 505 1255 a‘
525 1227 640 1268 papa
679 1212 906 1255 licentiam
936 1212 950 1237 f
973 1212 1110 1257 eundi
1148 1213 1192 1255 in
1226 1213 1486 1269 Hispanias.
1524 1226 1565 1266 2,
1597 1228 1684 1257 nec
1719 1215 1943 1258 consulat.
1999 1228 2001 1230 ·

315 1302 356 1344 3,
387 1290 507 1344 quod
536 1289 753 1346 magister
792 1290 969 1346 Laynes
991 1290 1135 1332 obiter
1159 1299 1310 1334 narret
1338 1299 1356 1322 g
1378 1290 1611 1334 historiam
1642 1305 1750 1334 suae
1779 1292 1957 1335 sancti-.
1997 1351 2001 1354 Δ

316 1366 414 1418 tati,
435 1373 479 1410 et
501 1381 662 1409 causas
684 1365 701 1391 ¹¹
725 1381 867 1422 quare
889 1382 979 1410 non
1002 1367 1052 1410 fit
1074 1367 1340 1424 capitulum.
1366 1367 1492 1411 Fecit
1514 1367 1728 1411 officium:
1755 1383 1944 1424 respon·
1994 1359 2015 1414 J

312 1443 388 1486 det
413 1450 520 1486 tunc
550 1458 678 1499 papa:
706 1445 834 1487 «Non
859 1444 1051 1486 consulo
1074 1452 1124 1486 ut
1145 1444 1258 1488 eatis
1282 1444 1327 1486 in
1351 1443 1642 1500 Hispanias.»
1671 1457 1711 1487 2.
1742 1445 1940 1501 «gUultis

311 1534 480 1576 negare
517 1519 526 1545 ³
562 1521 743 1564 fidem?>›
782 1535 822 1576 3.
865 1519 1182 1566 «Differatur.»
1221 1521 1231 1553 j
1266 1523 1431 1566 Postea
1468 1521 1631 1565 iterum
1670 1521 1857 1574 instant,
1895 1531 1942 1566 ut
1992 1582 1997 1587 ·

311 1603 532 1652 petamus.
560 1599 626 1640 Ex
657 1599 865 1641 consulto
895 1597 1084 1642 fecimus
1108 1599 1336 1641 orationes
1358 1598 1375 1623 ¹<
1404 1607 1448 1641 et
1477 1599 1758 1642 celebramus
1789 1614 1934 1643 sacra.
1968 1599 1997 1646 2³

310 1675 440 1716 Tunc
463 1675 708 1730 respondet
731 1673 739 1700 ¹
762 1675 843 1718 sic:
1951 1722 1958 1735 ,

397 1751 457 1803 xi,
483 1753 621 1807 quod,
647 1753 773 1795 salua
795 1752 1086 1804 conscientia,
1112 1767 1200 1809 ego
1223 1767 1312 1796 non
1343 1767 1520 1808 possem
1549 1753 1717 1798 sentire
1747 1754 1968 1815 amplius

309 1842 408 1871 esse
425 1830 688 1884 petendum,
710 1831 833 1884 quod
851 1844 966 1886 papa
983 1829 1112 1885 quasi
1129 1831 1364 1873 consultus
1383 1830 1613 1886 respondit
1634 1839 1678 1884 ¹¹¹,
1698 1840 1744 1874 et
1762 1831 1940 1876 uidere·
1959 1878 1962 1884 ,
1979 1839 1982 1842 ’

308 1913 381 1948 tur
403 1914 421 1930 ¹¹
445 1920 527 1949 nos
543 1913 698 1962 petere
719 1906 997 1960 missionem,
1019 1908 1139 1962 quod
1162 1914 1231 1951 est
1254 1914 1410 1950 contra
1432 1908 1578 1961 bulas,
1600 1907 1736 1950 immo
1754 1908 1955 1953 instare:
1979 1900 1986 1953 J

396 1982 474 2038 xij,
501 1984 620 2038 quod
643 1983 892 2027 timendum
916 1991 1033 2028 esset
1057 1998 1113 2027 ne
1136 1984 1412 2028 irritaremus
1435 1985 1486 2030 S.
1511 1985 1579 2037 S.,
1612 1986 1685 2028 uel
1717 1986 1837 2040 quod
1862 1996 1967 2029 su-·

307 2059 556 2115 spicaretur
579 2061 746 2104 malurn
763 2061 819 2104 de
838 2061 984 2114 nobis,
1006 2062 1130 2116 quod
1154 2061 1284 2104 absit.

394 2136 488 2192 xiij,
514 2138 635 2192 quod
657 2138 693 2180 si
718 2139 769 2180 P.
797 2140 832 2181 F
836 2138 1066 2182 ranciscus
1095 2141 1102 2160 ¹
1129 2153 1220 2182 non
1243 2146 1390 2195 potest
1415 2138 1585 2192 uenire,
1617 2154 1702 2184 nec
1730 2148 1747 2165 ⁰
1776 2140 1990 2206 permi-

307 2221 407 2256 tunt
430 2228 533 2257 eum
556 2215 729 2268 uenire,
750 2217 882 2268 forte,
903 2216 939 2259 si
963 2216 1208 2272 eligeretur
1231 2216 1471 2272 generalis,
1498 2217 1648 2260 minus
1675 2217 1948 2273 permitere-,
1973 2211 1989 2233 “’

307 2301 378 2333 tur
403 2291 560 2336 uenire
584 2292 771 2345 Italiam,
797 2300 842 2336 et
865 2300 977 2335 tunc
1001 2293 1360 2349 periclitarentur
1382 2293 1531 2337 omnia
1553 2294 1728 2351 colegia
1750 2294 1937 2350 gallica·
1958 2286 1962 2291 ’

307 2382 380 2420 na,
407 2369 668 2424 germanica
692 2378 736 2413 et
759 2369 922 2413 italica.
980 2407 983 2409 .
1961 2427 1963 2431 Ι

391 2445 500 2501 xiiij,
529 2447 650 2501 quod
684 2447 940 2502 praesentia
968 2462 1111 2504 papae
1141 2454 1186 2490 et
1215 2447 1481 2503 protectoris
1504 2448 1518 2470 ‘²
1547 2454 1616 2490 est
1644 2447 1774 2491 nobis
1805 2447 1939 2491 ualde
1958 2466 1983 2501 η.

373 2604 390 2621 a
442 2598 482 2629 ut
504 2605 578 2630 ms.
637 2597 702 2622 —b
729 2599 963 2642 acceptimus
982 2607 1053 2631 ms.
1104 2604 1168 2622 —0
1194 2595 1446 2630 exusandmn
1463 2606 1539 2630 ms.
1593 2597 1660 2623 -d
1685 2595 1938 2642 difigultates
1955 2607 1957 2610 ⁴
1974 2582 1983 2631 ἶ.

303 2665 374 2691 ms,
428 2663 490 2680 -0
521 2654 647 2689 Unum
663 2655 826 2689 verbum
845 2655 1009 2690 obscure
1028 2660 1226 2690 exaratum
1253 2654 1417 2689 habetur
1436 2659 1524 2700 post
1542 2655 1703 2690 verbum
1741 2655 1838 2690 Deo.
1888 2673 1935 2680 -
1967 2700 1974 2714 ·

300 2715 313 2739 Γ
335 2713 500 2748 licentia
527 2724 598 2748 ms.
651 2724 716 2747 -s
743 2714 866 2749 obiret
896 2713 1023 2749 Naret
1054 2725 1127 2749 ms.
1180 2734 1203 2738 —
1226 2715 1244 2740 h
1270 2712 1332 2748 ias
1355 2724 1425 2747 ms.
1479 2714 1534 2740 —i
1561 2725 1735 2761 regnare
1759 2725 1835 2749 ms.
1889 2715 1946 2740 —-‘
1973 2741 1982 2770 4

296 2773 306 2805 j
333 2772 539 2819 diseretur
572 2784 643 2807 ms.
695 2775 761 2800 —k
796 2777 976 2809 oratores
1006 2784 1077 2808 ms.
1137 2773 1192 2799 -1
1224 2772 1375 2808 scilicet
1399 2771 1618 2808 Bobadilla.
1674 2783 1749 2800 —m
1775 2776 1936 2820 respon·
1968 2770 1982 2817 ’ξ

298 2831 403 2866 didit
423 2842 493 2869 ms,
548 2851 577 2856 —
596 2842 613 2858 η
642 2832 796 2867 videret
814 2843 890 2867 ms.
946 2842 1010 2859 -0
1038 2843 1085 2867 ne
1105 2843 1176 2867 ms.
1971 2824 1978 2829 ’

371 2958 379 2977 ¹
407 2976 413 2979 Α
433 2956 473 2992 S.
494 2957 724 2992 Franciscus
744 2956 899 3003 Borgia‚
918 2956 1210 2992 commissarius
1228 2956 1424 3003 generalis
1443 2956 1652 2993 Societatis
1671 2956 1710 2992 in
1728 2955 1929 3003 Hispania.
1964 2948 1979 2994 Ξ

366 3014 380 3036 ‘2
430 3015 658 3063 Rodulphus
689 3017 781 3052 Pius
806 3017 854 3052 de
886 3015 1015 3063 Carpi,
1043 3012 1500 3062 cardinaIisCarpensis,
1520 3021 1602 3051 erat
1621 3011 1829 3052 Socsetatis
1847 3026 1983 3064 Ριό-1

296 3085 419 3115 tector
429 3107 438 3115 .
