2028 3426
320 215 389 250 710
793 204 946 240 PA‘rms
972 204 1214 238 HIERONYMt
1242 203 1392 238 NADAL

274 306 478 349 lectualis
500 305 544 348 in
569 306 745 362 spiritu,
773 313 868 347 tum
891 319 1052 348 sensus
1071 303 1235 346 interni
1254 304 1300 346 in
1318 305 1476 348 eodem
1495 304 1670 360 spiritu.
1692 305 1784 348 Sed
1803 314 1911 348 tunc

273 388 357 429 222
385 392 453 427 est
483 383 556 426 hic
586 385 719 425 homo
748 383 994 438 perfectus,
1027 381 1101 423 vbi
1130 381 1240 424 nihil
1271 381 1531 426 inferiorem
1562 381 1807 434 hominem,
1834 383 1908 437 qui

275 475 379 503 caro
411 467 495 512 est,
531 460 751 514 sequitur,
791 468 835 501 et
872 461 985 502 haec
1022 458 1235 501 inferiora
1272 458 1384 500 nihil
1422 458 1745 511 interturbant;
1788 461 1910 513 quod

276 552 424 580 rarum
449 545 516 581 est
539 536 584 579 in
608 539 690 579 hac
714 535 998 579 mortalitate.
1027 536 1224 580 Sensum
1247 537 1408 578 harum
1434 549 1585 579 rerum
1607 537 1732 578 hunc
1754 536 1913 579 habuit

276 615 473 670 quidam:
494 614 730 656 videbatur
748 612 901 656 videre
919 612 1112 654 animam
1135 613 1377 655 creandam
1396 627 1421 655 a
1434 614 1550 664 Deo,
1563 618 1611 653 vt
1630 611 1920 656 innocentiaev

276 699 397 734 statu
429 694 573 735 fuerat
601 698 768 741 creata,
799 688 1097 745 splendidam,
1133 689 1288 732 diuina
1321 690 1515 744 quadarn
1553 689 1656 733 luce
1694 703 1747 731 ac
1786 689 1916 732 donis

278 768 558 811 naturalibus
591 767 825 819 illustrem,
863 774 959 808 tum
988 766 1196 823 immergi
1224 781 1276 810 ac
1308 766 1608 810 contaminari
1635 773 1680 810 et
1712 766 1914 822 colligari

278 848 361 888 hac
396 844 687 900 corruptione
719 843 881 887 carnis.
919 844 1040 886 Hinc
1075 843 1148 886 vbi
1182 843 1416 888 contendit
1449 845 1505 886 ad
1538 844 1659 886 illam
1693 844 1838 888 lucem
1874 852 1918 887 et

278 922 549 972 libertatem,
575 920 659 963 Dei
682 920 829 976 gratia
851 920 896 963 in
920 922 1039 976 Xpo.
1067 922 1132 973 lit,
1160 930 1206 963 vt
1229 920 1533 963 constituatur
1555 922 1690 964 homo
1713 920 1914 972 interior,

281 999 356 1054 qui
380 1001 503 1042 solus
526 999 582 1041 sit
608 1006 752 1040 toturn
776 998 1002 1041 hominem
1025 999 1382 1054 gubernaturus.
1405 998 1493 1041 Hic
1517 1012 1626 1042 vero
1648 997 1845 1041 sentitur
1875 998 1920 1041 in

283 1078 383 1121 luce
402 1078 594 1132 quadam
615 1075 798 1132 spiritus
817 1083 861 1120 et
879 1091 1033 1129 sensu,
1046 1076 1175 1131 quasi
1192 1075 1428 1119 Christum
1448 1075 1690 1118 induamus
1710 1083 1804 1118 tota
1823 1076 1921 1118 ani-

285 1169 356 1196 ma
380 1163 423 1197 et
447 1167 634 1208 corpore
658 1160 769 1205 toto,
789 1152 1094 1207 virtutemque
1117 1153 1257 1208 ipsius
1281 1153 1403 1195 omni
1426 1167 1483 1197 ex
1502 1162 1627 1209 parte
1649 1151 1915 1197 sentiamus.

374 1230 639 1281 Renouatio,
671 1229 800 1285 quasi
829 1243 950 1271 nunc
980 1229 1171 1285 primum
1207 1228 1250 1271 in
1285 1229 1557 1274 Societatem
1596 1229 1834 1285 reciperer,
1876 1236 1920 1273 et

283 1323 443 1352 sensus
466 1322 660 1363 magnus
684 1307 935 1350 vocationis
957 1322 1008 1350 ac
1038 1307 1231 1350 instituti
1260 1315 1303 1351 et
1335 1307 1453 1350 vitae
1483 1306 1630 1350 Patris
1659 1306 1840 1363 Ignatii,
1876 1307 1922 1349 in

285 1385 494 1427 omnibus
517 1384 636 1428 vitae
658 1384 778 1427 illius
800 1389 885 1431 223
907 1384 1178 1437 actionibus,
1212 1384 1322 1426 nihil
1353 1383 1643 1437 inueniendo,
1677 1385 1796 1427 vnde
1829 1399 1918 1427 non

285 1462 508 1518 possimus
530 1463 787 1518 exemplum
812 1464 1057 1506 vehemens
1080 1470 1265 1506 sanctae
1288 1461 1551 1504 imitationis
1573 1461 1842 1518 colligere...

374 1539 605 1582 Inuocatio
628 1539 878 1592 Trinitatis,
910 1539 984 1581 vbi
1012 1539 1205 1594 primum
1236 1555 1259 1582 e
1290 1539 1410 1582 lecto
1441 1538 1722 1595 exurgimus,
1755 1538 1921 1583 beatis-

282 1616 420 1659 simae
458 1616 677 1673 Virginis,
719 1616 967 1668 Michaelis,
1001 1616 1191 1673 Joannis
1232 1616 1477 1672 Baptistae,
1520 1617 1642 1659 Petri
1680 1623 1725 1660 et
1771 1616 1920 1668 Pauli,

285 1694 545 1750 archangeli
575 1693 894 1750 gubernatoris
927 1693 1181 1745 Societatis,
1219 1693 1368 1749 angeli
1402 1694 1622 1746 custodis,
1657 1702 1701 1738 et
1735 1692 1923 1750 Ignatii,

287 1771 487 1813 omniurn
506 1778 787 1824 sanctorum,
812 1778 857 1814 et
880 1771 1164 1827 angelorum,

374 1853 462 1894 224
500 1850 568 1891 De
610 1848 1133 1904 profundis.———Exurgat
1177 1850 1579 1904 Deus—Magnus
1621 1835 1926 1891 Dominus.—

290 1927 431 1978 Deus,
447 1926 523 1980 qui
548 1941 645 1968 nos.

378 2004 553 2046 Orabat
572 2003 753 2058 quidam
777 2003 821 2044 in
840 2002 1157 2045 communione
1175 2003 1338 2046 missae
1357 2002 1606 2054 Christum,
1627 2010 1675 2044 vt
1693 2001 1925 2058 gratifica-

289 2088 412 2122 retur
435 2079 519 2122 sibi
542 2079 837 2123 imitationem
863 2070 1010 2122 Patris
1029 2079 1205 2135 Ignatii,
1230 2080 1376 2122 Patris
1395 2079 1544 2131 Fabri,
1568 2079 1716 2122 Patris
1735 2079 1921 2131 Xauier3

289 2156 413 2198 visus
435 2164 504 2200 est
525 2157 713 2200 interius
736 2158 892 2200 audire
916 2158 1082 2212 Xpum.
1102 2157 1171 2199 sui
1189 2157 1439 2200 concedere
1457 2156 1773 2200 imita-tionem:
1797 2155 1925 2198 intel-

289 2233 395 2276 lexit
418 2248 525 2275 vero
552 2234 673 2276 «sui»
699 2234 834 2277 etiam
860 2234 906 2276 in
929 2249 994 2285 se,
1022 2249 1112 2276 non
1135 2235 1281 2276 solum
1307 2234 1352 2275 in
1376 2234 1462 2276 illis
1489 2233 1718 2283 Patribus.

380 2311 522 2353 Multa
544 2311 683 2354 sensit
713 2311 897 2366 quidam
928 2311 974 2354 in
1004 2311 1395 2354 confirmationem
1426 2310 1683 2361 Societatis,
1710 2326 1764 2354 eo
1794 2325 1924 2366 prae-

293 2387 445 2430 sertim
476 2396 692 2442 tempore,
725 2402 814 2442 quo
846 2389 1016 2431 Paulus
1046 2402 1073 2441 4
1102 2388 1295 2432 iusserat
1323 2388 1539 2431 exhibere
1562 2387 1780 2430 cardinali
1814 2389 1926 2431 Tra-

295 2463 422 2507 nensi
441 2473 485 2506 et
503 2465 733 2507 Reomano
752 2473 904 2508 nostra
922 2465 1140 2521 rescripta
1158 2465 1325 2518 omnia,
1340 2474 1476 2519 atque
1494 2464 1860 2516 constitutiones;
1882 2471 1926 2508 et

295 2542 385 2583 duo
407 2540 450 2583 in
476 2540 644 2596 primis:
672 2550 718 2582 vt
743 2557 798 2585 ne
822 2542 1054 2584 minimum
1081 2541 1262 2596 quidem
1287 2542 1343 2585 de
1366 2541 1574 2584 instituto
1596 2543 1667 2585 vel
1698 2541 1926 2584 dubitaret

297 2619 369 2660 vel
392 2617 584 2669 timeret3
611 2625 654 2661 et
678 2619 799 2672 quod
821 2618 987 2669 omnia,
1014 2633 1131 2673 quae
1155 2626 1313 2672 ageret
1335 2633 1538 2661 summus
1561 2618 1782 2674 pontifex,
1808 2626 1929 2662 esset

298 2694 401 2736 boni
426 2695 716 2737 consulturus
739 2703 782 2737 et
806 2696 970 2739 deuote
993 2704 1282 2751 accepturus3
1309 2696 1388 2740 sed
1419 2703 1567 2738 tamen
1597 2703 1642 2739 et
1675 2694 1928 2751 diligentis-

300 2770 410 2813 sime
434 2779 479 2814 et
501 2776 584 2818 225
608 2770 840 2814 verissime
857 2786 956 2815 esse
974 2773 1244 2823 curandum,
1264 2779 1313 2814 vt
1330 2772 1565 2816 veritatem
1584 2771 1779 2815 instituti
1798 2770 1926 2815 intel—

299 2847 411 2902 ligat
435 2863 605 2903 papa...

388 2924 651 2968 Fortissima
673 2940 809 2968 causa
832 2925 1113 2968 contritionis
1131 2927 1302 2967 offensa
1321 2926 1420 2968 Dei:
1444 2934 1536 2968 tum
1557 2927 1676 2981 quod
1699 2928 1825 2969 Deus
1848 2941 1928 2982 pro

303 3001 498 3053 peccatis
521 3001 577 3043 sit
602 3009 820 3045 mortuus.
