2028 3426
338 234 407 279 482
813 232 968 266 PA‘rms
994 230 1239 264 HquoNYm
1266 227 1418 264 NADAL

291 334 484 378 instituti
507 333 648 378 nostri
671 335 824 384 finem,
851 346 902 375 ac
925 330 1093 387 agendi
1115 329 1350 382 rationem,
1377 329 1702 386 persuademus
1724 327 1858 372 nobis
1879 328 1926 371 in

291 411 506 465 Domino,
532 411 589 455 ad
612 411 752 467 ipsius
774 408 921 451 maius
942 406 1179 451 seruitium
1200 414 1245 450 et
1266 407 1446 450 laudem
1468 419 1560 449 non
1583 404 1810 462 expedire.

383 488 475 544 Qui
499 489 554 531 ad
577 489 663 530 hoc
687 486 999 537 admittentur,
1026 491 1075 527 vt
1097 483 1143 526 in
1161 484 1297 527 rebus
1317 482 1627 539 spiritualibus
1649 481 1924 526 Societatem

293 566 520 618 iuuarent,
547 563 876 607 considerando
910 561 1018 616 quid
1048 559 1304 603 huiusmodi
1332 563 1417 606 345
1445 558 1744 602 ministerium
1777 558 1925 614 requi-

293 650 376 694 rat,
403 650 450 684 vt
474 642 650 685 animae
673 639 977 696 proximorum
1005 637 1237 689 iuuentur,
1263 635 1561 691 sequentibus
1589 635 1721 678 donis
1743 634 1828 679 Dei
1851 649 1924 678 or—

292 719 389 762 nari
413 734 491 763 eos
515 733 701 762 necesse
724 724 807 760 est:

383 798 522 852 Quod
548 797 605 838 ad
628 795 907 838 intellectum
931 793 1107 845 attinet,
1133 791 1339 836 doctrina
1360 805 1485 843 sana,
1507 791 1578 834 vel
1599 789 1852 846 aptitudine
1869 790 1926 832 ad

292 889 390 917 esim
414 872 750 924 addiscendam,
775 877 820 913 et
835 870 886 912 ,in
911 871 1047 913 rebus
1076 868 1266 926 agendis
1294 866 1583 920 discretione,
1608 867 1679 909 vel
1710 872 1833 910 certe
1854 865 1921 908 in-

292 952 393 993 dole
416 949 524 992 boni
549 947 702 991 iudicii
725 948 781 991 ad
803 962 901 991 eam
925 946 1264 1002 acquirendam.

383 1027 520 1082 Quod
543 1026 598 1067 ad
622 1024 902 1076 memoriam,
923 1022 1175 1079 aptitudine
1193 1023 1249 1065 ad
1266 1020 1623 1078 percipiendum,
1648 1027 1693 1063 et
1715 1026 1927 1076 percepta

295 1103 595 1148 retinendum.

382 1181 517 1235 Quod
541 1180 597 1222 ad
620 1179 918 1231 voluntatem,
940 1183 988 1219 vt
1009 1176 1251 1220 vniuersae
1267 1174 1448 1218 virtutis
1466 1182 1511 1218 et
1528 1175 1817 1231 perfectionis
1833 1174 1927 1232 spi-

294 1257 468 1299 ritualis
492 1255 681 1299 studiosi
721 1254 826 1307 sint,
858 1254 1015 1310 quieti,
1041 1259 1318 1307 constantes,
1345 1251 1518 1295 strenui
1546 1251 1593 1294 in
1623 1251 1692 1305 iis,
1724 1266 1840 1307 quae
1871 1253 1927 1295 ad

293 1333 498 1376 diuinum
528 1332 764 1377 seruitium
797 1331 1144 1388 aggrediuntur,
1171 1329 1339 1385 quique
1367 1329 1464 1372 zelo
1492 1328 1684 1372 accincti
1721 1328 1810 1372 sint
1846 1343 1928 1386 pro

293 1411 542 1454 animarum
575 1410 742 1462 salute,
775 1416 820 1454 et
849 1423 901 1452 ea
929 1409 986 1451 de
1013 1421 1149 1451 causa
1180 1407 1236 1449 ad
1265 1413 1467 1449 nostrum
1507 1405 1761 1449 institutum
1792 1406 1928 1463 (quod

295 1489 350 1530 ad
374 1487 473 1530 illas
491 1487 715 1530 iuuandas
737 1494 782 1530 et
805 1485 1111 1542 disponendas
1133 1485 1190 1527 ad
1207 1483 1351 1526 vltimi
1368 1491 1385 1508 ³
1402 1483 1472 1526 sui
1489 1474 1598 1526 finis*
1609 1483 1665 1526 de
1688 1497 1825 1526 manu
1843 1483 1929 1526 Dei

292 1563 512 1608 creatoris
550 1563 691 1607 nostri
729 1578 780 1606 ac
819 1561 1001 1606 Domini
1039 1560 1406 1606 consecutionem
1446 1567 1568 1605 recta
1600 1559 1808 1616 intendit)
1839 1560 1928 1603 sint

296 1641 460 1684 affecti.

382 1719 432 1760 In
457 1717 759 1761 exterioribus
782 1717 1041 1773 exoptanda
1063 1722 1132 1760 est
1153 1714 1375 1758 sermonis
1393 1715 1603 1766 facultas,
1624 1714 1680 1757 ad
1697 1714 1927 1771 agendum

294 1811 398 1838 cum
422 1795 636 1852 proximis
658 1793 1011 1851 pernecessaria3
1047 1793 1220 1850 species
1243 1794 1450 1841 honesta,
1477 1805 1593 1847 quae
1615 1790 1928 1835 aedificatione

296 1874 411 1916 solet
435 1887 534 1917 esse
558 1872 626 1924 iis,
654 1871 924 1927 quibuscum
944 1870 1110 1927 agitur.

382 1955 467 1996 346
507 1951 633 1992 Bona
656 1949 871 1992 valetudo
895 1961 946 1991 ac
970 1947 1103 2000 vires,
1130 1946 1296 2003 quibus
1323 1947 1441 1991 ferre
1463 1946 1605 2002 possit
1627 1945 1821 1989 instituti
1844 1960 1924 1988 no-

294 2026 375 2068 stri
398 2026 590 2069 labores.

383 2103 541 2153 Aetas,
568 2115 684 2156 quae
708 2102 764 2145 ad
787 2116 854 2153 ea,
881 2115 998 2156 quae
1020 2101 1139 2144 dicta
1167 2108 1290 2153 sunt,
1322 2099 1581 2153 conueniat,
1608 2114 1724 2155 quae
1747 2099 1927 2155 quidem

298 2189 347 2221 vt
371 2178 669 2221 admittantur
693 2178 750 2220 ad
774 2177 1085 2234 probationem
1109 2171 1328 2221 excedere
1350 2177 1485 2220 debet
1514 2189 1564 2230 14
1586 2191 1772 2228 annum,
1797 2183 1846 2218 vt
1873 2177 1928 2219 ad

297 2255 621 2311 professionem
645 2269 755 2297 vero
780 2266 850 2308 25.

382 2333 516 2375 Dona
539 2339 743 2383 externa,
770 2331 1032 2383 nobilitatis,
1058 2330 1336 2383 diuitiarum,
1361 2330 1704 2374 existimationis
1734 2337 1778 2374 et
1806 2329 1927 2373 simi-

295 2409 367 2462 lia,
398 2416 447 2450 vt
477 2422 568 2450 non
597 2408 706 2450 satis
744 2415 866 2459 sunt,
893 2408 929 2450 si
967 2409 1131 2451 desunt
1169 2408 1270 2460 alia,
1302 2408 1380 2460 ita,
1411 2421 1514 2450 cum
1544 2414 1804 2463 suppetent,
1836 2421 1926 2449 non

297 2492 432 2529 erunt
457 2484 727 2529 necessaria.

383 2563 623 2621 Quatenus
662 2568 813 2604 tamen
851 2561 906 2604 ad
941 2560 1301 2604 aedificationem
1331 2561 1519 2614 faciunt,
1546 2561 1741 2605 reddunt
1780 2559 1928 2616 magis

295 2639 481 2682 idoneos
504 2630 552 2691 vit
576 2637 888 2689 admittantur,
916 2638 992 2693 qui
1016 2637 1112 2681 sine
1135 2638 1242 2694 ipsis
1270 2638 1437 2694 alioqui
1465 2644 1618 2683 essent
1647 2636 1797 2680 idonei
1822 2651 1928 2692 pro—

294 2724 393 2771 pter
415 2716 545 2758 dotes
567 2714 677 2757 alias
707 2714 976 2770 praedictas,
1003 2714 1047 2756 in
1077 2714 1242 2769 quibus
1269 2729 1359 2769 quo
1388 2714 1532 2771 magis
1560 2712 1924 2770 praecelluerint,
1981 2763 1988 2771 .

293 2793 370 2848 qui
394 2791 568 2834 admitti
593 2791 799 2848 cupiunt,
824 2806 878 2835 eo
902 2790 1046 2847 magis
1069 2791 1152 2835 erit
1178 2791 1398 2847 [quisque]
1424 2793 1480 2834 ad
1503 2793 1620 2834 hanc
1650 2790 1925 2835 Societatem

292 2877 423 2924 aptus
447 2869 502 2910 ad
527 2868 611 2911 Dei
635 2867 804 2911 domini
827 2868 969 2911 nostri
992 2867 1197 2924 gloriam.
1226 2869 1331 2923 Quo
1365 2883 1474 2913 vero
1499 2867 1649 2910 minus
1664 2866 1762 2930 'erit
1784 2866 1828 2909 in
1851 2880 1923 2920 eo,

293 2947 412 2999 quod
437 2946 644 2999 excellat,
671 2960 727 2990 eo
752 2945 900 2989 minus
923 2944 1007 2989 etit
1036 2944 1241 2988 idoneus.

363 3051 378 3066 a
407 3039 593 3074 vltimum
614 3051 683 3075 ms.
