<?xml version="1.0" encoding="UTF-8"?>
<!DOCTYPE html PUBLIC "-//W3C//DTD XHTML 1.0 Transitional//EN"
    "http://www.w3.org/TR/xhtml1/DTD/xhtml1-transitional.dtd">
<html xmlns="http://www.w3.org/1999/xhtml" xml:lang="en" lang="en">
 <head>
  <title>
</title>
<meta http-equiv="Content-Type" content="text/html;charset=utf-8" />
  <meta name='ocr-system' content='tesseract 3.04.00' />
  <meta name='ocr-capabilities' content='ocr_page ocr_carea ocr_par ocr_line ocrx_word'/>
</head>
<body>
  <div class='ocr_page' id='page_1' title='image "./epistolaephieron11nada/epistolaephieron11nada_0152.png"; bbox 0 0 2028 3426; ppageno 0'>
   <div class='ocr_carea' id='block_1_1' title="bbox 1907 432 2028 3426">
    <p class='ocr_par' dir='ltr' id='par_1_1' title="bbox 1907 432 2028 3426">
     <span class='ocr_line' id='line_1_1' title="bbox 1924 432 2028 1119; baseline 0 0"><span class='ocrx_word' id='word_1_1' title='bbox 1924 432 2028 1119; x_wconf 95' lang='lat' dir='ltr'>  </span> 
     </span>
     <span class='ocr_line' id='line_1_2' title="bbox 1907 1119 2028 1500; baseline 0 -125"><span class='ocrx_word' id='word_1_2' title='bbox 1907 1119 2028 1500; x_wconf 95' lang='lat' dir='ltr'>   </span> 
     </span>
     <span class='ocr_line' id='line_1_3' title="bbox 1932 1500 2028 1683; baseline 0 -31"><span class='ocrx_word' id='word_1_3' title='bbox 1932 1500 2028 1683; x_wconf 95' lang='lat' dir='ltr'>    </span> 
     </span>
     <span class='ocr_line' id='line_1_4' title="bbox 1934 1683 2028 1961; baseline 0 -230"><span class='ocrx_word' id='word_1_4' title='bbox 1934 1683 2028 1961; x_wconf 95' lang='lat' dir='ltr'>      </span> 
     </span>
     <span class='ocr_line' id='line_1_5' title="bbox 1930 1961 2028 2114; baseline 0 -79"><span class='ocrx_word' id='word_1_5' title='bbox 1930 1961 2028 2114; x_wconf 95' lang='lat' dir='ltr'>   </span> 
     </span>
     <span class='ocr_line' id='line_1_6' title="bbox 1932 2114 2028 2226; baseline 0 0"><span class='ocrx_word' id='word_1_6' title='bbox 1932 2114 2028 2226; x_wconf 95' lang='lat' dir='ltr'>  </span> 
     </span>
     <span class='ocr_line' id='line_1_7' title="bbox 1958 2226 2028 2428; baseline 0 0"><span class='ocrx_word' id='word_1_7' title='bbox 1958 2226 2028 2428; x_wconf 95' lang='lat' dir='ltr'>   </span> 
     </span>
     <span class='ocr_line' id='line_1_8' title="bbox 1941 2428 2028 2606; baseline 0 0"><span class='ocrx_word' id='word_1_8' title='bbox 1941 2428 2028 2606; x_wconf 95' lang='lat' dir='ltr'>   </span> 
     </span>
     <span class='ocr_line' id='line_1_9' title="bbox 1940 2606 2028 2805; baseline 0 0"><span class='ocrx_word' id='word_1_9' title='bbox 1940 2606 2028 2805; x_wconf 95' lang='lat' dir='ltr'>   </span> 
     </span>
     <span class='ocr_line' id='line_1_10' title="bbox 1932 2805 2028 2957; baseline 0.063 -5"><span class='ocrx_word' id='word_1_10' title='bbox 1932 2805 2028 2957; x_wconf 95' lang='lat' dir='ltr'>   </span> 
     </span>
     <span class='ocr_line' id='line_1_11' title="bbox 1938 2957 2028 3426; baseline 0 -368"><span class='ocrx_word' id='word_1_11' title='bbox 1938 2957 2028 3426; x_wconf 95' lang='lat' dir='ltr'>  </span> 
     </span>
    </p>
   </div>
   <div class='ocr_carea' id='block_1_2' title="bbox 355 229 1425 271">
    <p class='ocr_par' dir='ltr' id='par_1_2' title="bbox 355 229 1425 271">
     <span class='ocr_line' id='line_1_12' title="bbox 355 229 1425 271; baseline -0.008 0"><span class='ocrx_word' id='word_1_12' title='bbox 355 235 420 271; x_wconf 83' lang='lat'>126</span> <span class='ocrx_word' id='word_1_13' title='bbox 822 234 975 269; x_wconf 72' lang='lat' dir='ltr'>PATms</span> <span class='ocrx_word' id='word_1_14' title='bbox 1003 232 1246 267; x_wconf 68' lang='lat' dir='ltr'>HIERONYMI</span> <span class='ocrx_word' id='word_1_15' title='bbox 1273 229 1425 264; x_wconf 78' lang='lat' dir='ltr'><strong>NADAL</strong></span> 
     </span>
    </p>
   </div>
   <div class='ocr_carea' id='block_1_3' title="bbox 306 327 1988 623">
    <p class='ocr_par' dir='ltr' id='par_1_3' title="bbox 306 312 1988 623">
     <span class='ocr_line' id='line_1_13' title="bbox 306 327 1941 392; baseline -0.007 -10"><span class='ocrx_word' id='word_1_16' title='bbox 306 338 391 382; x_wconf 89' lang='lat' dir='ltr'>ben</span> <span class='ocrx_word' id='word_1_17' title='bbox 414 351 606 381; x_wconf 81' lang='lat' dir='ltr'>comune</span> <span class='ocrx_word' id='word_1_18' title='bbox 632 344 784 379; x_wconf 85' lang='lat' dir='ltr'>nostro</span> <span class='ocrx_word' id='word_1_19' title='bbox 814 334 1108 392; x_wconf 87' lang='lat' dir='ltr'>giudicarano</span> <span class='ocrx_word' id='word_1_20' title='bbox 1138 329 1399 374; x_wconf 89' lang='lat' dir='ltr'>conuenire.</span> <span class='ocrx_word' id='word_1_21' title='bbox 1435 329 1686 372; x_wconf 88' lang='lat' dir='ltr'>Humilimo</span> <span class='ocrx_word' id='word_1_22' title='bbox 1715 343 1852 372; x_wconf 84' lang='lat' dir='ltr'>seruo</span> <span class='ocrx_word' id='word_1_23' title='bbox 1883 327 1941 382; x_wconf 54' lang='lat' dir='ltr'>das</span> 
     </span>
     <span class='ocr_line' id='line_1_14' title="bbox 306 397 1988 467; baseline -0.008 -8"><span class='ocrx_word' id='word_1_24' title='bbox 306 415 364 459; x_wconf 92' lang='lat' dir='ltr'>V.</span> <span class='ocrx_word' id='word_1_25' title='bbox 390 415 482 459; x_wconf 54' lang='lat' dir='ltr'>Sssa</span> <span class='ocrx_word' id='word_1_26' title='bbox 500 448 509 466; x_wconf 90' lang='lat'>‚</span> <span class='ocrx_word' id='word_1_27' title='bbox 544 416 628 457; x_wconf 91' lang='lat' dir='ltr'>che</span> <span class='ocrx_word' id='word_1_28' title='bbox 651 413 749 456; x_wconf 90' lang='lat' dir='ltr'>suoi</span> <span class='ocrx_word' id='word_1_29' title='bbox 772 410 917 456; x_wconf 85' lang='lat' dir='ltr'>sancti</span> <span class='ocrx_word' id='word_1_30' title='bbox 940 410 1058 467; x_wconf 88' lang='lat' dir='ltr'>piedi</span> <span class='ocrx_word' id='word_1_31' title='bbox 1082 408 1254 453; x_wconf 87' lang='lat' dir='ltr'>bascia.</span> <span class='ocrx_word' id='word_1_32' title='bbox 1986 397 1988 404; x_wconf 70' lang='grc'><em>’</em></span> 
     </span>
     <span class='ocr_line' id='line_1_15' title="bbox 396 483 1579 546; baseline -0.006 -12"><span class='ocrx_word' id='word_1_33' title='bbox 396 493 534 535; x_wconf 86' lang='lat' dir='ltr'>Bassa</span> <span class='ocrx_word' id='word_1_34' title='bbox 557 491 621 546; x_wconf 80' lang='lat' dir='ltr'>gli</span> <span class='ocrx_word' id='word_1_35' title='bbox 644 489 762 546; x_wconf 89' lang='lat' dir='ltr'>piedi</span> <span class='ocrx_word' id='word_1_36' title='bbox 787 489 844 532; x_wconf 90' lang='lat' dir='ltr'>de</span> <span class='ocrx_word' id='word_1_37' title='bbox 866 489 923 531; x_wconf 92' lang='lat' dir='ltr'>V.</span> <span class='ocrx_word' id='word_1_38' title='bbox 951 487 1041 531; x_wconf 48' lang='lat'>8³³·</span> <span class='ocrx_word' id='word_1_39' title='bbox 1062 499 1145 529; x_wconf 90' lang='lat' dir='ltr'>suo</span> <span class='ocrx_word' id='word_1_40' title='bbox 1167 483 1404 527; x_wconf 85' lang='lat' dir='ltr'>humilimo</span> <span class='ocrx_word' id='word_1_41' title='bbox 1426 497 1579 527; x_wconf 87' lang='lat' dir='ltr'>seruo.</span> 
     </span>
     <span class='ocr_line' id='line_1_16' title="bbox 394 560 1861 623; baseline -0.005 -12"><span class='ocrx_word' id='word_1_42' title='bbox 394 569 433 610; x_wconf 79' lang='lat' dir='ltr'><strong><em>A</em></strong></span> <span class='ocrx_word' id='word_1_43' title='bbox 460 571 604 623; x_wconf 67' lang='lat' dir='ltr'>tergo,</span> <span class='ocrx_word' id='word_1_44' title='bbox 627 568 719 609; x_wconf 78' lang='lat' dir='ltr'>alia</span> <span class='ocrx_word' id='word_1_45' title='bbox 745 580 903 608; x_wconf 69' lang='lat' dir='ltr'>mama.</span> <span class='ocrx_word' id='word_1_46' title='bbox 931 566 1076 607; x_wconf 87' lang='lat' dir='ltr'>Totus</span> <span class='ocrx_word' id='word_1_47' title='bbox 1099 561 1172 605; x_wconf 89' lang='lat' dir='ltr'>hic</span> <span class='ocrx_word' id='word_1_48' title='bbox 1198 560 1442 604; x_wconf 87' lang='lat' dir='ltr'>fasciculus</span> <span class='ocrx_word' id='word_1_49' title='bbox 1464 567 1533 604; x_wconf 87' lang='lat' dir='ltr'>est</span> <span class='ocrx_word' id='word_1_50' title='bbox 1555 574 1636 616; x_wconf 91' lang='lat' dir='ltr'>pro</span> <span class='ocrx_word' id='word_1_51' title='bbox 1660 560 1861 604; x_wconf 86' lang='lat' dir='ltr'>historia.</span> 
     </span>
    </p>
   </div>
   <div class='ocr_carea' id='block_1_4' title="bbox 694 678 1566 813">
    <p class='ocr_par' dir='ltr' id='par_1_4' title="bbox 694 678 1566 813">
     <span class='ocr_line' id='line_1_17' title="bbox 773 678 1165 721; baseline -0.003 0"><span class='ocrx_word' id='word_1_52' title='bbox 773 715 779 721; x_wconf 94' lang='lat'><em>.</em></span> <span class='ocrx_word' id='word_1_53' title='bbox 1093 678 1165 720; x_wconf 70' lang='lat'>12</span> 
     </span>
     <span class='ocr_line' id='line_1_18' title="bbox 694 766 1566 813; baseline -0.006 0"><span class='ocrx_word' id='word_1_54' title='bbox 694 772 760 813; x_wconf 87' lang='lat' dir='ltr'>P.</span> <span class='ocrx_word' id='word_1_55' title='bbox 817 766 1100 812; x_wconf 89' lang='lat' dir='ltr'>FULVII</span> <span class='ocrx_word' id='word_1_56' title='bbox 1152 766 1566 811; x_wconf 90' lang='lat' dir='ltr'><strong>ANDROTII</strong></span> 
     </span>
    </p>
   </div>
   <div class='ocr_carea' id='block_1_5' title="bbox 798 876 1460 1004">
    <p class='ocr_par' dir='ltr' id='par_1_5' title="bbox 798 876 1460 1004">
     <span class='ocr_line' id='line_1_19' title="bbox 958 876 1299 907; baseline -0.003 -1"><span class='ocrx_word' id='word_1_57' title='bbox 958 876 1299 907; x_wconf 81' lang='lat' dir='ltr'><strong>TESTIMONIUM</strong></span> 
     </span>
     <span class='ocr_line' id='line_1_20' title="bbox 798 958 1460 1004; baseline -0.005 -10"><span class='ocrx_word' id='word_1_58' title='bbox 798 967 957 1004; x_wconf 79' lang='lat' dir='ltr'><strong>ROMAE,</strong></span> <span class='ocrx_word' id='word_1_59' title='bbox 981 966 1017 993; x_wconf 88' lang='lat'>11</span> <span class='ocrx_word' id='word_1_60' title='bbox 1041 965 1301 993; x_wconf 76' lang='lat' dir='ltr'>SEPTEMBms</span> <span class='ocrx_word' id='word_1_61' title='bbox 1324 964 1413 1001; x_wconf 79' lang='lat'>1557</span> <span class='ocrx_word' id='word_1_62' title='bbox 1436 958 1460 991; x_wconf 92' lang='lat'>¹.</span> 
     </span>
    </p>
   </div>
   <div class='ocr_carea' id='block_1_6' title="bbox 311 1037 1949 1208">
    <p class='ocr_par' dir='ltr' id='par_1_6' title="bbox 311 1037 1953 1208">
     <span class='ocr_line' id='line_1_21' title="bbox 311 1037 1949 1092; baseline -0.004 -12"><span class='ocrx_word' id='word_1_63' title='bbox 311 1046 531 1092; x_wconf 79' lang='lat' dir='ltr'><em>Respondet</em></span> <span class='ocrx_word' id='word_1_64' title='bbox 549 1045 776 1080; x_wconf 74' lang='lat' dir='ltr'><strong><em>electionem</em></strong></span> <span class='ocrx_word' id='word_1_65' title='bbox 799 1043 847 1078; x_wconf 81' lang='lat' dir='ltr'>P.</span> <span class='ocrx_word' id='word_1_66' title='bbox 872 1042 1010 1077; x_wconf 73' lang='lat' dir='ltr'>Laiuii</span> <span class='ocrx_word' id='word_1_67' title='bbox 1029 1040 1071 1076; x_wconf 82' lang='lat' dir='ltr'>in</span> <span class='ocrx_word' id='word_1_68' title='bbox 1090 1041 1291 1076; x_wconf 83' lang='lat' dir='ltr'>vicarium</span> <span class='ocrx_word' id='word_1_69' title='bbox 1305 1040 1540 1087; x_wconf 85' lang='lat' dir='ltr'>generale-m</span> <span class='ocrx_word' id='word_1_70' title='bbox 1561 1039 1688 1084; x_wconf 85' lang='lat' dir='ltr'>fuisse</span> <span class='ocrx_word' id='word_1_71' title='bbox 1705 1037 1934 1086; x_wconf 84' lang='lat' dir='ltr'>legitimam</span> <span class='ocrx_word' id='word_1_72' title='bbox 1942 1058 1949 1074; x_wconf 57' lang='grc' dir='ltr'>-ι,</span> 
     </span>
     <span class='ocr_line' id='line_1_22' title="bbox 377 1096 1904 1149; baseline -0.006 -9"><span class='ocrx_word' id='word_1_73' title='bbox 377 1105 679 1140; x_wconf 80' lang='lat' dir='ltr'><strong><em>constitutiones</em></strong></span> <span class='ocrx_word' id='word_1_74' title='bbox 702 1103 900 1149; x_wconf 82' lang='lat' dir='ltr'>obligare‚·</span> <span class='ocrx_word' id='word_1_75' title='bbox 926 1101 1163 1137; x_wconf 84' lang='lat' dir='ltr'><strong><em>Societatem</em></strong></span> <span class='ocrx_word' id='word_1_76' title='bbox 1189 1111 1268 1135; x_wconf 88' lang='lat' dir='ltr'>non</span> <span class='ocrx_word' id='word_1_77' title='bbox 1294 1100 1389 1135; x_wconf 77' lang='lat' dir='ltr'>solis</span> <span class='ocrx_word' id='word_1_78' title='bbox 1419 1100 1550 1135; x_wconf 81' lang='lat' dir='ltr'><strong><em>decem</em></strong></span> <span class='ocrx_word' id='word_1_79' title='bbox 1577 1099 1727 1146; x_wconf 79' lang='lat' dir='ltr'>primis</span> <span class='ocrx_word' id='word_1_80' title='bbox 1758 1096 1904 1132; x_wconf 82' lang='lat' dir='ltr'>Patrib</span> 
     </span>
     <span class='ocr_line' id='line_1_23' title="bbox 378 1159 1673 1208; baseline -0.005 -9"><span class='ocrx_word' id='word_1_81' title='bbox 378 1167 576 1206; x_wconf 58' lang='lat' dir='ltr'>constare·</span> <span class='ocrx_word' id='word_1_82' title='bbox 596 1164 642 1200; x_wconf 91' lang='lat' dir='ltr'>P.</span> <span class='ocrx_word' id='word_1_83' title='bbox 665 1161 902 1198; x_wconf 84' lang='lat' dir='ltr'>Bobadillae</span> <span class='ocrx_word' id='word_1_84' title='bbox 921 1161 1115 1207; x_wconf 78' lang='lat' dir='ltr'>scriptum</span> <span class='ocrx_word' id='word_1_85' title='bbox 1127 1160 1263 1208; x_wconf 84' lang='lat' dir='ltr'>fuisse</span> <span class='ocrx_word' id='word_1_86' title='bbox 1281 1159 1577 1205; x_wconf 76' lang='lat' dir='ltr'>irreligiosum,</span> <span class='ocrx_word' id='word_1_87' title='bbox 1597 1163 1673 1194; x_wconf 87' lang='lat' dir='ltr'>etc.</span> 
     </span>
    </p>
   </div>
   <div class='ocr_carea' id='block_1_7' title="bbox 1101 1240 1158 1282">
    <p class='ocr_par' dir='ltr' id='par_1_7' title="bbox 1101 1240 1158 1282">
     <span class='ocr_line' id='line_1_24' title="bbox 1101 1240 1158 1282; baseline -0.018 0"><span class='ocrx_word' id='word_1_88' title='bbox 1101 1240 1158 1282; x_wconf 85' lang='lat' dir='ltr'>Is.</span> 
     </span>
    </p>
   </div>
   <div class='ocr_carea' id='block_1_8' title="bbox 308 1320 2002 2929">
    <p class='ocr_par' dir='ltr' id='par_1_8' title="bbox 308 1320 2002 2239">
     <span class='ocr_line' id='line_1_25' title="bbox 394 1320 1953 1395; baseline -0.005 -15"><span class='ocrx_word' id='word_1_89' title='bbox 394 1340 503 1395; x_wconf 90' lang='lat' dir='ltr'>Jesu</span> <span class='ocrx_word' id='word_1_90' title='bbox 539 1336 611 1380; x_wconf 80' lang='grc' dir='ltr'>Χ.ἰ</span> <span class='ocrx_word' id='word_1_91' title='bbox 649 1335 833 1379; x_wconf 88' lang='lat' dir='ltr'>nomine</span> <span class='ocrx_word' id='word_1_92' title='bbox 866 1335 1096 1386; x_wconf 89' lang='lat' dir='ltr'>inuocato,</span> <span class='ocrx_word' id='word_1_93' title='bbox 1131 1333 1179 1376; x_wconf 92' lang='lat' dir='ltr'>in</span> <span class='ocrx_word' id='word_1_94' title='bbox 1211 1348 1349 1376; x_wconf 88' lang='lat' dir='ltr'>causa</span> <span class='ocrx_word' id='word_1_95' title='bbox 1386 1331 1617 1388; x_wconf 86' lang='lat' dir='ltr'>proposita</span> <span class='ocrx_word' id='word_1_96' title='bbox 1654 1345 1707 1374; x_wconf 90' lang='lat' dir='ltr'>ac</span> <span class='ocrx_word' id='word_1_97' title='bbox 1744 1329 1894 1374; x_wconf 87' lang='lat' dir='ltr'>dubiis</span> <span class='ocrx_word' id='word_1_98' title='bbox 1932 1320 1953 1367; x_wconf 47' lang='grc' dir='ltr'>Ξ</span> 
     </span>
     <span class='ocr_line' id='line_1_26' title="bbox 317 1406 1983 1470; baseline -0.004 -12"><span class='ocrx_word' id='word_1_99' title='bbox 317 1417 368 1458; x_wconf 78' lang='lat' dir='ltr'>R.</span> <span class='ocrx_word' id='word_1_100' title='bbox 399 1418 449 1458; x_wconf 82' lang='lat' dir='ltr'>P.</span> <span class='ocrx_word' id='word_1_101' title='bbox 478 1414 665 1457; x_wconf 87' lang='lat' dir='ltr'>Nicolao</span> <span class='ocrx_word' id='word_1_102' title='bbox 690 1411 1165 1469; x_wconf 33' lang='lat' dir='ltr'>Bobadigliavaeditis,</span> <span class='ocrx_word' id='word_1_103' title='bbox 1196 1408 1554 1467; x_wconf 77' lang='lat' dir='ltr'>praesuppositis</span> <span class='ocrx_word' id='word_1_104' title='bbox 1581 1408 1717 1451; x_wconf 88' lang='lat' dir='ltr'>bullis</span> <span class='ocrx_word' id='word_1_105' title='bbox 1750 1406 1880 1450; x_wconf 88' lang='lat' dir='ltr'>Pauli</span> <span class='ocrx_word' id='word_1_106' title='bbox 1907 1411 1955 1470; x_wconf 87' lang='lat' dir='ltr'>e</span> <span class='ocrx_word' id='word_1_107' title='bbox 1976 1407 1983 1466; x_wconf 69' lang='lat' dir='ltr'><em>J</em></span> 
     </span>
     <span class='ocr_line' id='line_1_27' title="bbox 308 1483 1982 1550; baseline -0.004 -16"><span class='ocrx_word' id='word_1_108' title='bbox 308 1492 414 1550; x_wconf 88' lang='lat' dir='ltr'>Julij</span> <span class='ocrx_word' id='word_1_109' title='bbox 441 1492 514 1542; x_wconf 90' lang='lat' dir='ltr'>III,</span> <span class='ocrx_word' id='word_1_110' title='bbox 541 1504 821 1533; x_wconf 84' lang='lat' dir='ltr'>summorum</span> <span class='ocrx_word' id='word_1_111' title='bbox 845 1488 1128 1545; x_wconf 88' lang='lat' dir='ltr'>pontificum,</span> <span class='ocrx_word' id='word_1_112' title='bbox 1155 1487 1390 1544; x_wconf 85' lang='lat' dir='ltr'>supposita</span> <span class='ocrx_word' id='word_1_113' title='bbox 1413 1486 1640 1530; x_wconf 88' lang='lat' dir='ltr'>aeditione</span> <span class='ocrx_word' id='word_1_114' title='bbox 1668 1483 1954 1528; x_wconf 87' lang='lat' dir='ltr'>constitutio·</span> <span class='ocrx_word' id='word_1_115' title='bbox 1980 1533 1982 1537; x_wconf 13' lang='grc' dir='ltr'><strong>λ</strong></span> 
     </span>
     <span class='ocr_line' id='line_1_28' title="bbox 315 1561 1981 1622; baseline -0.004 -12"><span class='ocrx_word' id='word_1_116' title='bbox 315 1584 439 1620; x_wconf 82' lang='lat' dir='ltr'>num,</span> <span class='ocrx_word' id='word_1_117' title='bbox 482 1567 607 1610; x_wconf 87' lang='lat' dir='ltr'>iuxta</span> <span class='ocrx_word' id='word_1_118' title='bbox 646 1568 837 1610; x_wconf 86' lang='lat' dir='ltr'>formam</span> <span class='ocrx_word' id='word_1_119' title='bbox 876 1564 1219 1622; x_wconf 86' lang='lat' dir='ltr'>priuilegiorum</span> <span class='ocrx_word' id='word_1_120' title='bbox 1259 1579 1340 1620; x_wconf 88' lang='lat' dir='ltr'>per</span> <span class='ocrx_word' id='word_1_121' title='bbox 1378 1565 1434 1608; x_wconf 88' lang='lat' dir='ltr'>R.</span> <span class='ocrx_word' id='word_1_122' title='bbox 1471 1565 1651 1606; x_wconf 86' lang='lat' dir='ltr'>Patrem</span> <span class='ocrx_word' id='word_1_123' title='bbox 1687 1561 1906 1618; x_wconf 86' lang='lat' dir='ltr'>magistru</span> <span class='ocrx_word' id='word_1_124' title='bbox 1934 1567 1981 1601; x_wconf 62' lang='grc' dir='ltr'>ω’</span> 
     </span>
     <span class='ocr_line' id='line_1_29' title="bbox 315 1640 1983 1701; baseline -0.005 -12"><span class='ocrx_word' id='word_1_125' title='bbox 315 1644 547 1701; x_wconf 90' lang='lat' dir='ltr'>Ignatium</span> <span class='ocrx_word' id='word_1_126' title='bbox 569 1651 754 1688; x_wconf 83' lang='lat' dir='ltr'>sanctae</span> <span class='ocrx_word' id='word_1_127' title='bbox 777 1642 1117 1696; x_wconf 89' lang='lat' dir='ltr'>recordationis,</span> <span class='ocrx_word' id='word_1_128' title='bbox 1143 1641 1423 1698; x_wconf 80' lang='lat' dir='ltr'>prepositum</span> <span class='ocrx_word' id='word_1_129' title='bbox 1448 1640 1666 1696; x_wconf 85' lang='lat' dir='ltr'>primum,</span> <span class='ocrx_word' id='word_1_130' title='bbox 1697 1652 1750 1682; x_wconf 88' lang='lat' dir='ltr'>ac</span> <span class='ocrx_word' id='word_1_131' title='bbox 1777 1640 1957 1685; x_wconf 66' lang='lat' dir='ltr'>earum]</span> <span class='ocrx_word' id='word_1_132' title='bbox 1979 1678 1983 1693; x_wconf 78' lang='lat'>.-</span> 
     </span>
     <span class='ocr_line' id='line_1_30' title="bbox 317 1714 1966 1777; baseline -0.002 -13"><span class='ocrx_word' id='word_1_133' title='bbox 317 1723 418 1765; x_wconf 86' lang='lat' dir='ltr'>dem</span> <span class='ocrx_word' id='word_1_134' title='bbox 462 1721 768 1777; x_wconf 82' lang='lat' dir='ltr'>publicatione</span> <span class='ocrx_word' id='word_1_135' title='bbox 806 1735 885 1776; x_wconf 90' lang='lat' dir='ltr'>per</span> <span class='ocrx_word' id='word_1_136' title='bbox 923 1719 1159 1763; x_wconf 85' lang='lat' dir='ltr'>Vniuersas</span> <span class='ocrx_word' id='word_1_137' title='bbox 1201 1719 1362 1761; x_wconf 89' lang='lat' dir='ltr'>domos</span> <span class='ocrx_word' id='word_1_138' title='bbox 1399 1724 1445 1760; x_wconf 90' lang='lat' dir='ltr'>et</span> <span class='ocrx_word' id='word_1_139' title='bbox 1483 1716 1676 1773; x_wconf 84' lang='lat' dir='ltr'>collegia</span> <span class='ocrx_word' id='word_1_140' title='bbox 1715 1714 1966 1760; x_wconf 76' lang='lat' dir='ltr'>Societati</span> 
     </span>
     <span class='ocr_line' id='line_1_31' title="bbox 318 1782 1979 1853; baseline -0.004 -12"><span class='ocrx_word' id='word_1_141' title='bbox 318 1806 514 1850; x_wconf 87' lang='lat' dir='ltr'>nostrae,</span> <span class='ocrx_word' id='word_1_142' title='bbox 540 1797 944 1853; x_wconf 86' lang='lat' dir='ltr'>acceptationeque</span> <span class='ocrx_word' id='word_1_143' title='bbox 966 1796 1100 1840; x_wconf 89' lang='lat' dir='ltr'>etiam</span> <span class='ocrx_word' id='word_1_144' title='bbox 1124 1795 1345 1848; x_wconf 86' lang='lat' dir='ltr'>omnium,</span> <span class='ocrx_word' id='word_1_145' title='bbox 1371 1809 1475 1837; x_wconf 88' lang='lat' dir='ltr'>cum</span> <span class='ocrx_word' id='word_1_146' title='bbox 1504 1795 1830 1850; x_wconf 89' lang='lat' dir='ltr'>professorum,</span> <span class='ocrx_word' id='word_1_147' title='bbox 1863 1800 1910 1836; x_wconf 88' lang='lat' dir='ltr'>tu</span> <span class='ocrx_word' id='word_1_148' title='bbox 1939 1782 1979 1832; x_wconf 55' lang='grc' dir='ltr'>ι’</span> 
     </span>
     <span class='ocr_line' id='line_1_32' title="bbox 317 1870 1957 1931; baseline -0.004 -13"><span class='ocrx_word' id='word_1_149' title='bbox 317 1875 522 1927; x_wconf 83' lang='lat' dir='ltr'>aliorum,</span> <span class='ocrx_word' id='word_1_150' title='bbox 549 1874 873 1931; x_wconf 88' lang='lat' dir='ltr'>suppositaque</span> <span class='ocrx_word' id='word_1_151' title='bbox 895 1872 1116 1918; x_wconf 85' lang='lat' dir='ltr'>electione</span> <span class='ocrx_word' id='word_1_152' title='bbox 1139 1872 1342 1928; x_wconf 81' lang='lat' dir='ltr'>magistri</span> <span class='ocrx_word' id='word_1_153' title='bbox 1359 1871 1520 1929; x_wconf 88' lang='lat' dir='ltr'>Jacobi</span> <span class='ocrx_word' id='word_1_154' title='bbox 1539 1870 1721 1922; x_wconf 81' lang='lat' dir='ltr'>LaineZ,</span> <span class='ocrx_word' id='word_1_155' title='bbox 1747 1870 1936 1914; x_wconf 88' lang='lat' dir='ltr'>modern</span> <span class='ocrx_word' id='word_1_156' title='bbox 1949 1881 1957 1892; x_wconf 45' lang='lat'>‘¹</span> 
     </span>
     <span class='ocr_line' id='line_1_33' title="bbox 319 1938 2002 2006; baseline -0.002 -12"><span class='ocrx_word' id='word_1_157' title='bbox 319 1952 488 2005; x_wconf 82' lang='lat' dir='ltr'>vicarii,</span> <span class='ocrx_word' id='word_1_158' title='bbox 514 1966 616 1995; x_wconf 89' lang='lat' dir='ltr'>cum</span> <span class='ocrx_word' id='word_1_159' title='bbox 640 1965 865 1994; x_wconf 87' lang='lat' dir='ltr'>consensu</span> <span class='ocrx_word' id='word_1_160' title='bbox 889 1950 1214 2006; x_wconf 81' lang='lat' dir='ltr'>professorum,</span> <span class='ocrx_word' id='word_1_161' title='bbox 1240 1957 1350 1991; x_wconf 91' lang='lat' dir='ltr'>tunc</span> <span class='ocrx_word' id='word_1_162' title='bbox 1368 1951 1538 1992; x_wconf 86' lang='lat' dir='ltr'>Romae</span> <span class='ocrx_word' id='word_1_163' title='bbox 1555 1947 1933 1991; x_wconf 87' lang='lat' dir='ltr'>commorantium</span> <span class='ocrx_word' id='word_1_164' title='bbox 1951 1976 1957 1995; x_wconf 52' lang='lat' dir='ltr'><strong>f</strong></span> <span class='ocrx_word' id='word_1_165' title='bbox 1976 1938 2002 1982; x_wconf 52' lang='grc' dir='ltr'>ἰ(</span> 
     </span>
     <span class='ocr_line' id='line_1_34' title="bbox 318 2023 1982 2084; baseline -0.004 -12"><span class='ocrx_word' id='word_1_166' title='bbox 318 2030 598 2084; x_wconf 86' lang='lat' dir='ltr'>aliorumque</span> <span class='ocrx_word' id='word_1_167' title='bbox 635 2028 923 2084; x_wconf 86' lang='lat' dir='ltr'>postmodum</span> <span class='ocrx_word' id='word_1_168' title='bbox 962 2026 1293 2078; x_wconf 87' lang='lat' dir='ltr'>accedentium,</span> <span class='ocrx_word' id='word_1_169' title='bbox 1333 2033 1379 2069; x_wconf 89' lang='lat' dir='ltr'>et</span> <span class='ocrx_word' id='word_1_170' title='bbox 1416 2025 1663 2069; x_wconf 89' lang='lat' dir='ltr'>vniuersali</span> <span class='ocrx_word' id='word_1_171' title='bbox 1701 2023 1982 2069; x_wconf 89' lang='lat' dir='ltr'>obedienti-</span> 
     </span>
     <span class='ocr_line' id='line_1_35' title="bbox 319 2103 1963 2162; baseline -0.003 -14"><span class='ocrx_word' id='word_1_172' title='bbox 319 2106 402 2148; x_wconf 83' lang='lat' dir='ltr'>sibi</span> <span class='ocrx_word' id='word_1_173' title='bbox 425 2106 655 2162; x_wconf 88' lang='lat' dir='ltr'>praestita,</span> <span class='ocrx_word' id='word_1_174' title='bbox 680 2105 742 2148; x_wconf 91' lang='lat' dir='ltr'>ita</span> <span class='ocrx_word' id='word_1_175' title='bbox 764 2106 820 2148; x_wconf 86' lang='lat' dir='ltr'>de</span> <span class='ocrx_word' id='word_1_176' title='bbox 843 2104 940 2147; x_wconf 90' lang='lat' dir='ltr'>iure</span> <span class='ocrx_word' id='word_1_177' title='bbox 961 2111 1006 2147; x_wconf 91' lang='lat' dir='ltr'>et</span> <span class='ocrx_word' id='word_1_178' title='bbox 1030 2104 1308 2146; x_wconf 88' lang='lat' dir='ltr'>conscientia</span> <span class='ocrx_word' id='word_1_179' title='bbox 1331 2103 1698 2158; x_wconf 90' lang='lat' dir='ltr'>respondendum</span> <span class='ocrx_word' id='word_1_180' title='bbox 1721 2115 1821 2146; x_wconf 85' lang='lat' dir='ltr'>esse</span> <span class='ocrx_word' id='word_1_181' title='bbox 1851 2114 1932 2145; x_wconf 89' lang='lat' dir='ltr'>sen</span> <span class='ocrx_word' id='word_1_182' title='bbox 1957 2138 1963 2146; x_wconf 90' lang='lat'><strong><em>.</em></strong></span> 
     </span>
     <span class='ocr_line' id='line_1_36' title="bbox 322 2182 1991 2239; baseline -0.004 -14"><span class='ocrx_word' id='word_1_183' title='bbox 322 2183 401 2239; x_wconf 89' lang='lat' dir='ltr'>tio,</span> <span class='ocrx_word' id='word_1_184' title='bbox 426 2182 653 2226; x_wconf 89' lang='lat' dir='ltr'>uidelicet:</span> <span class='ocrx_word' id='word_1_185' title='bbox 1988 2231 1991 2233; x_wconf 32' lang='grc'>-</span> 
     </span>
    </p>

    <p class='ocr_par' dir='ltr' id='par_1_9' title="bbox 323 2243 1998 2469">
     <span class='ocr_line' id='line_1_37' title="bbox 410 2243 1997 2314; baseline -0.002 -13"><span class='ocrx_word' id='word_1_186' title='bbox 410 2259 686 2303; x_wconf 87' lang='lat' dir='ltr'>Electionem</span> <span class='ocrx_word' id='word_1_187' title='bbox 710 2259 757 2300; x_wconf 92' lang='lat' dir='ltr'>in</span> <span class='ocrx_word' id='word_1_188' title='bbox 779 2272 972 2314; x_wconf 85' lang='lat' dir='ltr'>persona</span> <span class='ocrx_word' id='word_1_189' title='bbox 998 2260 1050 2301; x_wconf 84' lang='lat' dir='ltr'>R.</span> <span class='ocrx_word' id='word_1_190' title='bbox 1081 2260 1130 2301; x_wconf 88' lang='lat' dir='ltr'>P.</span> <span class='ocrx_word' id='word_1_191' title='bbox 1158 2257 1364 2313; x_wconf 82' lang='lat' dir='ltr'>magistri</span> <span class='ocrx_word' id='word_1_192' title='bbox 1381 2256 1542 2314; x_wconf 87' lang='lat' dir='ltr'>Jacobi</span> <span class='ocrx_word' id='word_1_193' title='bbox 1565 2255 1733 2300; x_wconf 87' lang='lat' dir='ltr'>Lainez</span> <span class='ocrx_word' id='word_1_194' title='bbox 1756 2255 1875 2300; x_wconf 87' lang='lat' dir='ltr'>bene</span> <span class='ocrx_word' id='word_1_195' title='bbox 1906 2259 1962 2307; x_wconf 54' lang='lat' dir='ltr'>aeg</span> <span class='ocrx_word' id='word_1_196' title='bbox 1983 2243 1997 2291; x_wconf 39' lang='lat'>-&#39;&#39;</span> 
     </span>
     <span class='ocr_line' id='line_1_38' title="bbox 323 2325 1998 2394; baseline -0.003 -15"><span class='ocrx_word' id='word_1_197' title='bbox 323 2336 523 2392; x_wconf 84' lang='lat' dir='ltr'>legitime</span> <span class='ocrx_word' id='word_1_198' title='bbox 560 2337 724 2378; x_wconf 90' lang='lat' dir='ltr'>factam</span> <span class='ocrx_word' id='word_1_199' title='bbox 763 2349 880 2388; x_wconf 87' lang='lat' dir='ltr'>esse,</span> <span class='ocrx_word' id='word_1_200' title='bbox 923 2346 1012 2378; x_wconf 91' lang='lat' dir='ltr'>tarn</span> <span class='ocrx_word' id='word_1_201' title='bbox 1051 2351 1105 2379; x_wconf 83' lang='lat' dir='ltr'>ex</span> <span class='ocrx_word' id='word_1_202' title='bbox 1137 2335 1276 2390; x_wconf 88' lang='lat' dir='ltr'>juris,</span> <span class='ocrx_word' id='word_1_203' title='bbox 1318 2349 1454 2390; x_wconf 91' lang='lat' dir='ltr'>quam</span> <span class='ocrx_word' id='word_1_204' title='bbox 1499 2349 1555 2378; x_wconf 88' lang='lat' dir='ltr'>ex</span> <span class='ocrx_word' id='word_1_205' title='bbox 1598 2332 1956 2394; x_wconf 27' lang='lat' dir='ltr'>priuilegiorum-</span> <span class='ocrx_word' id='word_1_206' title='bbox 1988 2325 1998 2385; x_wconf 63' lang='lat' dir='ltr'>,i</span> 
     </span>
     <span class='ocr_line' id='line_1_39' title="bbox 324 2396 1966 2469; baseline 0 -14"><span class='ocrx_word' id='word_1_207' title='bbox 324 2412 633 2469; x_wconf 85' lang='lat' dir='ltr'>dispositione.</span> <span class='ocrx_word' id='word_1_208' title='bbox 1963 2396 1966 2397; x_wconf 23' lang='lat'><em>⁷</em></span> 
     </span>
    </p>

    <p class='ocr_par' dir='ltr' id='par_1_10' title="bbox 323 2484 2001 2853">
     <span class='ocr_line' id='line_1_40' title="bbox 413 2484 1960 2545; baseline -0.004 -11"><span class='ocrx_word' id='word_1_209' title='bbox 413 2488 774 2534; x_wconf 85' lang='lat' dir='ltr'>Constitutiones</span> <span class='ocrx_word' id='word_1_210' title='bbox 797 2488 884 2532; x_wconf 85' lang='lat' dir='ltr'>iam</span> <span class='ocrx_word' id='word_1_211' title='bbox 904 2489 1091 2542; x_wconf 84' lang='lat' dir='ltr'>aeditas,</span> <span class='ocrx_word' id='word_1_212' title='bbox 1112 2488 1382 2545; x_wconf 85' lang='lat' dir='ltr'>publicatas,</span> <span class='ocrx_word' id='word_1_213' title='bbox 1403 2494 1677 2544; x_wconf 88' lang='lat' dir='ltr'>acceptatas‚</span> <span class='ocrx_word' id='word_1_214' title='bbox 1698 2486 1813 2531; x_wconf 88' lang='lat' dir='ltr'>acin</span> <span class='ocrx_word' id='word_1_215' title='bbox 1832 2484 1960 2529; x_wconf 89' lang='lat' dir='ltr'>virid</span> 
     </span>
     <span class='ocr_line' id='line_1_41' title="bbox 324 2560 1999 2621; baseline -0.002 -12"><span class='ocrx_word' id='word_1_216' title='bbox 324 2566 614 2609; x_wconf 88' lang='lat' dir='ltr'>obseruantia</span> <span class='ocrx_word' id='word_1_217' title='bbox 636 2566 828 2618; x_wconf 87' lang='lat' dir='ltr'>habitas,</span> <span class='ocrx_word' id='word_1_218' title='bbox 860 2567 1114 2609; x_wconf 85' lang='lat' dir='ltr'>secundum</span> <span class='ocrx_word' id='word_1_219' title='bbox 1146 2566 1333 2608; x_wconf 87' lang='lat' dir='ltr'>formam</span> <span class='ocrx_word' id='word_1_220' title='bbox 1372 2560 1716 2621; x_wconf 83' lang='lat' dir='ltr'>priuilegiorum</span> <span class='ocrx_word' id='word_1_221' title='bbox 1754 2570 1799 2607; x_wconf 87' lang='lat' dir='ltr'>et</span> <span class='ocrx_word' id='word_1_222' title='bbox 1831 2561 1941 2606; x_wconf 88' lang='lat' dir='ltr'>iuris</span> <span class='ocrx_word' id='word_1_223' title='bbox 1997 2583 1999 2586; x_wconf 96' lang='lat'>·</span> 
     </span>
     <span class='ocr_line' id='line_1_42' title="bbox 325 2637 1959 2699; baseline -0.003 -13"><span class='ocrx_word' id='word_1_224' title='bbox 325 2643 511 2695; x_wconf 86' lang='lat' dir='ltr'>ualidas,</span> <span class='ocrx_word' id='word_1_225' title='bbox 547 2643 818 2694; x_wconf 86' lang='lat' dir='ltr'>autenticas,</span> <span class='ocrx_word' id='word_1_226' title='bbox 853 2657 1100 2698; x_wconf 85' lang='lat' dir='ltr'>omnesque</span> <span class='ocrx_word' id='word_1_227' title='bbox 1133 2650 1177 2687; x_wconf 89' lang='lat' dir='ltr'>et</span> <span class='ocrx_word' id='word_1_228' title='bbox 1208 2643 1376 2699; x_wconf 86' lang='lat' dir='ltr'>ligasse</span> <span class='ocrx_word' id='word_1_229' title='bbox 1408 2649 1453 2686; x_wconf 89' lang='lat' dir='ltr'>et</span> <span class='ocrx_word' id='word_1_230' title='bbox 1483 2641 1643 2698; x_wconf 87' lang='lat' dir='ltr'>ligare,</span> <span class='ocrx_word' id='word_1_231' title='bbox 1678 2641 1824 2684; x_wconf 87' lang='lat' dir='ltr'>donec</span> <span class='ocrx_word' id='word_1_232' title='bbox 1852 2637 1959 2698; x_wconf 48' lang='lat' dir='ltr'>qui-f</span> 
     </span>
     <span class='ocr_line' id='line_1_43' title="bbox 323 2718 1936 2776; baseline -0.002 -13"><span class='ocrx_word' id='word_1_233' title='bbox 323 2719 445 2763; x_wconf 88' lang='lat' dir='ltr'>aliud</span> <span class='ocrx_word' id='word_1_234' title='bbox 468 2720 539 2763; x_wconf 84' lang='lat' dir='ltr'>vel</span> <span class='ocrx_word' id='word_1_235' title='bbox 557 2734 582 2762; x_wconf 91' lang='lat' dir='ltr'>a</span> <span class='ocrx_word' id='word_1_236' title='bbox 599 2734 776 2762; x_wconf 89' lang='lat' dir='ltr'>summo</span> <span class='ocrx_word' id='word_1_237' title='bbox 793 2719 1007 2775; x_wconf 89' lang='lat' dir='ltr'>pontifice</span> <span class='ocrx_word' id='word_1_238' title='bbox 1025 2727 1268 2774; x_wconf 85' lang='lat' dir='ltr'>statuatur,</span> <span class='ocrx_word' id='word_1_239' title='bbox 1291 2720 1363 2762; x_wconf 88' lang='lat' dir='ltr'>uel</span> <span class='ocrx_word' id='word_1_240' title='bbox 1381 2734 1406 2762; x_wconf 92' lang='lat' dir='ltr'>a</span> <span class='ocrx_word' id='word_1_241' title='bbox 1423 2718 1627 2776; x_wconf 88' lang='lat' dir='ltr'>generali</span> <span class='ocrx_word' id='word_1_242' title='bbox 1644 2731 1747 2760; x_wconf 87' lang='lat' dir='ltr'>cum</span> <span class='ocrx_word' id='word_1_243' title='bbox 1765 2726 1962 2773; x_wconf 87' lang='lat' dir='ltr'>congre</span> 
     </span>
     <span class='ocr_line' id='line_1_44' title="bbox 326 2784 1994 2853; baseline -0.001 -13"><span class='ocrx_word' id='word_1_244' title='bbox 326 2796 527 2853; x_wconf 87' lang='lat' dir='ltr'>gatione,</span> <span class='ocrx_word' id='word_1_245' title='bbox 553 2795 678 2839; x_wconf 85' lang='lat' dir='ltr'>iuxta</span> <span class='ocrx_word' id='word_1_246' title='bbox 701 2796 891 2839; x_wconf 88' lang='lat' dir='ltr'>formam</span> <span class='ocrx_word' id='word_1_247' title='bbox 917 2797 1158 2840; x_wconf 85' lang='lat' dir='ltr'>bullarum.</span> <span class='ocrx_word' id='word_1_248' title='bbox 1992 2784 1994 2788; x_wconf 20' lang='lat' dir='ltr'>V</span> 
     </span>
    </p>

    <p class='ocr_par' dir='ltr' id='par_1_11' title="bbox 414 2865 2000 2929">
     <span class='ocr_line' id='line_1_45' title="bbox 414 2866 1961 2929; baseline -0.004 -12"><span class='ocrx_word' id='word_1_249' title='bbox 414 2874 618 2917; x_wconf 87' lang='lat' dir='ltr'>Vacante</span> <span class='ocrx_word' id='word_1_250' title='bbox 642 2873 897 2929; x_wconf 87' lang='lat' dir='ltr'>praeposito</span> <span class='ocrx_word' id='word_1_251' title='bbox 920 2873 1139 2928; x_wconf 85' lang='lat' dir='ltr'>generali,</span> <span class='ocrx_word' id='word_1_252' title='bbox 1168 2874 1396 2929; x_wconf 86' lang='lat' dir='ltr'>professos</span> <span class='ocrx_word' id='word_1_253' title='bbox 1423 2887 1581 2915; x_wconf 86' lang='lat' dir='ltr'>omnes</span> <span class='ocrx_word' id='word_1_254' title='bbox 1609 2878 1804 2926; x_wconf 82' lang='lat' dir='ltr'>quatuor</span> <span class='ocrx_word' id='word_1_255' title='bbox 1834 2875 1932 2912; x_wconf 83' lang='lat' dir='ltr'>uot·</span> <span class='ocrx_word' id='word_1_256' title='bbox 1956 2866 1961 2908; x_wconf 78' lang='grc' dir='ltr'><strong><em>ἶ</em></strong></span> 
     </span>
    </p>
   </div>
   <div class='ocr_carea' id='block_1_9' title="bbox 331 2962 1994 3091">
    <p class='ocr_par' dir='ltr' id='par_1_12' title="bbox 331 2962 1994 3091">
     <span class='ocr_line' id='line_1_46' title="bbox 400 2962 1994 3032; baseline -0.003 -11"><span class='ocrx_word' id='word_1_257' title='bbox 400 2986 409 3006; x_wconf 96' lang='lat'>¹</span> <span class='ocrx_word' id='word_1_258' title='bbox 462 2987 520 3021; x_wconf 85' lang='lat' dir='ltr'>Ex</span> <span class='ocrx_word' id='word_1_259' title='bbox 544 2986 785 3032; x_wconf 74' lang='lat' dir='ltr'>autographo</span> <span class='ocrx_word' id='word_1_260' title='bbox 809 2984 869 3030; x_wconf 86' lang='lat'><strong>(?),</strong></span> <span class='ocrx_word' id='word_1_261' title='bbox 895 2985 933 3020; x_wconf 89' lang='lat' dir='ltr'>in</span> <span class='ocrx_word' id='word_1_262' title='bbox 957 2985 1090 3020; x_wconf 89' lang='lat' dir='ltr'>codice</span> <span class='ocrx_word' id='word_1_263' title='bbox 1119 2987 1174 3020; x_wconf 90' lang='lat' dir='ltr'>De</span> <span class='ocrx_word' id='word_1_264' title='bbox 1200 2986 1317 3020; x_wconf 81' lang='lat' dir='ltr'>rebus</span> <span class='ocrx_word' id='word_1_265' title='bbox 1341 2996 1482 3032; x_wconf 78' lang='lat' dir='ltr'>congr.</span> <span class='ocrx_word' id='word_1_266' title='bbox 1500 2996 1593 3032; x_wconf 82' lang='lat' dir='ltr'>gen.</span> <span class='ocrx_word' id='word_1_267' title='bbox 1625 2984 1653 3018; x_wconf 89' lang='grc' dir='ltr'>Ῑ-</span> <span class='ocrx_word' id='word_1_268' title='bbox 1669 2983 1711 3026; x_wconf 73' lang='lat' dir='ltr'>V,</span> <span class='ocrx_word' id='word_1_269' title='bbox 1729 2981 1875 3029; x_wconf 88' lang='lat' dir='ltr'>duplici</span> <span class='ocrx_word' id='word_1_270' title='bbox 1893 2979 1944 3016; x_wconf 82' lang='lat' dir='ltr'>fol</span> <span class='ocrx_word' id='word_1_271' title='bbox 1975 2962 1994 3017; x_wconf 31' lang='lat'>¹.</span> 
     </span>
     <span class='ocr_line' id='line_1_47' title="bbox 331 3043 646 3091; baseline -0.003 -11"><span class='ocrx_word' id='word_1_272' title='bbox 331 3057 367 3080; x_wconf 92' lang='lat' dir='ltr'>n.</span> <span class='ocrx_word' id='word_1_273' title='bbox 389 3045 434 3089; x_wconf 91' lang='lat'>78</span> <span class='ocrx_word' id='word_1_274' title='bbox 453 3044 528 3090; x_wconf 85' lang='lat'><strong>(35,</strong></span> <span class='ocrx_word' id='word_1_275' title='bbox 553 3043 646 3091; x_wconf 91' lang='lat'>118).</span> 
     </span>
    </p>
   </div>
  </div>
 </body>
</html>
