<?xml version="1.0" encoding="UTF-8"?>
<!DOCTYPE html PUBLIC "-//W3C//DTD XHTML 1.0 Transitional//EN"
    "http://www.w3.org/TR/xhtml1/DTD/xhtml1-transitional.dtd">
<html xmlns="http://www.w3.org/1999/xhtml" xml:lang="en" lang="en">
 <head>
  <title>
</title>
<meta http-equiv="Content-Type" content="text/html;charset=utf-8" />
  <meta name='ocr-system' content='tesseract 3.04.00' />
  <meta name='ocr-capabilities' content='ocr_page ocr_carea ocr_par ocr_line ocrx_word'/>
</head>
<body>
  <div class='ocr_page' id='page_1' title='image "./epistolaephieron11nada_0694.png"; bbox 0 0 2028 3426; ppageno 0'>
   <div class='ocr_carea' id='block_1_1' title="bbox 326 223 1405 260">
    <p class='ocr_par' dir='ltr' id='par_1_1' title="bbox 326 223 1405 260">
     <span class='ocr_line' id='line_1_1' title="bbox 326 223 1405 260; baseline 0.002 -3"><span class='ocrx_word' id='word_1_1' title='bbox 326 224 396 259; x_wconf 78' lang='lat'>668</span> <span class='ocrx_word' id='word_1_2' title='bbox 801 223 954 260; x_wconf 76' lang='lat' dir='ltr'>PATms</span> <span class='ocrx_word' id='word_1_3' title='bbox 982 224 1228 259; x_wconf 70' lang='lat' dir='ltr'>Hmnonnss</span> <span class='ocrx_word' id='word_1_4' title='bbox 1256 223 1405 259; x_wconf 76' lang='lat' dir='ltr'>NADAL</span> 
     </span>
    </p>
   </div>
   <div class='ocr_carea' id='block_1_2' title="bbox 269 324 1928 2845">
    <p class='ocr_par' dir='ltr' id='par_1_2' title="bbox 269 324 1928 2458">
     <span class='ocr_line' id='line_1_2' title="bbox 275 324 1915 381; baseline 0 -13"><span class='ocrx_word' id='word_1_5' title='bbox 275 343 356 370; x_wconf 79' lang='lat' dir='ltr'>nes</span> <span class='ocrx_word' id='word_1_6' title='bbox 388 334 491 381; x_wconf 84' lang='lat' dir='ltr'>post</span> <span class='ocrx_word' id='word_1_7' title='bbox 513 324 726 369; x_wconf 89' lang='lat' dir='ltr'>exercitia</span> <span class='ocrx_word' id='word_1_8' title='bbox 765 325 877 367; x_wconf 87' lang='lat' dir='ltr'>adeo</span> <span class='ocrx_word' id='word_1_9' title='bbox 902 331 1118 376; x_wconf 89' lang='lat' dir='ltr'>mutatos,</span> <span class='ocrx_word' id='word_1_10' title='bbox 1144 325 1257 368; x_wconf 90' lang='lat' dir='ltr'>adeo</span> <span class='ocrx_word' id='word_1_11' title='bbox 1281 325 1336 367; x_wconf 88' lang='lat' dir='ltr'>ad</span> <span class='ocrx_word' id='word_1_12' title='bbox 1360 325 1573 381; x_wconf 86' lang='lat' dir='ltr'>pietatem</span> <span class='ocrx_word' id='word_1_13' title='bbox 1597 325 1839 378; x_wconf 87' lang='lat' dir='ltr'>excitatos,</span> <span class='ocrx_word' id='word_1_14' title='bbox 1867 334 1915 368; x_wconf 82' lang='lat' dir='ltr'>vt</span> 
     </span>
     <span class='ocr_line' id='line_1_3' title="bbox 274 400 1912 453; baseline 0 -8"><span class='ocrx_word' id='word_1_15' title='bbox 274 410 488 446; x_wconf 88' lang='lat' dir='ltr'>moueant</span> <span class='ocrx_word' id='word_1_16' title='bbox 510 401 720 445; x_wconf 87' lang='lat' dir='ltr'>omnibus</span> <span class='ocrx_word' id='word_1_17' title='bbox 738 400 1100 453; x_wconf 86' lang='lat' dir='ltr'>admirationem,</span> <span class='ocrx_word' id='word_1_18' title='bbox 1122 401 1326 444; x_wconf 83' lang='lat' dir='ltr'>nonnulli</span> <span class='ocrx_word' id='word_1_19' title='bbox 1345 401 1480 444; x_wconf 88' lang='lat' dir='ltr'>etiam</span> <span class='ocrx_word' id='word_1_20' title='bbox 1499 401 1603 444; x_wconf 88' lang='lat' dir='ltr'>inde</span> <span class='ocrx_word' id='word_1_21' title='bbox 1623 402 1912 446; x_wconf 74' lang='lat' dir='ltr'>occasionem</span> 
     </span>
     <span class='ocr_line' id='line_1_4' title="bbox 272 477 1916 536; baseline 0.001 -14"><span class='ocrx_word' id='word_1_22' title='bbox 272 479 515 536; x_wconf 82' lang='lat' dir='ltr'>accipiant,</span> <span class='ocrx_word' id='word_1_23' title='bbox 549 479 620 523; x_wconf 91' lang='lat' dir='ltr'>uel</span> <span class='ocrx_word' id='word_1_24' title='bbox 653 477 946 530; x_wconf 87' lang='lat' dir='ltr'>detrahendi,</span> <span class='ocrx_word' id='word_1_25' title='bbox 981 478 1052 520; x_wconf 91' lang='lat' dir='ltr'>uel</span> <span class='ocrx_word' id='word_1_26' title='bbox 1089 478 1412 531; x_wconf 88' lang='lat' dir='ltr'>calumniandi,</span> <span class='ocrx_word' id='word_1_27' title='bbox 1444 479 1572 534; x_wconf 81' lang='lat' dir='ltr'>quasi</span> <span class='ocrx_word' id='word_1_28' title='bbox 1609 480 1724 522; x_wconf 89' lang='lat' dir='ltr'>mala</span> <span class='ocrx_word' id='word_1_29' title='bbox 1765 480 1916 536; x_wconf 88' lang='lat' dir='ltr'>aliqua</span> 
     </span>
     <span class='ocr_line' id='line_1_5' title="bbox 273 555 1912 612; baseline 0 -12"><span class='ocrx_word' id='word_1_30' title='bbox 273 564 370 600; x_wconf 90' lang='lat' dir='ltr'>arte</span> <span class='ocrx_word' id='word_1_31' title='bbox 392 564 589 600; x_wconf 81' lang='lat' dir='ltr'>Vtamur.</span> <span class='ocrx_word' id='word_1_32' title='bbox 619 558 717 611; x_wconf 73' lang='lat' dir='ltr'>Ego</span> <span class='ocrx_word' id='word_1_33' title='bbox 741 555 923 610; x_wconf 91' lang='lat' dir='ltr'>quidem</span> <span class='ocrx_word' id='word_1_34' title='bbox 947 556 1088 598; x_wconf 90' lang='lat' dir='ltr'>multa</span> <span class='ocrx_word' id='word_1_35' title='bbox 1109 570 1287 612; x_wconf 87' lang='lat' dir='ltr'>possem</span> <span class='ocrx_word' id='word_1_36' title='bbox 1311 556 1461 599; x_wconf 83' lang='lat' dir='ltr'>dicere</span> <span class='ocrx_word' id='word_1_37' title='bbox 1485 558 1603 599; x_wconf 87' lang='lat' dir='ltr'>vnde</span> <span class='ocrx_word' id='word_1_38' title='bbox 1625 556 1699 600; x_wconf 88' lang='lat' dir='ltr'>illa</span> <span class='ocrx_word' id='word_1_39' title='bbox 1725 557 1912 600; x_wconf 85' lang='lat' dir='ltr'>videan—</span> 
     </span>
     <span class='ocr_line' id='line_1_6' title="bbox 279 632 1914 689; baseline 0.001 -13"><span class='ocrx_word' id='word_1_40' title='bbox 279 642 352 676; x_wconf 90' lang='lat' dir='ltr'>tur</span> <span class='ocrx_word' id='word_1_41' title='bbox 374 648 474 677; x_wconf 84' lang='lat' dir='ltr'>esse</span> <span class='ocrx_word' id='word_1_42' title='bbox 511 633 710 676; x_wconf 85' lang='lat' dir='ltr'>efficacia</span> <span class='ocrx_word' id='word_1_43' title='bbox 748 640 793 675; x_wconf 90' lang='lat' dir='ltr'>et</span> <span class='ocrx_word' id='word_1_44' title='bbox 832 632 920 674; x_wconf 89' lang='lat' dir='ltr'>vim</span> <span class='ocrx_word' id='word_1_45' title='bbox 959 632 1164 689; x_wconf 89' lang='lat' dir='ltr'>accipere</span> <span class='ocrx_word' id='word_1_46' title='bbox 1193 633 1426 676; x_wconf 88' lang='lat' dir='ltr'>exercitia.</span> <span class='ocrx_word' id='word_1_47' title='bbox 1470 633 1664 677; x_wconf 86' lang='lat' dir='ltr'>Animus</span> <span class='ocrx_word' id='word_1_48' title='bbox 1701 633 1813 686; x_wconf 88' lang='lat' dir='ltr'>eius,</span> <span class='ocrx_word' id='word_1_49' title='bbox 1836 634 1914 689; x_wconf 89' lang='lat' dir='ltr'>qui</span> 
     </span>
     <span class='ocr_line' id='line_1_7' title="bbox 272 709 1914 767; baseline -0.001 -13"><span class='ocrx_word' id='word_1_50' title='bbox 272 718 531 762; x_wconf 89' lang='lat' dir='ltr'>exercetur,</span> <span class='ocrx_word' id='word_1_51' title='bbox 557 710 688 753; x_wconf 80' lang='lat' dir='ltr'>vnice</span> <span class='ocrx_word' id='word_1_52' title='bbox 711 710 768 751; x_wconf 90' lang='lat' dir='ltr'>ad</span> <span class='ocrx_word' id='word_1_53' title='bbox 785 709 991 765; x_wconf 88' lang='lat' dir='ltr'>spiritum</span> <span class='ocrx_word' id='word_1_54' title='bbox 1012 709 1278 765; x_wconf 88' lang='lat' dir='ltr'>applicatus,</span> <span class='ocrx_word' id='word_1_55' title='bbox 1299 717 1344 754; x_wconf 91' lang='lat' dir='ltr'>et</span> <span class='ocrx_word' id='word_1_56' title='bbox 1363 710 1490 765; x_wconf 82' lang='lat' dir='ltr'>quasi</span> <span class='ocrx_word' id='word_1_57' title='bbox 1508 711 1788 766; x_wconf 85' lang='lat' dir='ltr'>compulsus,</span> <span class='ocrx_word' id='word_1_58' title='bbox 1810 726 1914 767; x_wconf 79' lang='lat' dir='ltr'>spes</span> 
     </span>
     <span class='ocr_line' id='line_1_8' title="bbox 272 785 1914 842; baseline 0.001 -13"><span class='ocrx_word' id='word_1_59' title='bbox 272 794 512 842; x_wconf 88' lang='lat' dir='ltr'>concepta,</span> <span class='ocrx_word' id='word_1_60' title='bbox 558 800 781 837; x_wconf 89' lang='lat' dir='ltr'>secessus,</span> <span class='ocrx_word' id='word_1_61' title='bbox 834 785 1089 840; x_wconf 82' lang='lat' dir='ltr'>frequentia</span> <span class='ocrx_word' id='word_1_62' title='bbox 1132 785 1373 838; x_wconf 89' lang='lat' dir='ltr'>orationis,</span> <span class='ocrx_word' id='word_1_63' title='bbox 1422 787 1662 830; x_wconf 82' lang='lat' dir='ltr'>methodus</span> <span class='ocrx_word' id='word_1_64' title='bbox 1707 787 1914 830; x_wconf 89' lang='lat' dir='ltr'>tradendi</span> 
     </span>
     <span class='ocr_line' id='line_1_9' title="bbox 272 862 1914 919; baseline 0.001 -13"><span class='ocrx_word' id='word_1_65' title='bbox 272 863 486 907; x_wconf 84' lang='lat' dir='ltr'>exercitia</span> <span class='ocrx_word' id='word_1_66' title='bbox 509 889 563 894; x_wconf 92' lang='lat'>—</span> <span class='ocrx_word' id='word_1_67' title='bbox 589 888 642 893; x_wconf 93' lang='lat'>—-</span> <span class='ocrx_word' id='word_1_68' title='bbox 668 888 723 894; x_wconf 89' lang='lat'>—</span> <span class='ocrx_word' id='word_1_69' title='bbox 747 862 1020 919; x_wconf 86' lang='lat' dir='ltr'>[prud]entia</span> <span class='ocrx_word' id='word_1_70' title='bbox 1042 862 1345 916; x_wconf 78' lang='lat' dir='ltr'>instructoris,</span> <span class='ocrx_word' id='word_1_71' title='bbox 1370 870 1415 905; x_wconf 91' lang='lat' dir='ltr'>et</span> <span class='ocrx_word' id='word_1_72' title='bbox 1438 863 1697 907; x_wconf 86' lang='lat' dir='ltr'>obseruatio</span> <span class='ocrx_word' id='word_1_73' title='bbox 1721 878 1914 907; x_wconf 88' lang='lat' dir='ltr'>accura-</span> 
     </span>
     <span class='ocr_line' id='line_1_10' title="bbox 273 939 1928 996; baseline 0 -14"><span class='ocrx_word' id='word_1_74' title='bbox 273 947 334 992; x_wconf 89' lang='lat' dir='ltr'>ta,</span> <span class='ocrx_word' id='word_1_75' title='bbox 361 940 632 996; x_wconf 77' lang='lat' dir='ltr'>gubernatio</span> <span class='ocrx_word' id='word_1_76' title='bbox 671 939 873 982; x_wconf 89' lang='lat' dir='ltr'>omnium</span> <span class='ocrx_word' id='word_1_77' title='bbox 914 939 1252 991; x_wconf 87' lang='lat' dir='ltr'>exercitiorum,</span> <span class='ocrx_word' id='word_1_78' title='bbox 1286 939 1577 996; x_wconf 84' lang='lat' dir='ltr'>praesidium,</span> <span class='ocrx_word' id='word_1_79' title='bbox 1609 941 1730 995; x_wconf 88' lang='lat' dir='ltr'>quod</span> <span class='ocrx_word' id='word_1_80' title='bbox 1760 942 1928 994; x_wconf 87' lang='lat' dir='ltr'>datur,.</span> 
     </span>
     <span class='ocr_line' id='line_1_11' title="bbox 274 1016 1908 1073; baseline 0.001 -15"><span class='ocrx_word' id='word_1_81' title='bbox 274 1016 423 1072; x_wconf 84' lang='lat' dir='ltr'>siquid</span> <span class='ocrx_word' id='word_1_82' title='bbox 462 1016 814 1073; x_wconf 83' lang='lat' dir='ltr'>perturbationis</span> <span class='ocrx_word' id='word_1_83' title='bbox 852 1016 1031 1060; x_wconf 88' lang='lat' dir='ltr'>accidit.</span> <span class='ocrx_word' id='word_1_84' title='bbox 1074 1017 1163 1061; x_wconf 85' lang='lat' dir='ltr'>Sed</span> <span class='ocrx_word' id='word_1_85' title='bbox 1202 1019 1317 1069; x_wconf 66' lang='lat' dir='ltr'>haec⁴</span> <span class='ocrx_word' id='word_1_86' title='bbox 1353 1019 1550 1060; x_wconf 84' lang='lat' dir='ltr'>humana</span> <span class='ocrx_word' id='word_1_87' title='bbox 1588 1027 1695 1060; x_wconf 89' lang='lat' dir='ltr'>sunt</span> <span class='ocrx_word' id='word_1_88' title='bbox 1740 1019 1908 1062; x_wconf 87' lang='lat' dir='ltr'>omnia.</span> 
     </span>
     <span class='ocr_line' id='line_1_12' title="bbox 272 1094 1908 1151; baseline 0.001 -15"><span class='ocrx_word' id='word_1_89' title='bbox 272 1095 388 1136; x_wconf 87' lang='lat' dir='ltr'>Illud</span> <span class='ocrx_word' id='word_1_90' title='bbox 410 1103 427 1118; x_wconf 72' lang='lat'>³</span> <span class='ocrx_word' id='word_1_91' title='bbox 450 1094 588 1149; x_wconf 88' lang='lat' dir='ltr'>igitur</span> <span class='ocrx_word' id='word_1_92' title='bbox 610 1109 700 1150; x_wconf 88' lang='lat' dir='ltr'>ego</span> <span class='ocrx_word' id='word_1_93' title='bbox 724 1095 847 1138; x_wconf 92' lang='lat' dir='ltr'>soleo</span> <span class='ocrx_word' id='word_1_94' title='bbox 870 1094 1131 1150; x_wconf 87' lang='lat' dir='ltr'>praedicare</span> <span class='ocrx_word' id='word_1_95' title='bbox 1160 1095 1352 1151; x_wconf 80' lang='lat' dir='ltr'>gratiam</span> <span class='ocrx_word' id='word_1_96' title='bbox 1383 1109 1483 1139; x_wconf 90' lang='lat' dir='ltr'>esse</span> <span class='ocrx_word' id='word_1_97' title='bbox 1506 1095 1591 1139; x_wconf 91' lang='lat' dir='ltr'>Dei</span> <span class='ocrx_word' id='word_1_98' title='bbox 1614 1096 1908 1151; x_wconf 80' lang='lat' dir='ltr'>peculiarem,</span> 
     </span>
     <span class='ocr_line' id='line_1_13' title="bbox 272 1171 1910 1229; baseline 0 -14"><span class='ocrx_word' id='word_1_99' title='bbox 272 1178 319 1216; x_wconf 89' lang='lat' dir='ltr'>et</span> <span class='ocrx_word' id='word_1_100' title='bbox 337 1171 519 1226; x_wconf 83' lang='lat' dir='ltr'>quidem</span> <span class='ocrx_word' id='word_1_101' title='bbox 544 1171 834 1214; x_wconf 91' lang='lat' dir='ltr'>coniunctam</span> <span class='ocrx_word' id='word_1_102' title='bbox 859 1185 961 1214; x_wconf 91' lang='lat' dir='ltr'>cum</span> <span class='ocrx_word' id='word_1_103' title='bbox 986 1178 1168 1216; x_wconf 89' lang='lat' dir='ltr'>nostrae</span> <span class='ocrx_word' id='word_1_104' title='bbox 1190 1171 1440 1215; x_wconf 84' lang='lat' dir='ltr'>vocationis</span> <span class='ocrx_word' id='word_1_105' title='bbox 1462 1179 1507 1216; x_wconf 93' lang='lat' dir='ltr'>et</span> <span class='ocrx_word' id='word_1_106' title='bbox 1530 1172 1726 1215; x_wconf 90' lang='lat' dir='ltr'>instituti</span> <span class='ocrx_word' id='word_1_107' title='bbox 1748 1173 1910 1229; x_wconf 82' lang='lat' dir='ltr'>gratia,</span> 
     </span>
     <span class='ocr_line' id='line_1_14' title="bbox 272 1248 1911 1306; baseline 0.001 -16"><span class='ocrx_word' id='word_1_108' title='bbox 272 1263 363 1304; x_wconf 89' lang='lat' dir='ltr'>qua</span> <span class='ocrx_word' id='word_1_109' title='bbox 380 1249 435 1292; x_wconf 91' lang='lat' dir='ltr'>de</span> <span class='ocrx_word' id='word_1_110' title='bbox 459 1263 540 1291; x_wconf 86' lang='lat' dir='ltr'>sua</span> <span class='ocrx_word' id='word_1_111' title='bbox 558 1248 841 1304; x_wconf 80' lang='lat' dir='ltr'>benignitate</span> <span class='ocrx_word' id='word_1_112' title='bbox 858 1250 984 1291; x_wconf 88' lang='lat' dir='ltr'>Deus</span> <span class='ocrx_word' id='word_1_113' title='bbox 1002 1249 1079 1292; x_wconf 90' lang='lat' dir='ltr'>dat</span> <span class='ocrx_word' id='word_1_114' title='bbox 1097 1256 1145 1291; x_wconf 84' lang='lat' dir='ltr'>vt</span> <span class='ocrx_word' id='word_1_115' title='bbox 1162 1257 1207 1292; x_wconf 92' lang='lat' dir='ltr'>et</span> <span class='ocrx_word' id='word_1_116' title='bbox 1227 1263 1308 1291; x_wconf 88' lang='lat' dir='ltr'>nos</span> <span class='ocrx_word' id='word_1_117' title='bbox 1328 1249 1521 1304; x_wconf 88' lang='lat' dir='ltr'>primum</span> <span class='ocrx_word' id='word_1_118' title='bbox 1539 1250 1746 1306; x_wconf 87' lang='lat' dir='ltr'>spiritum</span> <span class='ocrx_word' id='word_1_119' title='bbox 1767 1265 1911 1294; x_wconf 87' lang='lat' dir='ltr'>euan-</span> 
     </span>
     <span class='ocr_line' id='line_1_15' title="bbox 273 1325 1910 1389; baseline 0 -20"><span class='ocrx_word' id='word_1_120' title='bbox 273 1325 378 1381; x_wconf 83' lang='lat' dir='ltr'>gelii</span> <span class='ocrx_word' id='word_1_121' title='bbox 402 1325 501 1368; x_wconf 88' lang='lat' dir='ltr'>Filii</span> <span class='ocrx_word' id='word_1_122' title='bbox 524 1325 622 1368; x_wconf 85' lang='lat' dir='ltr'>eius</span> <span class='ocrx_word' id='word_1_123' title='bbox 646 1325 919 1368; x_wconf 83' lang='lat' dir='ltr'>imbibamus</span> <span class='ocrx_word' id='word_1_124' title='bbox 942 1325 1101 1368; x_wconf 90' lang='lat' dir='ltr'>intimo</span> <span class='ocrx_word' id='word_1_125' title='bbox 1123 1327 1278 1377; x_wconf 92' lang='lat' dir='ltr'>corde,</span> <span class='ocrx_word' id='word_1_126' title='bbox 1304 1333 1349 1369; x_wconf 92' lang='lat' dir='ltr'>et</span> <span class='ocrx_word' id='word_1_127' title='bbox 1372 1326 1461 1389; x_wconf 83' lang='lat' dir='ltr'>vim</span> <span class='ocrx_word' id='word_1_128' title='bbox 1481 1327 1760 1382; x_wconf 88' lang='lat' dir='ltr'>accipiamus</span> <span class='ocrx_word' id='word_1_129' title='bbox 1785 1327 1910 1369; x_wconf 91' lang='lat' dir='ltr'>illum</span> 
     </span>
     <span class='ocr_line' id='line_1_16' title="bbox 274 1402 1912 1459; baseline 0.001 -15"><span class='ocrx_word' id='word_1_130' title='bbox 274 1402 372 1445; x_wconf 90' lang='lat' dir='ltr'>aliis</span> <span class='ocrx_word' id='word_1_131' title='bbox 394 1402 694 1459; x_wconf 90' lang='lat' dir='ltr'>imprimendi.</span> <span class='ocrx_word' id='word_1_132' title='bbox 718 1404 808 1445; x_wconf 91' lang='lat' dir='ltr'>Dat</span> <span class='ocrx_word' id='word_1_133' title='bbox 829 1402 947 1445; x_wconf 90' lang='lat' dir='ltr'>enim</span> <span class='ocrx_word' id='word_1_134' title='bbox 968 1403 1043 1445; x_wconf 92' lang='lat' dir='ltr'>illa</span> <span class='ocrx_word' id='word_1_135' title='bbox 1065 1403 1212 1459; x_wconf 89' lang='lat' dir='ltr'>gratia</span> <span class='ocrx_word' id='word_1_136' title='bbox 1230 1405 1365 1446; x_wconf 87' lang='lat' dir='ltr'>rebus</span> <span class='ocrx_word' id='word_1_137' title='bbox 1388 1411 1432 1448; x_wconf 91' lang='lat' dir='ltr'>et</span> <span class='ocrx_word' id='word_1_138' title='bbox 1456 1404 1621 1447; x_wconf 89' lang='lat' dir='ltr'>rationi</span> <span class='ocrx_word' id='word_1_139' title='bbox 1642 1405 1723 1447; x_wconf 91' lang='lat' dir='ltr'>toti</span> <span class='ocrx_word' id='word_1_140' title='bbox 1746 1404 1764 1429; x_wconf 73' lang='lat' dir='ltr'>b</span> <span class='ocrx_word' id='word_1_141' title='bbox 1781 1420 1912 1449; x_wconf 85' lang='lat' dir='ltr'>exer-</span> 
     </span>
     <span class='ocr_line' id='line_1_17' title="bbox 272 1472 1914 1537; baseline 0.001 -15"><span class='ocrx_word' id='word_1_142' title='bbox 272 1478 481 1522; x_wconf 91' lang='lat' dir='ltr'>citiorum</span> <span class='ocrx_word' id='word_1_143' title='bbox 505 1479 779 1535; x_wconf 87' lang='lat' dir='ltr'>peculiarem</span> <span class='ocrx_word' id='word_1_144' title='bbox 804 1479 1036 1536; x_wconf 82' lang='lat' dir='ltr'>energiam</span> <span class='ocrx_word' id='word_1_145' title='bbox 1061 1487 1105 1524; x_wconf 92' lang='lat' dir='ltr'>et</span> <span class='ocrx_word' id='word_1_146' title='bbox 1134 1480 1403 1533; x_wconf 88' lang='lat' dir='ltr'>efficaciam,</span> <span class='ocrx_word' id='word_1_147' title='bbox 1435 1472 1524 1536; x_wconf 82' lang='lat' dir='ltr'>qua</span> <span class='ocrx_word' id='word_1_148' title='bbox 1546 1482 1602 1524; x_wconf 90' lang='lat' dir='ltr'>ad</span> <span class='ocrx_word' id='word_1_149' title='bbox 1632 1481 1844 1537; x_wconf 89' lang='lat' dir='ltr'>pietatem</span> <span class='ocrx_word' id='word_1_150' title='bbox 1869 1490 1914 1524; x_wconf 92' lang='lat' dir='ltr'>et</span> 
     </span>
     <span class='ocr_line' id='line_1_18' title="bbox 275 1556 1913 1615; baseline 0.001 -17"><span class='ocrx_word' id='word_1_151' title='bbox 275 1556 564 1600; x_wconf 91' lang='lat' dir='ltr'>deuotionem</span> <span class='ocrx_word' id='word_1_152' title='bbox 588 1556 745 1600; x_wconf 89' lang='lat' dir='ltr'>intime</span> <span class='ocrx_word' id='word_1_153' title='bbox 769 1556 906 1599; x_wconf 88' lang='lat' dir='ltr'>animi</span> <span class='ocrx_word' id='word_1_154' title='bbox 931 1564 1219 1609; x_wconf 85' lang='lat' dir='ltr'>moueantur,</span> <span class='ocrx_word' id='word_1_155' title='bbox 1246 1564 1307 1610; x_wconf 92' lang='lat' dir='ltr'>et,</span> <span class='ocrx_word' id='word_1_156' title='bbox 1335 1557 1472 1600; x_wconf 33' lang='lat' dir='ltr'>vtvita</span> <span class='ocrx_word' id='word_1_157' title='bbox 1503 1557 1667 1610; x_wconf 88' lang='lat' dir='ltr'>dicam,</span> <span class='ocrx_word' id='word_1_158' title='bbox 1685 1573 1774 1615; x_wconf 78' lang='lat' dir='ltr'>¹per</span> <span class='ocrx_word' id='word_1_159' title='bbox 1797 1560 1913 1600; x_wconf 86' lang='lat' dir='ltr'>hanc</span> 
     </span>
     <span class='ocr_line' id='line_1_19' title="bbox 272 1634 1911 1692; baseline 0.002 -17"><span class='ocrx_word' id='word_1_160' title='bbox 272 1634 491 1677; x_wconf 89' lang='lat' dir='ltr'>rationem</span> <span class='ocrx_word' id='word_1_161' title='bbox 532 1634 878 1677; x_wconf 90' lang='lat' dir='ltr'>meditationum</span> <span class='ocrx_word' id='word_1_162' title='bbox 919 1635 1016 1676; x_wconf 90' lang='lat' dir='ltr'>vult</span> <span class='ocrx_word' id='word_1_163' title='bbox 1053 1636 1204 1687; x_wconf 91' lang='lat' dir='ltr'>Deus,</span> <span class='ocrx_word' id='word_1_164' title='bbox 1241 1636 1363 1690; x_wconf 89' lang='lat' dir='ltr'>quod</span> <span class='ocrx_word' id='word_1_165' title='bbox 1396 1650 1499 1678; x_wconf 92' lang='lat' dir='ltr'>cum</span> <span class='ocrx_word' id='word_1_166' title='bbox 1530 1650 1708 1678; x_wconf 89' lang='lat' dir='ltr'>summo</span> <span class='ocrx_word' id='word_1_167' title='bbox 1736 1635 1911 1692; x_wconf 90' lang='lat' dir='ltr'>piorum</span> 
     </span>
     <span class='ocr_line' id='line_1_20' title="bbox 269 1711 1911 1767; baseline 0.001 -14"><span class='ocrx_word' id='word_1_168' title='bbox 269 1711 425 1755; x_wconf 89' lang='lat' dir='ltr'>dolore</span> <span class='ocrx_word' id='word_1_169' title='bbox 447 1712 725 1767; x_wconf 88' lang='lat' dir='ltr'>deploratur,</span> <span class='ocrx_word' id='word_1_170' title='bbox 746 1711 939 1754; x_wconf 89' lang='lat' dir='ltr'>restitui.</span> <span class='ocrx_word' id='word_1_171' title='bbox 963 1713 1146 1767; x_wconf 75' lang='lat' dir='ltr'>Quotus</span> <span class='ocrx_word' id='word_1_172' title='bbox 1165 1712 1285 1756; x_wconf 90' lang='lat' dir='ltr'>enim</span> <span class='ocrx_word' id='word_1_173' title='bbox 1305 1712 1499 1767; x_wconf 89' lang='lat' dir='ltr'>quisque</span> <span class='ocrx_word' id='word_1_174' title='bbox 1518 1728 1670 1757; x_wconf 90' lang='lat' dir='ltr'>veram</span> <span class='ocrx_word' id='word_1_175' title='bbox 1692 1712 1911 1756; x_wconf 89' lang='lat' dir='ltr'>rationem</span> 
     </span>
     <span class='ocr_line' id='line_1_21' title="bbox 271 1788 1910 1846; baseline 0.001 -17"><span class='ocrx_word' id='word_1_176' title='bbox 271 1788 486 1831; x_wconf 87' lang='lat' dir='ltr'>orationis</span> <span class='ocrx_word' id='word_1_177' title='bbox 509 1788 784 1843; x_wconf 90' lang='lat' dir='ltr'>assequitur,</span> <span class='ocrx_word' id='word_1_178' title='bbox 810 1788 911 1843; x_wconf 90' lang='lat' dir='ltr'>quis</span> <span class='ocrx_word' id='word_1_179' title='bbox 934 1804 1087 1832; x_wconf 87' lang='lat' dir='ltr'>veram</span> <span class='ocrx_word' id='word_1_180' title='bbox 1111 1803 1260 1832; x_wconf 89' lang='lat' dir='ltr'>rerum</span> <span class='ocrx_word' id='word_1_181' title='bbox 1284 1789 1582 1845; x_wconf 90' lang='lat' dir='ltr'>spiritualium</span> <span class='ocrx_word' id='word_1_182' title='bbox 1602 1789 1910 1846; x_wconf 84' lang='lat' dir='ltr'>cognitionem</span> 
     </span>
     <span class='ocr_line' id='line_1_22' title="bbox 271 1866 1909 1922; baseline 0.002 -15"><span class='ocrx_word' id='word_1_183' title='bbox 271 1872 317 1907; x_wconf 85' lang='lat' dir='ltr'>et</span> <span class='ocrx_word' id='word_1_184' title='bbox 340 1867 544 1909; x_wconf 81' lang='lat' dir='ltr'>sensum?</span> <span class='ocrx_word' id='word_1_185' title='bbox 582 1866 683 1920; x_wconf 90' lang='lat' dir='ltr'>quis</span> <span class='ocrx_word' id='word_1_186' title='bbox 720 1866 970 1909; x_wconf 88' lang='lat' dir='ltr'>efficaciam</span> <span class='ocrx_word' id='word_1_187' title='bbox 1009 1866 1135 1909; x_wconf 92' lang='lat' dir='ltr'>verbi</span> <span class='ocrx_word' id='word_1_188' title='bbox 1174 1866 1276 1918; x_wconf 92' lang='lat' dir='ltr'>Dei,</span> <span class='ocrx_word' id='word_1_189' title='bbox 1318 1866 1419 1922; x_wconf 90' lang='lat' dir='ltr'>quis</span> <span class='ocrx_word' id='word_1_190' title='bbox 1441 1867 1497 1909; x_wconf 89' lang='lat' dir='ltr'>ad</span> <span class='ocrx_word' id='word_1_191' title='bbox 1537 1867 1749 1922; x_wconf 80' lang='lat' dir='ltr'>mysteria</span> <span class='ocrx_word' id='word_1_192' title='bbox 1774 1867 1909 1918; x_wconf 87' lang='lat' dir='ltr'>vitae,</span> 
     </span>
     <span class='ocr_line' id='line_1_23' title="bbox 273 1941 1911 2000; baseline 0.002 -16"><span class='ocrx_word' id='word_1_193' title='bbox 273 1941 509 1996; x_wconf 89' lang='lat' dir='ltr'>passionis,</span> <span class='ocrx_word' id='word_1_194' title='bbox 537 1943 708 1993; x_wconf 90' lang='lat' dir='ltr'>mortis,</span> <span class='ocrx_word' id='word_1_195' title='bbox 735 1943 1079 1987; x_wconf 90' lang='lat' dir='ltr'>resurrectionis</span> <span class='ocrx_word' id='word_1_196' title='bbox 1108 1943 1182 1989; x_wconf 59' lang='lat' dir='ltr'>X}</span> <span class='ocrx_word' id='word_1_197' title='bbox 1210 1958 1317 1987; x_wconf 84' lang='lat' dir='ltr'>vero</span> <span class='ocrx_word' id='word_1_198' title='bbox 1347 1944 1483 1987; x_wconf 92' lang='lat' dir='ltr'>corde</span> <span class='ocrx_word' id='word_1_199' title='bbox 1516 1952 1561 1988; x_wconf 88' lang='lat' dir='ltr'>et</span> <span class='ocrx_word' id='word_1_200' title='bbox 1583 1943 1744 2000; x_wconf 74' lang='lat' dir='ltr'>spiritu</span> <span class='ocrx_word' id='word_1_201' title='bbox 1774 1958 1911 2000; x_wconf 88' lang='lat' dir='ltr'>pene-</span> 
     </span>
     <span class='ocr_line' id='line_1_24' title="bbox 274 2017 1913 2072; baseline 0.002 -14"><span class='ocrx_word' id='word_1_202' title='bbox 274 2025 377 2069; x_wconf 86' lang='lat' dir='ltr'>trat,</span> <span class='ocrx_word' id='word_1_203' title='bbox 404 2017 505 2072; x_wconf 86' lang='lat' dir='ltr'>quis</span> <span class='ocrx_word' id='word_1_204' title='bbox 535 2018 621 2061; x_wconf 88' lang='lat' dir='ltr'>illis</span> <span class='ocrx_word' id='word_1_205' title='bbox 658 2018 883 2062; x_wconf 89' lang='lat' dir='ltr'>excitatur.</span> <span class='ocrx_word' id='word_1_206' title='bbox 922 2020 977 2061; x_wconf 87' lang='lat' dir='ltr'>ad</span> <span class='ocrx_word' id='word_1_207' title='bbox 1015 2019 1311 2062; x_wconf 90' lang='lat' dir='ltr'>imitationem</span> <span class='ocrx_word' id='word_1_208' title='bbox 1346 2027 1391 2063; x_wconf 93' lang='lat' dir='ltr'>et</span> <span class='ocrx_word' id='word_1_209' title='bbox 1430 2021 1484 2062; x_wconf 86' lang='lat' dir='ltr'>ad</span> <span class='ocrx_word' id='word_1_210' title='bbox 1507 2019 1646 2062; x_wconf 88' lang='lat' dir='ltr'>vitam</span> <span class='ocrx_word' id='word_1_211' title='bbox 1686 2020 1729 2063; x_wconf 91' lang='lat' dir='ltr'>in</span> <span class='ocrx_word' id='word_1_212' title='bbox 1754 2020 1913 2064; x_wconf 82' lang='lat' dir='ltr'>melius</span> 
     </span>
     <span class='ocr_line' id='line_1_25' title="bbox 271 2095 1912 2150; baseline 0.002 -15"><span class='ocrx_word' id='word_1_213' title='bbox 271 2095 662 2136; x_wconf 81' lang='lat' dir='ltr'>commutandam?</span> <span class='ocrx_word' id='word_1_214' title='bbox 687 2095 911 2139; x_wconf 83' lang='lat' dir='ltr'>Breuiter:</span> <span class='ocrx_word' id='word_1_215' title='bbox 934 2095 1141 2138; x_wconf 88' lang='lat' dir='ltr'>videmus</span> <span class='ocrx_word' id='word_1_216' title='bbox 1171 2097 1264 2139; x_wconf 86' lang='lat' dir='ltr'>fere</span> <span class='ocrx_word' id='word_1_217' title='bbox 1293 2096 1441 2140; x_wconf 89' lang='lat' dir='ltr'>iacere</span> <span class='ocrx_word' id='word_1_218' title='bbox 1471 2096 1739 2150; x_wconf 87' lang='lat' dir='ltr'>orationem,</span> <span class='ocrx_word' id='word_1_219' title='bbox 1766 2098 1912 2142; x_wconf 88' lang='lat' dir='ltr'>deuo-</span> 
     </span>
     <span class='ocr_line' id='line_1_26' title="bbox 275 2170 1914 2230; baseline 0.003 -18"><span class='ocrx_word' id='word_1_220' title='bbox 275 2170 442 2213; x_wconf 92' lang='lat' dir='ltr'>tionem</span> <span class='ocrx_word' id='word_1_221' title='bbox 482 2171 670 2226; x_wconf 79' lang='lat' dir='ltr'>periise,</span> <span class='ocrx_word' id='word_1_222' title='bbox 716 2172 1147 2228; x_wconf 88' lang='lat' dir='ltr'>contemplationem</span> <span class='ocrx_word' id='word_1_223' title='bbox 1187 2173 1411 2230; x_wconf 82' lang='lat' dir='ltr'>ignorari,</span> <span class='ocrx_word' id='word_1_224' title='bbox 1453 2189 1615 2218; x_wconf 86' lang='lat' dir='ltr'>sensus</span> <span class='ocrx_word' id='word_1_225' title='bbox 1658 2174 1914 2230; x_wconf 84' lang='lat' dir='ltr'>spirituales</span> 
     </span>
     <span class='ocr_line' id='line_1_27' title="bbox 274 2248 1915 2307; baseline 0.003 -17"><span class='ocrx_word' id='word_1_226' title='bbox 274 2248 475 2298; x_wconf 86' lang='lat' dir='ltr'>exulare,</span> <span class='ocrx_word' id='word_1_227' title='bbox 503 2263 602 2291; x_wconf 88' lang='lat' dir='ltr'>esse</span> <span class='ocrx_word' id='word_1_228' title='bbox 626 2249 717 2292; x_wconf 88' lang='lat' dir='ltr'>fere</span> <span class='ocrx_word' id='word_1_229' title='bbox 743 2249 968 2304; x_wconf 82' lang='lat' dir='ltr'>xpianos.,</span> <span class='ocrx_word' id='word_1_230' title='bbox 995 2250 1129 2293; x_wconf 89' lang='lat' dir='ltr'>etiam</span> <span class='ocrx_word' id='word_1_231' title='bbox 1148 2250 1225 2305; x_wconf 92' lang='lat' dir='ltr'>qui</span> <span class='ocrx_word' id='word_1_232' title='bbox 1242 2251 1348 2294; x_wconf 91' lang='lat' dir='ltr'>boni</span> <span class='ocrx_word' id='word_1_233' title='bbox 1368 2252 1610 2303; x_wconf 90' lang='lat' dir='ltr'>habentur,</span> <span class='ocrx_word' id='word_1_234' title='bbox 1637 2251 1915 2307; x_wconf 84' lang='lat' dir='ltr'>speculatiue</span> 
     </span>
     <span class='ocr_line' id='line_1_28' title="bbox 275 2323 1911 2384; baseline 0.004 -18"><span class='ocrx_word' id='word_1_235' title='bbox 275 2323 374 2379; x_wconf 83' lang='lat' dir='ltr'>pios</span> <span class='ocrx_word' id='word_1_236' title='bbox 397 2332 440 2368; x_wconf 91' lang='lat' dir='ltr'>et</span> <span class='ocrx_word' id='word_1_237' title='bbox 465 2326 643 2368; x_wconf 89' lang='lat' dir='ltr'>effoete.</span> <span class='ocrx_word' id='word_1_238' title='bbox 671 2326 827 2368; x_wconf 88' lang='lat' dir='ltr'>Voluit</span> <span class='ocrx_word' id='word_1_239' title='bbox 851 2326 993 2381; x_wconf 90' lang='lat' dir='ltr'>igitur</span> <span class='ocrx_word' id='word_1_240' title='bbox 1015 2328 1142 2370; x_wconf 90' lang='lat' dir='ltr'>Deus</span> <span class='ocrx_word' id='word_1_241' title='bbox 1165 2342 1244 2383; x_wconf 89' lang='lat' dir='ltr'>per</span> <span class='ocrx_word' id='word_1_242' title='bbox 1274 2328 1488 2370; x_wconf 86' lang='lat' dir='ltr'>exercitia</span> <span class='ocrx_word' id='word_1_243' title='bbox 1511 2328 1761 2384; x_wconf 85' lang='lat' dir='ltr'>spiritualia</span> <span class='ocrx_word' id='word_1_244' title='bbox 1784 2344 1911 2384; x_wconf 90' lang='lat' dir='ltr'>prae-</span> 
     </span>
     <span class='ocr_line' id='line_1_29' title="bbox 271 2400 1563 2458; baseline 0.005 -16"><span class='ocrx_word' id='word_1_245' title='bbox 271 2400 434 2443; x_wconf 84' lang='lat' dir='ltr'>sidium</span> <span class='ocrx_word' id='word_1_246' title='bbox 458 2403 618 2446; x_wconf 87' lang='lat' dir='ltr'>afferre</span> <span class='ocrx_word' id='word_1_247' title='bbox 642 2403 749 2444; x_wconf 88' lang='lat' dir='ltr'>huic</span> <span class='ocrx_word' id='word_1_248' title='bbox 774 2403 888 2458; x_wconf 87' lang='lat' dir='ltr'>parti</span> <span class='ocrx_word' id='word_1_249' title='bbox 913 2419 1023 2448; x_wconf 90' lang='lat' dir='ltr'>suae</span> <span class='ocrx_word' id='word_1_250' title='bbox 1045 2405 1265 2448; x_wconf 87' lang='lat' dir='ltr'>ecclesiae</span> <span class='ocrx_word' id='word_1_251' title='bbox 1287 2411 1303 2430; x_wconf 79' lang='lat'><em>0</em></span> <span class='ocrx_word' id='word_1_252' title='bbox 1326 2405 1563 2448; x_wconf 88' lang='lat' dir='ltr'>laboranti.</span> 
     </span>
    </p>

    <p class='ocr_par' dir='ltr' id='par_1_3' title="bbox 272 2477 1914 2845">
     <span class='ocr_line' id='line_1_30' title="bbox 360 2477 1913 2539; baseline 0.003 -18"><span class='ocrx_word' id='word_1_253' title='bbox 360 2477 512 2522; x_wconf 88' lang='lat' dir='ltr'>Dicas:</span> <span class='ocrx_word' id='word_1_254' title='bbox 539 2478 726 2521; x_wconf 86' lang='lat' dir='ltr'>nimium</span> <span class='ocrx_word' id='word_1_255' title='bbox 752 2481 837 2522; x_wconf 90' lang='lat' dir='ltr'>hoc</span> <span class='ocrx_word' id='word_1_256' title='bbox 856 2481 940 2523; x_wconf 92' lang='lat' dir='ltr'>erit</span> <span class='ocrx_word' id='word_1_257' title='bbox 963 2496 1199 2538; x_wconf 84' lang='lat' dir='ltr'>arrogans,</span> <span class='ocrx_word' id='word_1_258' title='bbox 1219 2481 1256 2524; x_wconf 93' lang='lat' dir='ltr'>si</span> <span class='ocrx_word' id='word_1_259' title='bbox 1282 2483 1593 2538; x_wconf 87' lang='lat' dir='ltr'>praedicamus</span> <span class='ocrx_word' id='word_1_260' title='bbox 1620 2498 1706 2527; x_wconf 89' lang='lat' dir='ltr'>nos</span> <span class='ocrx_word' id='word_1_261' title='bbox 1729 2498 1806 2539; x_wconf 90' lang='lat' dir='ltr'>per</span> <span class='ocrx_word' id='word_1_262' title='bbox 1831 2499 1913 2526; x_wconf 90' lang='lat' dir='ltr'>no-</span> 
     </span>
     <span class='ocr_line' id='line_1_31' title="bbox 273 2555 1914 2617; baseline 0.004 -21"><span class='ocrx_word' id='word_1_263' title='bbox 273 2562 365 2597; x_wconf 68' lang='lat' dir='ltr'>stra</span> <span class='ocrx_word' id='word_1_264' title='bbox 387 2555 602 2598; x_wconf 91' lang='lat' dir='ltr'>exercitia</span> <span class='ocrx_word' id='word_1_265' title='bbox 626 2556 786 2599; x_wconf 90' lang='lat' dir='ltr'>fulcire</span> <span class='ocrx_word' id='word_1_266' title='bbox 805 2557 1030 2600; x_wconf 86' lang='lat' dir='ltr'>labantem</span> <span class='ocrx_word' id='word_1_267' title='bbox 1049 2558 1314 2602; x_wconf 90' lang='lat' dir='ltr'>orationem.</span> <span class='ocrx_word' id='word_1_268' title='bbox 1338 2561 1439 2602; x_wconf 92' lang='lat' dir='ltr'>Hoc</span> <span class='ocrx_word' id='word_1_269' title='bbox 1457 2561 1589 2603; x_wconf 91' lang='lat' dir='ltr'>nobis</span> <span class='ocrx_word' id='word_1_270' title='bbox 1611 2575 1701 2602; x_wconf 88' lang='lat' dir='ltr'>non</span> <span class='ocrx_word' id='word_1_271' title='bbox 1725 2575 1914 2617; x_wconf 86' lang='lat' dir='ltr'>arroga-</span> 
     </span>
     <span class='ocr_line' id='line_1_32' title="bbox 272 2631 1909 2693; baseline 0.005 -21"><span class='ocrx_word' id='word_1_272' title='bbox 272 2646 389 2684; x_wconf 70' lang='lat' dir='ltr'>mus,</span> <span class='ocrx_word' id='word_1_273' title='bbox 416 2631 613 2675; x_wconf 85' lang='lat' dir='ltr'>diximus</span> <span class='ocrx_word' id='word_1_274' title='bbox 635 2632 772 2685; x_wconf 90' lang='lat' dir='ltr'>enim,</span> <span class='ocrx_word' id='word_1_275' title='bbox 798 2647 888 2675; x_wconf 91' lang='lat' dir='ltr'>non</span> <span class='ocrx_word' id='word_1_276' title='bbox 913 2642 1088 2677; x_wconf 83' lang='lat' dir='ltr'>tantum</span> <span class='ocrx_word' id='word_1_277' title='bbox 1113 2642 1266 2678; x_wconf 85' lang='lat' dir='ltr'>nostra</span> <span class='ocrx_word' id='word_1_278' title='bbox 1289 2636 1503 2680; x_wconf 88' lang='lat' dir='ltr'>exercitia</span> <span class='ocrx_word' id='word_1_279' title='bbox 1526 2636 1784 2693; x_wconf 88' lang='lat' dir='ltr'>intelligere</span> <span class='ocrx_word' id='word_1_280' title='bbox 1807 2652 1909 2688; x_wconf 86' lang='lat' dir='ltr'>nos,</span> 
     </span>
     <span class='ocr_line' id='line_1_33' title="bbox 275 2709 1913 2768; baseline 0.004 -19"><span class='ocrx_word' id='word_1_281' title='bbox 275 2709 354 2750; x_wconf 67' lang='lat' dir='ltr'>sed</span> <span class='ocrx_word' id='word_1_282' title='bbox 376 2710 486 2752; x_wconf 89' lang='lat' dir='ltr'>haec</span> <span class='ocrx_word' id='word_1_283' title='bbox 511 2709 750 2765; x_wconf 88' lang='lat' dir='ltr'>praecipue</span> <span class='ocrx_word' id='word_1_284' title='bbox 773 2724 856 2752; x_wconf 89' lang='lat' dir='ltr'>nos</span> <span class='ocrx_word' id='word_1_285' title='bbox 878 2711 1121 2766; x_wconf 86' lang='lat' dir='ltr'>amplexari</span> <span class='ocrx_word' id='word_1_286' title='bbox 1144 2719 1189 2755; x_wconf 90' lang='lat' dir='ltr'>et</span> <span class='ocrx_word' id='word_1_287' title='bbox 1219 2726 1452 2768; x_wconf 87' lang='lat' dir='ltr'>vsurpare,</span> <span class='ocrx_word' id='word_1_288' title='bbox 1486 2727 1634 2768; x_wconf 89' lang='lat' dir='ltr'>neque</span> <span class='ocrx_word' id='word_1_289' title='bbox 1661 2714 1718 2756; x_wconf 90' lang='lat' dir='ltr'>de</span> <span class='ocrx_word' id='word_1_290' title='bbox 1748 2714 1913 2757; x_wconf 78' lang='lat' dir='ltr'>nostris</span> 
     </span>
     <span class='ocr_line' id='line_1_34' title="bbox 272 2784 1911 2845; baseline 0.004 -20"><span class='ocrx_word' id='word_1_291' title='bbox 272 2784 410 2836; x_wconf 83' lang='lat' dir='ltr'>aliud,</span> <span class='ocrx_word' id='word_1_292' title='bbox 437 2799 571 2840; x_wconf 90' lang='lat' dir='ltr'>quarn</span> <span class='ocrx_word' id='word_1_293' title='bbox 593 2800 830 2829; x_wconf 89' lang='lat' dir='ltr'>narramus</span> <span class='ocrx_word' id='word_1_294' title='bbox 853 2785 1103 2830; x_wconf 88' lang='lat' dir='ltr'>historiam.</span> <span class='ocrx_word' id='word_1_295' title='bbox 1131 2789 1165 2830; x_wconf 91' lang='lat' dir='ltr'>F</span> <span class='ocrx_word' id='word_1_296' title='bbox 1169 2787 1260 2831; x_wconf 89' lang='lat' dir='ltr'>axit</span> <span class='ocrx_word' id='word_1_297' title='bbox 1285 2789 1409 2831; x_wconf 90' lang='lat' dir='ltr'>Deus</span> <span class='ocrx_word' id='word_1_298' title='bbox 1432 2796 1479 2830; x_wconf 87' lang='lat' dir='ltr'>vt</span> <span class='ocrx_word' id='word_1_299' title='bbox 1508 2789 1582 2832; x_wconf 89' lang='lat' dir='ltr'>alii</span> <span class='ocrx_word' id='word_1_300' title='bbox 1607 2789 1911 2845; x_wconf 85' lang='lat' dir='ltr'>praestantio-</span> 
     </span>
    </p>
   </div>
   <div class='ocr_carea' id='block_1_3' title="bbox 349 2904 556 2908">
    <p class='ocr_par' dir='ltr' id='par_1_4' title="bbox 349 2904 556 2908">
     <span class='ocr_line' id='line_1_35' title="bbox 349 2904 556 2908; baseline 0 0"><span class='ocrx_word' id='word_1_301' title='bbox 349 2904 556 2908; x_wconf 95' lang='lat' dir='ltr'> </span> 
     </span>
    </p>
   </div>
   <div class='ocr_carea' id='block_1_4' title="bbox 270 2969 1915 3064">
    <p class='ocr_par' dir='ltr' id='par_1_5' title="bbox 270 2969 1915 3064">
     <span class='ocr_line' id='line_1_36' title="bbox 345 2969 1915 3021; baseline 0.005 -18"><span class='ocrx_word' id='word_1_302' title='bbox 345 2980 360 2994; x_wconf 50' lang='grc' dir='ltr'>-Ἰ</span> <span class='ocrx_word' id='word_1_303' title='bbox 412 2969 496 3004; x_wconf 88' lang='lat' dir='ltr'>Hoc</span> <span class='ocrx_word' id='word_1_304' title='bbox 522 2971 642 3005; x_wconf 89' lang='lat' dir='ltr'>verbo</span> <span class='ocrx_word' id='word_1_305' title='bbox 662 2970 736 3005; x_wconf 91' lang='lat' dir='ltr'>inc.</span> <span class='ocrx_word' id='word_1_306' title='bbox 763 2970 969 3018; x_wconf 85' lang='lat' dir='ltr'>quaternio</span> <span class='ocrx_word' id='word_1_307' title='bbox 987 2982 1061 3016; x_wconf 51' lang='lat'>9³¹&gt;</span> <span class='ocrx_word' id='word_1_308' title='bbox 1115 2974 1178 3000; x_wconf 83' lang='lat' dir='ltr'>—b</span> <span class='ocrx_word' id='word_1_309' title='bbox 1206 2971 1385 3009; x_wconf 87' lang='lat' dir='ltr'>Obscure</span> <span class='ocrx_word' id='word_1_310' title='bbox 1405 2974 1607 3021; x_wconf 87' lang='lat' dir='ltr'>scriptum.</span> <span class='ocrx_word' id='word_1_311' title='bbox 1661 2985 1723 3002; x_wconf 83' lang='lat' dir='ltr'>——c</span> <span class='ocrx_word' id='word_1_312' title='bbox 1751 2976 1793 3010; x_wconf 86' lang='lat' dir='ltr'>in</span> <span class='ocrx_word' id='word_1_313' title='bbox 1817 2987 1915 3011; x_wconf 83' lang='lat' dir='ltr'>suae</span> 
     </span>
     <span class='ocr_line' id='line_1_37' title="bbox 270 3027 545 3064; baseline 0.015 -4"><span class='ocrx_word' id='word_1_314' title='bbox 270 3027 455 3063; x_wconf 78' lang='lat' dir='ltr'>ecclesiae</span> <span class='ocrx_word' id='word_1_315' title='bbox 477 3040 545 3064; x_wconf 89' lang='lat' dir='ltr'>ms.</span> 
     </span>
    </p>
   </div>
  </div>
 </body>
</html>
