2028 3426
682 275 1017 310 INSTRUCTIONES
1026 273 1107 308 -61
1596 272 1663 318 365

33 429 35 431 -
85 373 156 416 uis
183 387 338 416 eorum
367 373 662 417 ministerium
687 375 880 429 pendeat
909 389 933 416 a
964 373 1223 430 particulari
1245 372 1544 417 instructione
1568 388 1712 429 gene-

86 449 191 492 ralis
213 449 470 505 praepositi,
496 457 686 505 possunt
710 457 859 494 tamen
883 451 1102 494 nonnulla
1124 448 1348 501 annotari,
1370 463 1485 504 quae
1504 463 1711 492 commu-

87 525 201 569 niter
226 526 384 570 iuuare
411 534 623 582 poterunt
651 527 1024 570 commissarium.
1059 526 1195 570 Varia
1223 526 1405 581 quidem
1435 540 1534 569 esse
1564 534 1711 581 potest

84 602 197 645 ratio
216 603 639 655 co1nmissariorum;
660 604 715 645 de
738 618 793 645 eo
812 611 963 648 tamen
986 618 1171 660 genere,
1194 604 1315 658 quod
1338 603 1561 645 hactenus
1579 609 1646 646 est
1664 602 1710 646 in

83 679 314 723 Societate
336 679 566 731 vsitatum,
592 680 786 722 dicetur.

173 755 386 799 Officium
418 756 558 811 igitur
588 756 882 799 commissarii
920 757 965 799 in
991 746 1088 799 >hoc
1105 739 1323 812 ¹positum
1360 763 1451 808 est,
1493 757 1613 811 quod
1652 757 1709 797 ad

37 879 49 883 x
83 832 339 874 communia
360 832 538 885 attinet,
565 832 617 888 (si
640 833 909 888 compendio
932 833 1173 876 dicendum
1197 833 1281 889 est)
1300 841 1347 875 vt
1365 832 1709 888 superintendat

84 909 264 951 nomine
292 909 516 965 generalis
539 909 779 965 praepositi
810 910 1097 965 pro2uir1ciae
1125 911 1198 954 vel
1219 909 1466 966 prouinciis
1495 909 1557 951 illi
1587 924 1709 952 com-

85 984 232 1027 missis
254 993 298 1027 et
320 999 476 1028 eorum
499 986 851 1041 prouincialibus
874 994 919 1030 et
941 987 1038 1029 aliis
1065 987 1276 1029 omnibus
1304 987 1376 1029 vel
1403 986 1609 1042 personis
1640 986 1710 1028 vel

84 1063 235 1113 rebus,
267 1069 312 1104 et
340 1062 464 1105 vniat
491 1064 604 1105 haec
627 1063 743 1105 inter
764 1077 829 1114 se,
855 1070 900 1106 et
922 1078 1024 1105 curn
1047 1063 1249 1119 generali
1273 1063 1526 1119 praeposito
1549 1077 1601 1105 ac
1625 1064 1710 1107 So-

26 1179 36 1193 x
81 1138 258 1181 cietate:
285 1153 356 1181 res
378 1154 502 1193 vero,
530 1155 640 1195 quas
663 1139 724 1181 illi
747 1139 1076 1195 particulariter
1099 1140 1373 1183 commiserit
1391 1139 1634 1196 generalis,
1660 1146 1709 1181 vt

83 1220 243 1257 tractet
265 1215 518 1271 diligenter.

170 1290 400 1334 Diuiditur
422 1299 572 1335 autem
597 1292 890 1335 commissarii
912 1292 1108 1335 officium
1131 1292 1176 1334 in
1199 1295 1313 1336 duas
1334 1300 1501 1349 partes:
1527 1308 1618 1335 vna
1641 1300 1709 1337 est

82 1367 167 1410 sita
189 1367 235 1410 in
257 1367 529 1412 visitatione:
554 1369 639 1412 alia
661 1369 706 1411 in
735 1369 1081 1425 gubernatione.
1113 1369 1229 1412 Nam
1260 1377 1367 1412 sunt
1395 1370 1706 1421 commissarii,

82 1443 160 1498 qui
183 1451 232 1486 vt
255 1444 509 1487 visitatores
533 1445 790 1498 mittuntur,
820 1454 879 1496 et,
906 1445 1097 1488 visitatis
1120 1446 1382 1502 prouinciis,
1409 1446 1566 1488 nullibi
1597 1446 1708 1489 res'i-

79 1522 206 1574 dent;
232 1522 312 1564 sed
336 1523 527 1565 redeunt
549 1523 605 1564 ad
628 1524 905 1579 generalem.

127 1647 129 1651 ⁴
169 1598 274 1651 Alii,
299 1599 492 1642 visitatis
514 1599 778 1655 prouinciis,
804 1615 858 1642 ex
882 1599 989 1655 ipsis
1010 1614 1101 1642 non
1124 1600 1367 1644 decedunt.

169 1675 347 1731 Scripta
369 1683 475 1718 sunt
492 1677 608 1720 haec
627 1684 731 1719 ante
749 1685 832 1719 2³0
850 1677 1218 1733 congregationis
1236 1692 1472 1730 canonem,
1495 1685 1539 1720 et
1557 1685 1707 1720 tamen

81 1751 193 1794 nihil
216 1759 422 1809 pugnant
445 1767 547 1795 cum
570 1753 646 1795 illo
675 1764 723 1808 15
749 1767 922 1797 canone
949 1755 975 1796 ¹.
1004 1753 1052 1797 Si
1070 1754 1275 1798 videatur
1292 1754 1548 1810 praeposito
1566 1768 1707 1810 gene-

81 1829 178 1881 rali,
203 1838 252 1871 vt
279 1837 380 1885 post
408 1829 708 1873 visitationem
738 1830 1073 1873 commissarius
1102 1831 1251 1886 aliquo
1279 1838 1482 1886 tempore
1513 1831 1707 1875 resideat

80 1905 125 1948 in
149 1905 394 1961 prouincia,
421 1914 466 1949 et
487 1906 549 1948 illi
578 1906 936 1963 superintendat,
971 1907 1007 1949 si
1035 1921 1126 1949 non
1155 1907 1342 1958 diutius,
1374 1908 1532 1951 saltem
1562 1909 1707 1951 donec

81 1997 149 2034 ea,
181 1997 297 2037 quae
327 1983 628 2039 praescripsit,
664 1983 815 2027 videat
847 1999 946 2028 esse
978 1984 1234 2027 executioni
1271 1985 1508 2037 mandata3
1541 1984 1707 2028 etenim

81 2060 158 2103 fiet
181 2059 209 2103 3
232 2061 321 2102 hoc
342 2075 432 2102 non
456 2061 552 2104 sine
575 2061 843 2105 necessitate
865 2063 938 2104 vel
959 2062 1114 2118 magni
1133 2061 1348 2105 momenti
1370 2061 1578 2114 vtilitate3
1606 2060 1707 2116 qui-

81 2137 166 2179 bus
187 2137 447 2179 nominibus
469 2153 524 2181 ex
546 2139 703 2181 eodem
727 2152 900 2183 canone
922 2139 1087 2195 alioqui
1112 2138 1464 2191 commissarius,
1497 2139 1574 2193 qui
1598 2138 1706 2181 resi-

80 2214 199 2264 deat,
224 2212 398 2256 institui
421 2228 446 2256 a
468 2213 669 2269 generali
691 2222 856 2270 potest,
878 2215 955 2270 qui
976 2230 1059 2258 suo
1076 2215 1222 2258 officio
1245 2214 1601 2259 extraordinario
1623 2215 1707 2257 do-

81 2303 164 2331 nec
184 2289 369 2332 arbitrio
392 2290 617 2345 generalis
639 2305 803 2334 causae
825 2291 883 2334 sit
904 2291 1185 2335 satisfactum
1208 2298 1391 2347 propter
1408 2305 1542 2346 quam
1560 2292 1707 2335 fuerat

80 2365 344 2422 designatus
375 2367 641 2425 [fungatur].

170 2442 475 2485 Commissarii
497 2443 693 2487 visitatio
715 2445 771 2487 ad
795 2446 880 2487 hoc
903 2436 1092 2501 spectat,
1114 2453 1177 2498 vt,
1198 2444 1323 2487 iuxta
1346 2444 1603 2487 institutum
1622 2445 1705 2487 So-

80 2517 256 2561 cietatis
283 2527 328 2561 et
356 2519 580 2575 generalis
603 2521 844 2577 praepositi
871 2521 1232 2573 instructionem,
1257 2521 1500 2576 intelligat,
1527 2528 1572 2562 et
1600 2533 1706 2576 pro-

80 2594 253 2650 spiciat,
280 2610 387 2638 num
410 2597 574 2649 omnia,
596 2611 712 2652 quae
733 2597 778 2639 in
803 2598 1037 2653 prouincia
1059 2599 1131 2642 vel
1154 2606 1254 2640 acta
1276 2605 1384 2640 sunt
1411 2598 1483 2641 vel
1506 2603 1707 2652 aguntur

80 2686 106 2713 a
137 2672 318 2726 nostris,
353 2681 477 2717 recte
507 2681 553 2717 et
574 2674 731 2717 ordine
753 2676 966 2727 habeant,
992 2682 1042 2717 vt
1064 2690 1180 2730 quae
1202 2676 1319 2718 bene
1341 2675 1510 2716 habent
1538 2672 1706 2714 confir-

80 2755 188 2801 met,
214 2755 258 2791 et
279 2750 457 2804 probet,
483 2757 619 2806 atque
646 2751 692 2792 in
716 2751 875 2793 melius
898 2753 1137 2807 prouehat3
1164 2765 1280 2805 quae
1304 2765 1450 2800 secus,
1483 2756 1531 2790 vt
1553 2762 1605 2790 ea
1635 2763 1705 2791 re-

79 2832 213 2867 uocet
241 2826 297 2867 ad
319 2827 505 2881 perfecti
532 2827 726 2870 instituti
750 2828 1101 2880 obseruantiam,
1130 2828 1278 2882 quoad
1301 2826 1398 2869 eius
1426 2825 1522 2868 fieri
1545 2824 1702 2879 possit.

167 2901 310 2956 Igitur
341 2909 584 2957 antequam
615 2903 768 2946 veniat
800 2905 856 2946 ad
888 2904 1083 2960 aliquam
1116 2902 1413 2959 prouinciam,
1451 2901 1617 2943 scribat
1648 2899 1705 2941 ad

152 3008 161 3027 ⁴
213 3008 256 3042 In
275 3007 446 3044 editione
464 3010 646 3045 Instituti
665 3011 875 3046 Societatis
884 3011 982 3056 Jesu
1002 3009 1254 3053 (Florentiae,
1277 3006 1492 3052 1892—1893)
1505 3007 1567 3041 hic
1581 3015 1704 3041 canon

15 3106 18 3107 ⁷
79 3066 153 3101 sub
170 3077 209 3100 n.
229 3065 273 3111 35
292 3069 460 3112 positum
480 3074 553 3112 est3
574 3069 691 3114 unde,
711 3069 809 3104 forte
829 3079 956 3104 errore
975 3068 1132 3114 librarii,
1158 3076 1198 3112 15
1218 3078 1285 3113 pro
1304 3065 1347 3110 35
1367 3066 1551 3112 scriptum
1571 3070 1643 3101 est.
