2028 3426
695 201 1126 237 INSTRUCTioNES—61
1611 203 1678 247 583

193 302 450 346 «Adueniat
471 316 664 358 regnum
687 309 860 344 tuum.»
894 302 1044 344 Aliam
1073 301 1175 343 finis
1208 302 1349 344 nostri
1382 311 1569 358 partem,
1610 320 1724 359 quae

101 380 157 422 ad
178 379 433 434 proximum
457 379 633 435 attinet,
658 378 732 421 hic
756 379 1054 434 postulemus3
1081 392 1259 420 omnem
1277 378 1449 421 scilicet
1472 381 1661 424 salutem
1680 388 1725 425 et

99 455 445 510 perfectionem,
482 449 577 498 turn
615 455 660 497 in
699 455 850 507 nobis,
892 463 987 497 tum
1025 454 1070 497 in
1108 455 1333 510 proxim03
1375 456 1462 498 hoc
1500 456 1616 498 enim
1657 465 1724 501 est

99 546 292 588 regnum
314 531 400 576 Dei
422 531 638 585 diuinius,
669 532 706 575 si
739 531 855 588 quis,
893 547 984 575 non
1016 532 1161 574 solum
1185 532 1375 573 salutem
1400 541 1720 587 consequatur,

101 615 194 650 tum
217 607 262 650 in
284 623 350 660 se,
376 615 472 651 tum
496 608 541 651 in
563 609 783 664 proximo,
809 609 889 651 sed
911 608 1046 651 etiam
1071 622 1174 650 curn
1198 609 1342 651 salute
1367 623 1545 650 omnem
1575 610 1721 663 perfe-

97 684 312 728 ctionem.
339 684 483 729 Simul
504 690 710 741 petamus
733 692 838 727 octo
859 684 1178 737 beatitudines,
1212 684 1474 727 nominatim
1508 700 1614 728 vero
1636 700 1721 740 pu-

97 761 274 804 ritatem
300 762 463 805 inentis
486 777 538 805 ac
561 762 778 818 corporis,
803 770 848 805 et
870 761 1089 805 castitatis
1112 755 1456 817 perfectionem.

189 837 313 881 «Fiat
334 839 545 882 voluntas
569 846 670 881 tua»
703 846 789 882 etc.
825 841 1038 882 Petamus
1066 838 1140 880 hic
1168 838 1452 882 obedientiae
1479 838 1720 894 perfectio--

31 939 36 943 ·
94 929 213 968 nem3
240 923 304 968 vt,
331 916 709 970 quemadmodum
736 915 985 967 intellectu,
1017 916 1266 967 voluntate,
1298 915 1601 970 exequutione
1633 916 1718 959 576

94 991 419 1046 perfectissime
441 983 540 1035 Deo
572 991 970 1047 obediunt‘angeli
1002 999 1047 1034 et
1078 991 1221 1033 sancti
1254 991 1298 1032 in
1333 992 1477 1042 coelo,
1517 993 1718 1034 eamdem

94 1082 176 1110 nos
206 1067 491 1112 obedientiae
519 1068 845 1124 perfectionem
872 1082 1215 1124 prosequamur.
1250 1068 1393 1112 Simul
1424 1075 1644 1123 petamus,
1672 1076 1719 1109 vt

93 1144 239 1187 media
262 1145 426 1198 omnia,
452 1160 568 1201 quae
590 1146 646 1188 ad
669 1146 804 1188 finem
829 1153 1031 1187 nostrum
1054 1145 1244 1196 ducunt,
1266 1160 1318 1187 ea
1341 1145 1540 1199 perfecte
1563 1145 1719 1187 diuino

92 1220 258 1264 auxilio
281 1221 568 1277 impleantur.

184 1299 381 1341 «Panem
403 1306 635 1341 nostrum»
662 1306 748 1342 etc.
776 1298 925 1351 Vitae,
953 1306 1048 1341 turn
1073 1298 1346 1354 temporalis,
1381 1308 1474 1340 tum
1504 1298 1715 1353 spiritua—

24 1390 26 1395 ·
90 1374 159 1426 lis,
185 1375 563 1419 sustentationem
586 1382 807 1431 petamus3
834 1375 1122 1430 peculiariter
1143 1390 1250 1418 vero
1280 1375 1409 1418 nobis
1438 1374 1715 1430 paupertatis

88 1451 419 1506 perfectionem
457 1453 756 1508 postulemus;
799 1452 1047 1508 simplicem
1086 1452 1255 1494 victum
1295 1467 1320 1494 a
1357 1454 1457 1495 Deo
1490 1460 1713 1507 optemus,

88 1541 178 1569 non
201 1543 227 1571 e
249 1528 414 1585 nostris
436 1529 582 1581 bonis;
606 1529 734 1573 Deus
757 1529 876 1572 enim
900 1543 983 1571 nos
1006 1528 1083 1571 alit
1105 1544 1160 1572 ex
1174 1526 1463 1584 paupertate,
1496 1543 1628 1583 quam
1653 1528 1715 1570 illi

87 1604 386 1665 sacrauimus.
413 1607 538 1648 Deus
570 1605 701 1648 nobis
736 1606 812 1648 dat
845 1605 1164 1649 eleemosinam
1201 1607 1321 1649 vnde
1359 1605 1582 1648 viuamus.
1626 1608 1714 1648 Pro

38 1665 41 1670 Ι
87 1668 218 1723 nobis
240 1681 363 1734 item,
388 1688 433 1724 et
456 1697 537 1738 pro
560 1682 630 1734 iis,
656 1696 769 1737 quos
792 1682 1018 1738 iuuamus,
1045 1689 1252 1738 petamus
1275 1684 1471 1724 fructum
1496 1698 1550 1725 ex
1573 1682 1714 1725 saeri-

87 1757 191 1800 ficio
226 1765 272 1802 et
304 1768 586 1801 sacramento
620 1758 936 1811 eucharistiae,
972 1760 1093 1814 quod
1126 1758 1172 1800 in
1195 1758 1407 1801 Vniuersa
1430 1758 1618 1802 ecclesia
1641 1772 1713 1802 ca-
1765 1761 1768 1764 ’

88 1834 257 1878 tholica
278 1835 328 1877 fit
357 1842 402 1878 et
430 1837 630 1889 affertur;
664 1835 798 1879 simul
825 1835 1039 1878 orationis
1077 1835 1288 1891 gratiam,
1330 1844 1374 1878 et
1404 1849 1550 1877 rerum
1581 1835 1708 1890 spiri-

86 1910 274 1953 tualium
298 1910 588 1967 prouentum,
613 1912 808 1955 exclusis
831 1912 1154 1969 temporalibus
1177 1912 1402 1963 omnibus,
1424 1927 1502 1967 per
1518 1926 1704 1967 pauper*

14 1982 16 1986 *
56 2033 58 2037 f
86 1994 240 2040 tatem,
266 1995 311 2032 et
333 1988 453 2033 vitae
475 1988 720 2044 spiritualis
742 1989 1084 2044 perfectionem.

171 2065 258 2108 577
295 2067 377 2107 «Et
409 2065 585 2107 dimitte
607 2065 761 2109 nobis»
795 2073 882 2109 etc.
915 2065 1005 2108 Hic
1026 2079 1263 2121 precamur
1292 2065 1469 2109 veniam
1499 2073 1712 2120 peccato-

83 2155 198 2193 rum,
224 2156 318 2184 non
340 2149 596 2184 nostrorum
619 2149 663 2184 et
685 2141 885 2185 omnium
919 2142 1081 2194 solum,
1113 2143 1193 2186 sed
1221 2156 1377 2184 eorum
1407 2140 1708 2196 peculiariter,

85 2231 197 2272 quos
215 2218 503 2273 peculiariter
525 2219 745 2262 habemus
773 2220 1130 2270 commendatos,
1155 2225 1201 2261 et
1229 2233 1343 2273 quos
1374 2217 1540 2260 nostris
1578 2217 1711 2259 mini-

84 2293 230 2338 Steriis
262 2294 486 2337 iuuandos
518 2295 816 2351 suscepimus.
845 2296 1152 2338 Obsecramus
1180 2295 1330 2354 simul,
1358 2302 1405 2336 vt
1435 2303 1479 2337 et
1507 2294 1552 2335 in
1582 2293 1710 2335 nobis

84 2377 128 2414 et
151 2370 197 2413 in
219 2371 435 2427 proximis
464 2372 575 2414 fiant
603 2378 785 2414 nostrae
815 2372 1033 2424 actiones,
1065 2386 1176 2426 quas
1208 2385 1489 2423 exercemus,
1516 2371 1571 2412 ad
1605 2384 1709 2425 poe-

84 2446 301 2491 nitentiae
329 2448 710 2503 praedicationem
734 2455 779 2491 et
801 2448 887 2491 alia
910 2447 1157 2491 ministeria
1174 2448 1400 2490 efficaces.

177 2525 259 2567 «Et
286 2540 343 2568 ne
373 2539 456 2567 nos
484 2524 698 2568 inducas»
740 2532 828 2569 etc.
860 2525 1045 2568 Nullum
1076 2540 1101 2567 a
1135 2524 1385 2567 tentatione
1414 2523 1534 2565 sinas
1568 2536 1706 2577 expu-

84 2601 231 2656 gnari,
256 2616 405 2656 neque
427 2616 509 2644 nos
531 2601 766 2657 permittas
794 2617 819 2645 a
850 2601 1101 2645 tentatione
1129 2615 1284 2644 earum
1313 2614 1480 2650 rerum,
1507 2613 1617 2652 quas
1640 2612 1710 2640 re-

83 2676 296 2732 liquimus
318 2693 398 2734 per
419 2678 702 2721 vocationem
725 2685 771 2721 et
793 2684 947 2721 nostra
973 2685 1096 2730 vota,
1121 2678 1193 2721 vel
1222 2678 1278 2719 ab
1306 2676 1391 2718 alia
1420 2675 1580 2729 quauis
1610 2681 1708 2716 ten-

86 2753 255 2798 tation‘e
277 2755 495 2811 superari,
520 2756 600 2798 sed
624 2756 762 2798 facias
784 2755 830 2797 in
853 2754 1102 2797 tentatione
1120 2759 1407 2809 prouentum,
1431 2759 1474 2794 et
1492 2751 1708 2793 confirma

85 2845 166 2873 nos
187 2830 234 2874 in
256 2839 414 2875 nostra
442 2832 681 2887 vocatione
708 2840 754 2875 et
792 2832 955 2888 gratia:
983 2831 1122 2873 facias
1156 2830 1262 2873 item
1301 2843 1383 2871 nos
1412 2829 1633 2878 efficaces,
1660 2835 1708 2869 vt

85 2906 272 2950 aliorum
295 2908 568 2952 tentationes
590 2910 801 2953 sedemus
824 2915 869 2952 et
891 2894 1146 2963 abigamus

176 2985 291 3028 «Sed
312 2984 452 3029 libera
470 2999 579 3028 nos»
601 2986 691 3028 etc.
713 2986 803 3029 Sed
823 2992 1012 3041 protege
1030 2991 1165 3039 atque
1183 2982 1305 3038 eripe
1323 2988 1368 3023 et
1385 2996 1467 3023 nos
1485 2987 1529 3025 et
1548 2994 1706 3023 omnes
