2028 3426
379 238 640 275 TRACTATUS
667 244 722 271 DE
748 243 1074 271 TRADITIONIBUS
1103 234 1448 270 SOCIETAris-oR
1611 236 1682 280 619

187 342 256 395 38.
323 339 518 395 Spiritus
542 337 782 382 Societatis
806 338 937 392 plena
955 335 1203 390 resignatio
1222 335 1265 376 in
1286 335 1526 378 viuacitate
1545 336 1730 391 spiritus

96 426 141 461 et
164 417 330 460 vnione
352 416 494 472 ipsius
516 415 561 458 in
585 417 732 458 Deum
756 428 860 456 curn
881 412 1079 456 Christo.
1101 413 1259 466 Itaque
1277 412 1389 453 nihil
1408 414 1543 455 habet
1563 413 1729 467 proprii

97 509 273 547 sensus,
307 493 383 548 qui
414 491 665 536 uere-uiuit
692 491 738 533 in
768 490 1011 540 Societate,
1047 489 1120 530 uel
1150 488 1285 531 etiam
1326 488 1631 530 inclinationis
1664 490 1734 529 vel

99 572 232 614 sentit
252 571 321 613 vel
342 571 561 626 sequitur,
584 568 670 611 nisi
694 582 784 623 quo
812 566 950 609 sentit
978 565 1185 608 inclinari
1213 565 1506 620 superiorem3
1538 564 1582 606 id
1613 565 1732 607 enim

99 648 136 691 si
158 647 339 699 sentiat,
364 646 441 688 illo
465 653 559 688 toto
582 645 732 687 animo
754 646 897 687 fertur
919 657 1022 685 curn
1053 643 1185 697 plena
1207 641 1431 693 libertate;
1463 655 1653 682 rursmn
1677 642 1732 683 ad

99 725 221 768 aliud
258 723 469 779 quoduis,
510 724 550 764 si
584 722 697 764 illud
735 720 962 777 significet
1000 733 1156 761 rursus
1188 718 1407 774 superior.
1446 719 1560 760 Tum
1600 717 1732 760 etiam

100 802 273 844 nullum
303 807 422 843 amat
450 807 676 843 secretum
706 799 889 849 habere,
922 811 1005 840 nec
1035 796 1080 838 in
1110 810 1193 838 sua
1231 794 1524 846 conscientia,
1566 809 1649 836 nec
1688 794 1733 835 in

101 877 375 929 actionibus,
407 891 491 919 nec
519 883 655 928 amat,
687 875 891 930 accipere
920 880 1162 924 secretum,
1195 879 1509 928 praeterquam
1540 871 1587 913 in
1622 885 1733 913 con—

104 945 315 1007 fessione,
342 954 465 1009 quod
491 968 580 995 non
605 952 746 1008 possit
769 950 989 1007 superiori
1011 949 1252 1005 explicare.

193 1045 263 1088 39.
329 1030 660 1073 Fortitudinem
685 1029 823 1072 habet
845 1041 1059 1083 magnam
1079 1026 1284 1070 Societas
1300 1025 1345 1067 in
1363 1025 1457 1068 suis
1474 1024 1735 1067 ministeriis

104 1123 155 1151 ac
186 1109 321 1151 rebus
350 1106 563 1163 gerendis
592 1105 662 1148 sui
693 1104 887 1148 instituti
917 1105 973 1146 ad
1001 1103 1223 1146 iuuandas
1253 1102 1442 1153 animas,
1475 1108 1519 1145 et
1557 1103 1673 1143 hanc
1712 1116 1735 1142 a

103 1186 211 1237 fine,
239 1185 316 1240 qui
338 1184 662 1240 perfectionem
687 1181 1004 1243 complectitur
1026 1179 1258 1224 charitatis
1280 1179 1325 1221 in
1349 1179 1549 1221 Christo.

194 1274 265 1315 40.
332 1261 487 1303 Habet
503 1260 756 1303 libertatem
776 1259 1001 1314 quandam
1021 1256 1205 1313 spiritus
1222 1254 1515 1311 superiorem,
1540 1261 1588 1296 ut
1608 1254 1736 1298 facile

107 1338 165 1381 sit
187 1340 335 1382 Deum
358 1336 581 1388 inuenire,
608 1338 696 1378 hoc
719 1342 804 1388 est,
830 1334 1119 1379 deuotionem
1149 1340 1286 1388 atque
1307 1332 1443 1375 animi
1466 1332 1662 1386 quietern
1693 1332 1737 1372 in

107 1418 222 1467 Deo,
249 1422 344 1457 tum
367 1413 502 1458 etiam
526 1412 950 1468 contemplationem
974 1411 1019 1453 in
1043 1410 1180 1453 rebus
1203 1409 1414 1453 omnibus
1437 1419 1468 1450 ³.

196 1505 269 1546 41.
336 1492 488 1535 Habet
511 1489 760 1533 claritatem
784 1489 829 1530 in
852 1489 1004 1540 rebus,
1032 1494 1080 1530 ut
1103 1486 1214 1528 nihil
1237 1486 1444 1529 uideatur
1467 1499 1567 1528 esse
1590 1483 1738 1539 tnagis

109 1571 165 1612 ab
189 1569 413 1624 scrupulis
435 1568 647 1610 alienum.
1605 1564 1608 1568 ⁴

201 1659 272 1699 42.
339 1644 555 1700 Sequitur
591 1658 700 1706 uero
743 1642 789 1685 in
831 1641 926 1685 suis
968 1641 1249 1692 actionibus,
1290 1648 1334 1683 et
1378 1638 1613 1694 coniungit
1659 1637 1741 1679 tria

111 1722 344 1780 principia:
371 1721 595 1771 diuinum,
621 1719 995 1772 ecclesiasticum,
1021 1719 1206 1770 morale,
1227 1717 1303 1772 jus
1326 1716 1499 1759 scilicet
1516 1715 1739 1764 diuinum„
1762 1751 1772 1754 Δ,

111 1799 469 1843 ecclesiasticum
493 1805 538 1841 et
560 1797 744 1849 morale,
771 1811 886 1851 quae
909 1795 1164 1839 necessario
1186 1802 1292 1853 sunt
1315 1793 1576 1835 coniuncta.

199 1877 341 1920 Tiene
374 1876 507 1918 modo
535 1876 592 1917 de
619 1873 776 1916 hablar
808 1874 864 1917 de
894 1874 960 1916 las
988 1887 1117 1915 cosas
1154 1871 1409 1926 spirituales
1443 1884 1471 1924 y
1503 1869 1559 1912 de
1593 1868 1740 1917 todas,

111 1957 294 2015 comi'm,
318 1961 406 1996 etc.
433 1951 466 1994 b.

608 2047 612 2051 ¹
885 2026 965 2068 63

562 2108 613 2148 Ρ.
641 2104 992 2147 HIERONYMI
1017 2101 1289 2145 NATALIS

237 2205 518 2238 TRAcTATUS
553 2208 614 2236 DE
646 2204 1025 2235 TRADITIONIBUS
1061 2204 1120 2232 ET
1153 2199 1609 2233 CONSUETUDmrssus

705 2281 988 2312 SOCIETATIS
1007 2280 1122 2319 JESU
1144 2269 1151 2287 ¹

204 2366 375 2409 Multus
398 2372 466 2409 est
489 2362 871 2406 consuetudinum
892 2360 1067 2403 utilium
1092 2367 1137 2403 et
1156 2359 1448 2402 traditionum
1468 2372 1577 2399 usus
1595 2356 1639 2397 in
1660 2357 1745 2398 So-

116 2442 295 2495 cietate,
319 2441 428 2484 utin
449 2440 641 2485 ecclesia
658 2440 742 2482 Dei
765 2446 833 2481 est
850 2445 895 2481 et
917 2445 934 2463 ⁰
955 2437 1001 2479 in
1025 2436 1237 2480 omnibus
1260 2435 1478 2478 institutis
1503 2432 1740 2487 religiosis.

518 2556 580 2585 DE
602 2552 982 2584 TRADITIONIBUS
1014 2550 1298 2581 SOCIETATIS
1321 2535 1339 2559 d

205 2643 408 2686 Traditio
447 2640 690 2686 Societatis
726 2640 814 2682 dici
852 2646 1000 2695 potest
1038 2638 1159 2692 quod
1193 2636 1516 2692 praescriptum
1555 2647 1578 2673 a
1609 2632 1744 2673 Patre

187 2766 204 2782 a
253 2755 361 2789 Haec
377 2753 637 2800 paragraphus
652 2751 859 2786 obliterata
878 2755 952 2785 est.
1003 2751 1069 2776 -b
1089 2749 1196 2783 Haec
1211 2746 1345 2782 ultima
1366 2743 1624 2788 paragraphus
1639 2740 1743 2775 addi-

120 2819 157 2848 ta
181 2818 242 2848 est
266 2813 473 2859 posterius,
501 2811 675 2857 ejusdem
695 2811 738 2845 P.
764 2810 941 2855 Jimenez
961 2820 1093 2843 manu.
1151 2816 1212 2833 —e
1240 2806 1325 2839 Hoc
1344 2804 1451 2837 verb.
1482 2800 1631 2836 addidit
1651 2799 1744 2835 Nat.

133 2893 150 2897 -
167 2873 186 2899 d
213 2873 300 2906 Hoc
320 2872 430 2906 verb.
450 2869 597 2905 addidit
616 2870 705 2906 Nat.

201 2972 209 2992 ¹
262 2972 320 3006 Ex
345 2971 570 3016 archetypo,
591 2981 611 3004 a
630 2970 759 3004 Natali
791 2967 942 3014 propria
973 2978 1086 3001 manu
1113 2963 1332 3005 emendato,
1360 2961 1399 2994 in
1435 2961 1528 2996 Cod.
1563 2959 1683 2993 Vatic.
1712 2957 1753 2997 6,

121 3032 189 3067 fol.
209 3029 379 3074 333-337.
