2028 3426
732 209 1160 245 INSTRUCTloNES—61
1641 211 1709 256 465

132 309 434 353 conscientiae
467 309 658 365 singulis
690 310 849 353 diebus
883 310 928 353 in
966 325 1134 366 genere
1165 311 1320 354 saltem
1357 311 1412 353 de
1450 309 1753 363 interioribus,

132 385 458 442 particulariter
479 385 613 429 etiam
636 387 691 428 de
720 387 933 430 externis.
960 379 1010 429 Id
1031 402 1137 429 vero
1159 386 1342 438 faciant,
1369 385 1405 429 si
1428 394 1488 428 1ta
1513 387 1685 438 malint,
1712 388 1756 429 in

133 462 432 513 confessione,
467 462 644 506 etiamsi
673 477 763 505 non
793 463 1088 506 absoluantur
1122 470 1247 514 tunc,
1280 462 1407 518 quasi
1437 463 1512 517 qui
1547 463 1758 506 inchoant

133 538 480 582 confessionem.

221 615 310 658 Vbi
344 614 444 670 quis
473 622 691 671 grauatur
724 615 989 668 tentatione,
1015 615 1124 658 vtile
1152 623 1221 659 est
1252 620 1334 661 276
1357 615 1393 658 si
1423 615 1758 659 confessionem

132 693 391 749 generalem
427 691 546 734 dicat
580 705 682 734 cum
714 691 865 735 debita
898 692 1168 737 contritione
1190 694 1358 735 deuota
1392 699 1437 734 et
1465 692 1645 744 humili,
1682 693 1757 734 ad-

131 769 274 812 hibita
294 769 429 812 etiam
453 769 601 824 aliqua
624 768 945 812 satisfactione.

220 847 351 888 quat
374 845 552 901 priua1'e
574 845 906 898 communione,
932 847 1078 890 donec
1102 846 1262 890 melius
1290 847 1502 899 habeant,
1540 847 1616 901 qui
1640 846 1755 888 diffi-

134 922 265 965 cilius
289 923 601 966 emendantur.
626 923 796 965 Contra
825 937 933 965 vero
955 923 1081 965 iuuat
1103 923 1343 978 aliquando
1367 923 1648 977 frequentius
1674 922 1760 964 illis

131 998 495 1043 communionem
519 1000 782 1050 concedere,
808 1000 941 1041 modo
964 999 1047 1043 rite
1068 999 1113 1041 id
1136 998 1323 1055 possint.

220 1076 282 1118 Vt
303 1074 388 1130 ipsi
418 1083 573 1131 petant
596 1075 799 1130 publicas
823 1075 1137 1130 poenitentias,
1164 1076 1319 1132 quales
1347 1084 1454 1119 sunt
1476 1076 1643 1132 priuari
1667 1077 1759 1119 col—

129 1151 294 1207 loquiis
321 1154 526 1203 fratrum,
552 1151 717 1207 priuari
747 1153 973 1195 communi
1005 1168 1176 1204 mensa,
1202 1152 1429 1195 communi
1457 1153 1757 1204 habitatione,

131 1229 233 1271 loco
257 1228 488 1271 communi
509 1228 720 1271 audiendi
744 1228 923 1272 missam
948 1237 992 1273 et
1014 1229 1292 1281 concionem,
1314 1237 1358 1273 et
1375 1230 1482 1272 alias
1501 1237 1756 1281 consuetas,

131 1312 177 1348 et
195 1320 272 1349 eas
294 1305 474 1360 quidem
497 1305 698 1349 exterius
721 1306 916 1350 referant
940 1307 995 1348 ad
1025 1306 1218 1361 aliquem
1249 1307 1480 1349 defectum
1505 1314 1758 1357 externum,

132 1382 205 1425 vel
228 1383 283 1424 ad
302 1381 500 1424 studium
518 1381 780 1438 proficiendi
798 1382 842 1424 in
860 1382 1036 1437 spiritu,
1058 1390 1164 1435 etc.,
1187 1382 1376 1426 interius
1395 1397 1502 1426 vero
1519 1382 1760 1438 praecipue

131 1458 188 1501 ad
211 1457 432 1502 internam
455 1459 525 1502 vel
548 1465 766 1501 secretam
789 1458 1121 1502 necessitatem,

220 1536 371 1587 quat,
393 1535 430 1577 si
452 1535 530 1577 fiat
552 1534 712 1579 electio
729 1550 783 1579 ex
801 1535 1041 1587 exercitiis,
1061 1542 1110 1577 vt
1127 1535 1411 1579 inueni-amus
1430 1535 1536 1590 quid
1555 1535 1686 1578 nobis
1704 1535 1759 1577 sit

132 1612 239 1656 vtile
269 1611 312 1653 in
343 1611 497 1667 primis
535 1613 738 1654 futurum
768 1613 824 1654 ad
852 1611 1102 1667 profectum
1133 1611 1315 1667 spiritus
1353 1620 1397 1655 et
1427 1612 1758 1656 emendandum

131 1688 325 1744 aliquem
349 1689 586 1733 defectum.

220 1767 282 1808 Vt
305 1766 588 1809 confessores
616 1767 813 1808 habeant
842 1765 1147 1820 quotidianam
1178 1764 1395 1809 rationem
1436 1767 1492 1807 ad
1520 1780 1758 1820 vesperum
1793 1756 1797 1760 ’

129 1855 300 1890 eorum,
323 1856 512 1896 quorum
531 1841 837 1885 confessiones
854 1841 1060 1895 audiunt,
1086 1841 1123 1884 si
1146 1856 1234 1884 non
1259 1841 1476 1894 omnium,
1498 1841 1758 1895 praesertim

91 1943 94 1946 >
131 1932 306 1971 eorum,
331 1932 445 1972 quos
467 1917 622 1961 vident
639 1917 805 1960 auxilio
822 1932 974 1974 egere,
995 1925 1041 1961 et
1063 1918 1161 1960 illos
1180 1917 1564 1960 admonitionibus
1582 1918 1756 1969 iuuent,

131 2001 176 2037 et
199 1994 446 2046 industriis;
472 1998 553 2040 277
576 1994 638 2037 ita
661 2002 828 2047 tamen,
854 2002 902 2036 vt
925 2009 983 2038 ne
1004 1994 1148 2036 videri
1171 1993 1312 2049 possit
1342 1993 1386 2036 id
1410 1978 1587 2038 laedere
1616 1995 1759 2050 perfe-

130 2070 326 2113 ctionem
349 2070 484 2126 sigilli
502 2070 813 2114 confessionis.

220 2148 418 2190 Examen
437 2147 708 2202 particulare
727 2147 954 2202 praecipui
968 2147 1174 2190 defectus
1186 2148 1334 2191 facere
1350 2147 1583 2203 perlineas
1603 2162 1760 2202 quem-

131 2224 374 2266 admodum
405 2223 595 2266 traditur
629 2223 675 2265 in
705 2223 946 2277 exercitiis,
977 2231 1022 2267 et
1059 2224 1172 2267 inire
1201 2223 1436 2278 rationem,
1463 2239 1554 2266 non
1586 2232 1759 2268 tantum

131 2307 183 2342 vt
203 2307 294 2343 non
323 2315 579 2356 peccemus,
605 2301 685 2345 sed
716 2309 764 2343 vt
796 2300 841 2343 in
875 2301 1035 2343 melius
1067 2301 1369 2356 proficiamus,
1397 2302 1682 2344 obseruando
1717 2310 1760 2345 et

131 2377 410 2420 conferendo
441 2391 629 2421 examen
659 2391 761 2420 curn
790 2377 1156 2430 examinesdiem
1187 2391 1291 2419 cum
1321 2377 1408 2429 die,
1434 2378 1759 2425 hebdomadam

133 2467 236 2495 cum
260 2454 558 2505 hebdomada,
584 2461 632 2496 vt
662 2453 875 2496 maiorem
899 2454 1097 2497 animum
1126 2453 1436 2510 concipiamus
1459 2454 1515 2496 ad
1546 2455 1759 2497 emenda-

94 2540 97 2543 *
135 2530 301 2574 tionem
326 2531 396 2574 vel
412 2516 475 2573 *ex
497 2531 778 2583 confusione,
805 2532 876 2575 vel
900 2545 954 2574 ex
978 2531 1300 2574 consolatione.

224 2606 316 2661 Qui
340 2614 556 2660 tentatur,
578 2607 772 2662 primum
791 2622 840 2652 se
858 2607 1079 2659 humiliet3
1100 2607 1264 2649 deinde
1285 2607 1498 2649 inuocent
1516 2606 1759 2648 Dominum

135 2681 307 2726 dicens:
338 2683 544 2735 «Vidisti,
565 2683 775 2735 Domine,
796 2698 852 2726 ne
871 2684 1019 2736 sileas;
1040 2683 1248 2734 Domine,
1269 2697 1324 2725 ne
1342 2682 1548 2724 discedas
1566 2697 1589 2724 a
1608 2697 1677 2724 me
1700 2685 1755 2724 ’.ἡ

142 2758 376 2810 «Domine,
403 2759 491 2801 vim
516 2759 661 2815 patior
684 2761 725 2799 2»
752 2767 860 2812 ete„
887 2761 957 2803 vel
979 2760 1123 2803 simile
1146 2759 1329 2814 aliquid,
1357 2759 1476 2812 quod
1494 2758 1640 2813 ipsum
1664 2773 1760 2801 mo-

139 2848 245 2877 uere
265 2836 408 2891 magis
424 2835 589 2880 videat.
612 2837 766 2880 Tertio
784 2851 908 2892 spem
927 2837 1088 2879 bonam
1104 2835 1375 2890 concipiant.
1398 2836 1574 2888 Quarto
1593 2834 1759 2878 iudicet

215 3000 221 3018 ¹
274 2998 341 3036 Ps.
363 2999 541 3044 XXXIV,
563 3008 621 3034 22.
1176 3001 1188 3019 2
1239 2998 1353 3043 ISA1.,
1374 2998 1587 3041 XXXVIII,
1611 3007 1664 3043 14.

315 3062 434 3090 Epm.
458 3063 494 3091 P.
516 3063 649 3098 ΝΑοΑι,
671 3071 750 3091 rom.
774 3063 838 3092 IV.
1550 3063 1580 3090 31
