2028 3426
316 203 386 247 446
793 205 948 240 PATffls
974 205 1218 241 Hmnonvffl
1242 205 1395 241 NADAL

269 303 534 360 cuniariam‚
562 307 709 349 minus
726 306 914 350 habebit
937 307 1131 363 negocii:
1153 307 1223 351 sin
1240 307 1431 364 negocia
1454 309 1652 354 forensia
1673 317 1707 362 ³,
1729 310 1846 366 plus3
1868 311 1906 354 si

273 388 533 437 Vtrumque,
560 384 819 439 plurimum.

360 459 609 515 Praecipue
632 475 739 503 vero
762 460 806 501 in
831 460 884 503 iis
908 461 1127 517 negociis,
1154 476 1269 517 quae
1294 476 1383 505 non
1407 462 1517 506 satis
1541 463 1771 520 intelligit,
1798 479 1903 521 pro·
1938 461 1942 464 ⁴

271 536 468 579 curatori
491 537 625 581 fidem
650 539 829 589 habeat,
862 553 1006 594 eaque
1034 538 1097 580 illi
1125 539 1244 582 sinat
1281 539 1535 597 dirigenda:
1577 556 1724 596 neque
1750 550 1902 586 tamen

268 613 449 656 omittat
472 614 579 669 quin
603 614 843 670 intelligat,
865 615 973 670 quid
991 617 1048 660 de
1066 616 1151 658 illis
1169 624 1348 673 agatur,
1369 627 1414 659 et
1432 619 1717 662 consultores
1739 620 1797 663 de
1815 619 1904 663 illis

269 692 493 734 consulat.
523 692 834 735 procuratoris
856 707 964 735 vero
987 692 1205 736 iudicium
1228 693 1274 736 in
1292 696 1444 747 rebus,
1466 710 1579 752 quas
1600 703 1780 749 tractat,
1807 712 1899 740 non

270 768 369 812 leve
392 769 571 823 pondus
594 770 714 824 apud
737 784 841 812 eum
865 771 1044 814 habeat.

360 845 619 901 Diligenter
651 845 877 902 inuigilet‚
918 855 964 889 vt
1004 848 1201 892 rationes
1238 849 1542 904 impensarum
1581 859 1810 904 accurate,
1835 852 1905 894 di-

271 921 440 966 stincte
463 930 508 964 et
530 923 650 965 clare
673 924 1004 976 describantur,
1029 933 1073 969 et
1097 939 1180 968 suo
1199 933 1401 982 tempore
1424 929 1694 972 referantur.

360 1001 506 1042 Detur
528 1000 585 1052 ei,
611 1000 688 1055 qui
711 1000 927 1044 auxilium
952 1004 1082 1055 ferat,
1107 1017 1161 1046 eo
1190 1004 1226 1046 si
1250 1012 1399 1060 egeat,
1426 1006 1547 1061 quod
1570 1005 1665 1062 ipse
1688 1006 1906 1050 iudicabit

271 1077 492 1132 superior.

357 1154 530 1196 Caueat
556 1169 613 1198 ne
635 1155 721 1197 sibi
745 1155 999 1200 libertatern
1023 1165 1209 1213 vsurpet
1238 1167 1518 1214 procurator,
1549 1161 1595 1203 in
1624 1161 1790 1216 quibus
1813 1175 1905 1204 non

271 1231 425 1282 habet,
452 1232 532 1274 sed
555 1231 598 1273 in
623 1232 748 1274 omni
771 1240 942 1288 perstet
964 1234 1222 1277 obedientia
1243 1250 1354 1292 erga
1390 1237 1669 1293 superiorem
1694 1238 1905 1281 omnibus

270 1306 315 1348 in
341 1309 493 1360 rebus,
519 1315 657 1363 atque
681 1309 752 1353 20¹
775 1324 885 1366 erga
907 1310 1019 1353 alios
1042 1312 1316 1355 domesticos
1339 1314 1556 1358 officiales
1578 1315 1623 1357 in
1647 1314 1716 1369 iis,
1744 1315 1787 1358 in
1806 1315 1905 1372 qui-

268 1385 352 1426 bus
376 1385 523 1428 debet.
1458 1393 1462 1396 ’

620 1515 800 1545 ADDITA
831 1516 892 1545 AD
922 1516 1151 1547 OFFICIUM
1190 1518 1556 1567 PROCURATORtS

358 1618 645 1671 Procurator,
672 1621 793 1674 quod
824 1621 881 1662 ad
916 1636 1049 1664 suum
1087 1623 1287 1666 officium
1325 1624 1503 1677 attinet,
1535 1639 1591 1668 ex
1622 1633 1798 1670 rectore
1820 1627 1902 1671 de-

265 1694 475 1748 pendeat,
502 1702 547 1739 et
570 1711 626 1739 ex
648 1697 830 1741 nemine
852 1698 954 1751 alio,
981 1700 1058 1754 qui
1081 1701 1136 1743 ab
1160 1700 1235 1743 illo
1266 1701 1506 1756 specialem
1531 1703 1899 1747 commissionem

269 1784 358 1812 non
382 1772 623 1827 acceperit;
650 1775 773 1828 quod
796 1788 904 1817 vero
928 1777 984 1818 ad
1012 1776 1121 1819 alias
1154 1791 1224 1820 res
1245 1786 1437 1834 spectat,
1469 1793 1525 1821 ex
1554 1780 1765 1823 omnibus
1787 1795 1901 1836 pen—-

265 1847 368 1889 (leat
392 1848 716 1903 superioribus.

354 1925 445 1979 Qui
469 1925 509 1969 ei
533 1926 823 1981 auxiliantur,
850 1928 893 1970 in
918 1928 970 1972 iis
994 1929 1175 1986 quidem
1201 1932 1351 1983 rebus,
1377 1947 1494 1987 quae
1516 1941 1624 1977 sunt
1647 1933 1785 1978 officii
1807 1935 1896 1988 sui,

263 2016 317 2042 ex
342 2001 439 2056 ipso
468 2010 514 2045 et
542 2011 716 2047 rectore
746 2006 988 2059 pendeant3
1015 2007 1060 2049 in
1090 2007 1274 2063 reliquis
1301 2017 1469 2062 autem,
1497 2011 1554 2053 ab
1583 2011 1796 2054 omnibus
1819 2027 1899 2055 su-

266 2077 534 2131 perioribus.

354 2155 539 2197 Etiamsi
574 2158 736 2200 habeat
769 2159 1062 2213 particulares
1099 2162 1440 2207 commissiones
1463 2166 1519 2207 ab
1552 2165 1651 2208 aliis
1678 2166 1899 2223 collegio-

266 2246 365 2272 rum
387 2232 711 2287 superioribus,
739 2249 828 2277 non
869 2245 1017 2281 tamen
1057 2246 1293 2294 propterea
1317 2242 1373 2283 ab
1411 2242 1624 2285 ordinarii
1654 2243 1913 2300 superioris·

262 2307 519 2352 obedientia
537 2319 774 2365 exemptus
791 2326 891 2357 esse
909 2313 1193 2371 intelligitur3
1215 2318 1294 2360 sed
1313 2319 1368 2361 de
1385 2318 1471 2362 illis
1489 2319 1623 2362 etiam
1639 2321 1776 2364 rebus
1792 2335 1896 2364 cum

264 2384 339 2426 illo
362 2387 568 2430 conferre
590 2388 741 2439 debet,
769 2389 812 2431 in
837 2391 907 2433 his
931 2391 1065 2434 etiam
1084 2393 1140 2435 ab
1159 2394 1257 2449 ipso
1276 2396 1490 2450 pendere,
1512 2398 1894 2452 quemadmodum

265 2461 307 2503 in
335 2463 610 2507 domesticis.

353 2539 442 2583 2⁰2
477 2541 655 2584 Literae
678 2557 851 2595 omnes,
879 2546 1070 2599 pecunia
1093 2555 1137 2590 et
1161 2563 1230 2591 res
1253 2564 1426 2602 omnes,
1453 2565 1569 2606 quae
1591 2553 1648 2594 ad
1676 2567 1898 2608 procura-

265 2623 406 2658 torem
430 2617 704 2673 diriguntur,
731 2620 925 2675 primurn
960 2623 1162 2666 omnium
1201 2627 1256 2668 ad
1279 2627 1556 2682 superiorem
1586 2631 1892 2685 perferantur:

263 2692 358 2747 ipse
380 2708 490 2737 vero
514 2697 794 2751 procuratori
816 2698 924 2742 dare
949 2699 1045 2742 illas
1068 2702 1247 2756 poterit.

353 2772 462 2815 Rern
487 2773 671 2824 nullam,
699 2788 814 2828 quae
837 2775 894 2817 sit
923 2776 1102 2820 maioris
1126 2780 1357 2832 momenti,
1383 2791 1507 2837 agat,
1534 2783 1642 2837 quin
1675 2784 1895 2828 rationem

262 2848 331 2888 sui
354 2848 527 2891 consilii
550 2850 772 2905 superiori
795 2852 985 2907 aperiat.
1017 2854 1143 2897 Alias
1173 2864 1323 2900 autern
1358 2873 1428 2902 res
1458 2867 1564 2913 aget
1593 2860 1775 2914 quidem
1799 2861 1896 2918 ipse

334 3024 349 3039 ³⁴
374 3013 582 3059 forensica
606 3029 677 3052 ms.
