2028 3426
426 590 948 643 MONUMENTA
1003 592 1321 644 ITALIAE

859 774 888 816 1

221 862 304 903 DE
336 862 787 906 RENOVATIONE
820 864 1130 907 VOTORUM
1166 865 1523 908 SIMPLICIUM

411 970 841 1001 SCHOLASTICORUM
867 972 1149 1002 SOCIETATIS
1172 972 1288 1011 JESU
1317 960 1344 1002 l.

154 1070 463 1125 Congregatio
494 1071 714 1125 quaedam
744 1071 956 1126 religiosa
985 1072 1123 1113 habet
1152 1071 1447 1114 scholasticos
1479 1071 1523 1113 in
1553 1072 1687 1115 colle-

68 1145 169 1202 giis,
195 1159 311 1200 quae
334 1146 631 1199 administrat,
659 1147 734 1201 qui
758 1147 854 1190 sine
879 1155 999 1199 voto,
1026 1149 1146 1201 quod
1169 1148 1258 1190 sint
1281 1149 1336 1190 de
1360 1163 1412 1191 ea
1434 1162 1687 1204 congrega-

67 1222 186 1265 tione
205 1223 361 1275 futuri,
382 1223 424 1265 in
445 1238 498 1267 ea
515 1224 707 1279 collegia
725 1239 815 1266 non
834 1224 1143 1266 admittantur.
1165 1224 1412 1266 Dubitatur
1430 1239 1536 1266 num
1558 1225 1688 1266 liceat

66 1299 355 1351 constituere,
399 1307 447 1342 ut
485 1300 677 1356 singulis
714 1301 844 1343 annis
876 1300 1134 1343 scholastici
1169 1315 1327 1343 omnes
1364 1301 1557 1356 priorem
1596 1302 1688 1343 voti

67 1374 387 1430 obligationem
413 1383 653 1418 teneantur
682 1377 965 1429 confirmare,
1005 1384 1055 1421 us
1094 1384 1139 1420 et
1172 1376 1255 1432 ipsi
1289 1377 1334 1418 in
1367 1391 1450 1419 suo
1482 1376 1688 1418 instituto

67 1451 238 1494 firmius
261 1459 487 1504 constent,
513 1460 557 1494 et
579 1453 779 1496 securior
801 1454 858 1497 sit
880 1453 1177 1510 congregatio
1200 1453 1247 1495 in
1264 1453 1358 1496 suis
1377 1453 1579 1508 collegiis
1598 1468 1688 1496 non

68 1526 124 1570 ali
147 1541 240 1579 eos,
268 1527 344 1580 qui
367 1535 412 1571 et
433 1529 531 1570 Deo
554 1528 686 1571 fidem
712 1543 803 1571 non
826 1537 1025 1581 servant,
1051 1538 1111 1581 et,
1139 1530 1215 1585 qui
1245 1531 1452 1584 sortasse,
1485 1546 1540 1573 ex
1569 1531 1688 1573 elee—

69 1603 250 1646 mosinis
271 1603 392 1646 docti
413 1603 579 1656 effecti,
606 1607 776 1648 mundo
799 1607 968 1650 vellent
991 1607 1176 1658 servire,
1204 1621 1293 1649 non
1316 1608 1436 1662 XpO.

154 1681 269 1723 Cum
304 1680 587 1736 replicaverit
618 1682 797 1738 saepius
831 1684 1011 1726 foedera
1042 1690 1086 1726 et
1118 1691 1249 1739 pacta
1281 1684 1503 1726 Dominus
1535 1692 1689 1726 noster

67 1771 169 1799 cum
190 1757 431 1800 israelitico
454 1759 637 1813 populo,
664 1773 747 1801 nec
772 1759 892 1801 aliud
910 1759 995 1802 sibi
1013 1760 1152 1803 velint
1171 1760 1463 1803 oecumenica
1481 1761 1685 1812 concilia,

50 1840 113 1893 >et
134 1833 366 1876 christiani
390 1835 482 1877 fere
504 1849 660 1879 omnes
678 1836 934 1878 davidicum
956 1836 1067 1878 illud
1084 1837 1205 1878 omni
1223 1837 1295 1880 die
1313 1837 1486 1879 dicunt:
1512 1838 1686 1894 «Juravi

69 1917 112 1953 et
133 1910 268 1953 statui
291 1911 518 1955 custodire
536 1912 732 1966 judicia»
755 1912 785 1964 ²,
806 1914 1038 1957 decretum
1063 1914 1150 1955 hoc
1175 1928 1264 1973 non
1287 1920 1434 1969 potest
1457 1913 1567 1955 mihi
1591 1914 1672 1956 dis-

69 1986 248 2041 plicere.
302 2045 306 2050 '

38 2063 42 2065 ’
240 2065 324 2107 FR.
347 2065 549 2108 EGIDIUS
573 2067 926 2118 FOSCARARIUS,
953 2067 1072 2109 Gen.
1100 2066 1318 2122 magister
1342 2067 1457 2109 sacri
1481 2068 1567 2122 pal.

153 2141 274 2184 Idem
298 2141 474 2184 censuit
493 2142 633 2185 Rdus.
655 2144 712 2184 D.
734 2144 995 2186 ROBERTUS
1014 2157 1423 2186 ARCHIEPISCOPUS
1442 2157 1690 2186 ARMAcHA-

69 2229 159 2259 Nos
180 2224 225 2259 et
247 2219 396 2262 RDUS.
422 2220 478 2260 D.
506 2220 710 2262 IACOBUS
734 2233 796 2262 DE
822 2221 990 2263 PUTEO
1015 2228 1046 2272 ³,
1072 2220 1273 2263 decanus
1297 2226 1437 2272 rotae,

694 2303 885 2351 rogante
908 2311 978 2340 me
1002 2298 1302 2339 HIERONYMO
1326 2297 1513 2340 NADAL.

137 2405 154 2422 a
178 2394 181 2398 ’
201 2395 324 2430 Ριιεεί
342 2405 428 2438 ms.;
448 2395 517 2429 sed
536 2406 674 2430 nomen
695 2395 830 2430 decani
849 2397 972 2431 Rotae
991 2402 1072 2431 erat
1083 2396 1254 2441 Jacobus
1272 2408 1297 2429 cz
1317 2397 1455 2432 Puteo.

136 2482 148 2503 ¹
198 2484 255 2518 Ex
274 2485 508 2530 apographO,
527 2496 548 2519 a
568 2484 608 2522 Ρ.
631 2486 781 2530 Joanne
796 2486 880 2520 Van
896 2487 1025 2520 Meurs
1041 2497 1089 2520 ex
1104 2487 1316 2534 archetypo
1331 2487 1571 2536 deprompto,
1589 2494 1627 2522 et
1645 2488 1691 2522 ad

69 2552 138 2577 nos
163 2543 402 2578 transmissa
431 2543 596 2588 Quando
621 2545 694 2579 hoc
726 2550 1021 2579 monumentum
1047 2545 1233 2591 scriptum
1262 2546 1391 2593 fuerit,
1421 2559 1499 2582 non
1525 2553 1689 2582 constat.

70 2599 166 2636 Cum
183 2606 312 2636 autem
331 2613 352 2636 a
370 2602 498 2637 Natali
518 2602 780 2648 subscriptum
799 2602 918 2638 fuerit
937 2609 976 2638 et
991 2615 1012 2638 a
1031 2605 1178 2649 Jacobo
1196 2605 1335 2648 Puteo,
1360 2606 1426 2652 qui
1452 2618 1497 2641 eo
1518 2613 1690 2651 tempore

43 2680 45 2682 ·
71 2665 151 2694 erat
167 2659 336 2705 decanus
353 2661 490 2706 Rotae,
511 2667 550 2696 et
567 2661 738 2697 nondum
756 2662 962 2697 cardinalis
980 2668 1136 2698 creatus
1161 2663 1303 2709 fuerat,
1329 2664 1451 2710 liquet
1476 2671 1564 2699 ante
1590 2665 1691 2699 diem

74 2717 114 2753 13
132 2719 216 2754 Kal.
237 2719 439 2764 Januarias
457 2720 548 2755 anni
569 2729 654 2764 1551
676 2720 807 2755 datum
827 2720 963 2766 fuisse,
983 2733 1029 2756 eo
1049 2721 1151 2756 enim
1171 2721 1234 2756 die
1249 2724 1418 2768 Jacobus
1434 2735 1454 2758 a
1473 2725 1595 2758 Puteo
1614 2735 1690 2757 car-

71 2776 208 2813 dinalis
231 2784 383 2814 creatus
403 2784 480 2815 est.
505 2779 564 2816 Cf.
599 2780 823 2826 UgIzeZIzmz,
851 2780 975 2815 Italia
994 2793 1125 2822 sacra,
1154 2781 1241 2824 VII,
1268 2781 1350 2826 653.
1378 2782 1456 2816 Sed
1480 2782 1628 2816 Natalis
1654 2782 1691 2815 in

73 2835 201 2872 Sicilia
218 2843 396 2872 versatus
420 2837 492 2873 fuit
510 2839 558 2873 ab
577 2849 676 2874 anno
703 2839 792 2883 1548
811 2839 858 2873 ad
878 2851 1051 2874 mensem
1078 2839 1260 2874 Martium
1278 2841 1369 2875 anni
1390 2849 1491 2885 1552,
1519 2852 1593 2886 quo
1619 2841 1691 2873 Ro-

54 2905 184 2941 gmam,
204 2896 251 2931 ad
268 2896 549 2942 professionem
567 2897 879 2943 nuncupandam,
899 2899 947 2932 ab
966 2896 1118 2943 Ignatio
1138 2903 1299 2933 vocatus
1319 2904 1392 2935 est.
1421 2898 1533 2933 Unde
1558 2899 1691 2943 proba-

73 2953 139 2989 bili
156 2954 375 3000 conjectura
393 2956 581 3002 suspicari
599 2956 691 2991 licet
709 2968 809 2991 anno
832 2957 933 3000 1548,
956 2957 1018 2991 vel
1037 2968 1114 2991 non
1134 2957 1255 2991 multo
1273 2962 1363 2991 ante
1383 2957 1421 2990 id
1440 2962 1606 3001 tempus,
1621 2957 1692 2990 hoc

73 3021 361 3050 monumentum
379 3017 524 3051 Rornae
543 3016 728 3062 scriptum
746 3016 881 3054 fuisse.
903 3017 961 3051 De
981 3017 1128 3062 Jacobo
1148 3028 1169 3050 a
1187 3017 1310 3051 Puteo
1329 3016 1393 3060 (de
1414 3017 1523 3061 Pon),
1545 3015 1692 3050 Natalis

51 3118 59 3123 .
74 3071 206 3119 amico,
227 3073 316 3109 vide
333 3086 432 3121 quae
451 3074 619 3110 diximus
638 3075 676 3110 in
692 3076 821 3121 Epist.
839 3076 886 3110 P.
904 3075 1052 3116 Nadal,
1070 3075 1099 3119 I,
1118 3083 1176 3119 14.
1257 3078 1269 3096 ·-'
1321 3075 1390 3109 Ps.
1410 3073 1589 3119 CXVIII,
1612 3074 1691 3109 106.

246 3137 359 3167 prsr.
381 3139 417 3167 P.
439 3139 572 3174 NADAL,
593 3147 668 3167 TOM.
690 3139 750 3168 IV.
1500 3138 1517 3164 8
