2028 3426
579 245 812 284 ORATtole
839 257 1280 295 OBSERVATIONES—7o
1474 264 1480 270 ³
1626 261 1693 298 701

208 346 327 388 Hinc
366 361 533 402 magna
563 347 746 390 afflictio
776 357 820 392 et
849 351 1166 403 melancholia3
1202 353 1459 395 consolatus
1496 362 1563 396 est
1596 363 1745 398 tamen

117 425 234 465 hanc
259 422 546 467 afflictionem
571 425 707 468 Pater
725 425 942 480 Ignatius.

207 500 375 554 Magna
398 499 696 556 intelligentia
717 501 762 543 in
796 501 1037 554 exercitiis,
1063 517 1117 545 ex
1151 518 1238 558 qua
1270 505 1518 548 consolatio
1552 506 1596 548 in
1630 507 1742 549 affli-

117 575 324 619 ctione...

206 653 276 695 De
298 653 593 708 conceptione
616 653 804 709 virginis
828 655 996 699 Mariae
1014 655 1058 697 in
1076 657 1482 711 praedestinatione
1500 658 1744 702 difficultas

117 728 336 771 dissoluta
358 730 492 772 clare.
520 732 634 772 Nam
664 730 710 772 in
738 731 881 787 signis
909 731 1027 774 illius
1056 732 1475 787 praedestinationis
1505 735 1655 790 agitur
1688 737 1743 779 de

116 819 225 847 casu
249 805 378 861 primi
401 806 600 861 parentis
617 814 659 849 et
679 807 957 851 liberatione:
979 808 1040 850 illi
1058 808 1304 851 liberantur
1322 818 1423 865 post
1441 825 1611 864 casum;
1632 814 1746 855 haec

117 889 436 937 praeseruatur
459 898 513 926 ex
536 883 709 939 gratiae
729 884 969 940 priuilegio
987 892 1091 928 ante
1115 900 1285 928 casum.

206 958 298 1013 Qui
328 960 646 1012 communicat,
679 960 837 1016 recipit
865 961 910 1003 in
939 962 1227 1017 sepulchrum
1257 962 1505 1015 Christum,
1538 971 1584 1005 vt
1617 965 1660 1005 in
1691 979 1747 1007 eo

118 1043 343 1091 resurgat,
370 1043 414 1079 et
436 1036 482 1077 in
505 1037 683 1079 coelum
701 1039 932 1082 ascendat.

206 1111 446 1155 Vocationi
468 1120 513 1154 et
545 1113 817 1155 institutioni
841 1115 1143 1169 apostolorum
1176 1122 1328 1157 nostra
1362 1116 1538 1158 vocatio
1570 1116 1741 1159 similis:

117 1187 512 1244 cognos195cimus
555 1190 850 1234 Societatem:
896 1191 1058 1234 deinde
1101 1192 1351 1247 sequimur:
1400 1193 1466 1246 3.⁰
1509 1193 1741 1237 docemur:

117 1266 186 1317 4.⁰
208 1264 457 1320 accipimus
478 1253 739 1308 facultatem
762 1274 811 1308 vt
839 1267 1083 1310 mittamur:
1117 1267 1183 1322 5.⁰
1213 1268 1447 1311 mittimur:
1484 1269 1552 1311 6.⁰
1587 1284 1743 1311 sumus

117 1341 162 1383 in
185 1341 450 1385 ministerio:
479 1342 546 1395 7.⁰
570 1357 650 1398 pro
673 1345 790 1398 Xpo.
821 1343 929 1386 mori
953 1344 1095 1399 parati
1117 1344 1161 1386 in
1181 1345 1401 1387 obeundis
1425 1345 1741 1388 ministeriis...

205 1419 342 1473 Quod
366 1418 548 1472 quidam
578 1427 781 1463 senserat
809 1420 1051 1462 missurum
1080 1422 1248 1476 Xpum.
1282 1435 1358 1463 cor
1390 1436 1521 1464 suum
1552 1423 1607 1464 ad
1644 1421 1742 1464 eius

116 1508 208 1547 cor,
234 1509 375 1550 quum
399 1495 694 1551 colssssgitaret
717 1512 774 1540 ne
802 1505 1067 1552 arroganter
1089 1512 1166 1552 per
1195 1497 1451 1541 illusionem
1482 1499 1643 1541 fuisset
1671 1498 1746 1541 illa

116 1571 332 1627 cogitatio
355 1571 544 1623 intrusa,
572 1572 712 1614 sensit
735 1573 863 1628 plura
886 1581 1114 1628 praestare
1136 1573 1220 1616 sibi
1253 1576 1440 1629 Xpuin.,
1478 1589 1567 1616 non
1596 1575 1742 1617 solum

116 1662 193 1690 cor
215 1662 346 1690 suum
370 1649 427 1691 ad
454 1647 600 1703 ipsum
631 1648 807 1691 misisse
836 1663 1069 1701 carneum,
1101 1650 1146 1692 id
1183 1659 1251 1693 est
1284 1665 1482 1694 amorem
1520 1658 1738 1701 creatum,

116 1724 195 1766 sed
216 1724 464 1767 increatum
489 1732 534 1768 et
556 1724 781 1767 infinitum
806 1740 938 1767 suum
961 1740 1054 1778 cor;
1083 1740 1165 1769 nec
1183 1729 1294 1770 haec
1312 1734 1490 1782 poterat
1513 1728 1645 1782 plene
1663 1741 1743 1769 co-
1763 1750 1767 1753 ·

116 1800 260 1856 gitare
283 1800 391 1855 quin
414 1815 626 1856 magnam
651 1801 895 1845 motionem
920 1801 963 1843 in
996 1804 1132 1846 corde
1165 1803 1353 1852 sentiret
1386 1811 1430 1847 et
1465 1803 1553 1845 vim
1587 1818 1744 1859 quam-

114 1877 233 1929 dam,
259 1876 304 1919 in
327 1877 476 1919 cordis
499 1877 627 1931 quasi
650 1877 951 1922 defectionem
975 1886 1272 1934 cogentem...

206 1953 439 1997 Meditatio
462 1967 513 1996 ae
535 1954 854 2009 contemplatio
878 1954 998 1997 vitae
1020 1956 1189 1998 Christi
1212 1956 1256 1997 in
1275 1971 1410 1999 sensu
1434 1956 1618 2011 spiritus
1641 1971 1744 2012 sup-

116 2031 223 2086 plet,
250 2045 366 2085 quae
397 2038 658 2086 praesentes
688 2031 882 2086 apostoli
914 2039 1049 2087 atque
1081 2032 1288 2088 discipuli
1321 2033 1505 2075 Domini
1540 2041 1745 2075 contem—

116 2107 375 2162 plabantur.

205 2183 396 2225 Constat
417 2182 662 2237 spiritualis
683 2185 818 2225 homo
840 2184 1093 2227 substantia
1113 2184 1294 2239 quidem
1313 2185 1487 2228 animae
1506 2200 1556 2228 ac
1580 2194 1744 2241 poten-

117 2267 278 2302 tiarum
303 2274 392 2301 non
417 2259 696 2314 simpliciter;
721 2275 825 2303 nam
850 2260 926 2303 hic
955 2263 1091 2303 homo
1120 2269 1189 2305 est
1220 2269 1426 2305 terrenus
1456 2270 1501 2305 et
1530 2262 1741 2313 carnalis,

115 2336 193 2378 sed
215 2335 252 2377 si
275 2335 581 2391 intelligamus
603 2335 723 2378 illam
747 2337 1045 2386 substantiam
1064 2352 1163 2381 esse
1181 2337 1309 2393 quasi
1327 2338 1565 2382 informem
1584 2353 1717 2393 quam
1735 2364 1742 2368 -

115 2413 216 2454 dam
241 2412 491 2465 materiam,
518 2427 651 2467 quam
681 2412 894 2456 informet
922 2413 1007 2457 Dei
1035 2414 1182 2470 gratia
1211 2429 1290 2470 per
1319 2414 1508 2457 virtutes
1542 2429 1594 2456 ac
1624 2416 1742 2456 dona

115 2488 313 2543 spiritus:
344 2503 491 2543 neque
519 2504 626 2533 vero
656 2489 742 2534 200
775 2491 887 2532 haec
917 2500 985 2534 est
1014 2491 1232 2546 perfectio
1261 2491 1358 2534 eius
1387 2505 1466 2545 pro
1500 2493 1584 2533 hoc
1619 2498 1739 2533 statu

115 2565 285 2616 vltima,
311 2566 392 2608 sed
414 2565 567 2607 diuina
597 2566 797 2621 operatio
830 2567 873 2608 in
908 2567 1072 2609 nostris
1104 2567 1335 2622 potentiis,
1372 2574 1416 2610 et
1453 2581 1533 2622 per
1565 2573 1745 2609 nostras

115 2641 354 2696 potentias,
380 2641 454 2683 illa
477 2642 623 2697 gratia
647 2643 870 2685 formatas.
897 2645 1053 2697 Itaque
1078 2643 1220 2685 virtus
1243 2643 1287 2684 in
1307 2643 1538 2686 intellectu
1557 2658 1660 2686 vera
1686 2659 1740 2686 ex

116 2717 376 2773 operatione
398 2718 483 2761 Dei
511 2733 591 2773 per
619 2720 754 2762 fidem
783 2719 828 2761 in
858 2720 1107 2770 voluntate,
1144 2734 1223 2774 per
1257 2734 1381 2774 spem
1415 2733 1469 2761 ex
1502 2718 1741 2761 affectione

118 2794 354 2846 commodi,
381 2794 424 2836 in
449 2796 682 2837 voluntate
704 2811 785 2850 per
808 2795 1091 2846 charitatem,
1118 2810 1172 2838 ex
1195 2795 1400 2838 iusticiae
1429 2796 1610 2837 affectu.
1638 2796 1739 2837 Hae

117 2877 221 2912 sunt
244 2877 426 2913 sanctae
448 2871 748 2926 operationes,
775 2873 830 2914 de
853 2872 1017 2927 quibus
1035 2873 1194 2914 beatus
1212 2870 1480 2913 Franciscus
1498 2869 1544 2912 in
1562 2872 1738 2926 regula,

116 2953 161 2988 et
184 2948 304 3001 quod
328 2949 378 2989 P.
405 2947 612 3002 Ignatius
635 2948 679 2990 in
704 2948 1067 3003 frequentissimo
1091 2962 1173 2990 vsu
1197 2948 1391 2989 habebat
1418 2961 1499 2989 «en
1530 2947 1570 2990 el
1593 2948 1744 2990 Senor

118 3030 326 3065 nuestro»
357 3040 373 3061 <‹
384 3038 438 3066 en
462 3024 504 3064 la
528 3038 582 3066 su
604 3023 759 3066 diuina
781 3025 1061 3079 magestad»,
1087 3030 1132 3066 et
1154 3023 1197 3064 id
1220 3037 1367 3078 genus
1396 3022 1551 3065 multa.
