2028 3426
337 207 411 246 306
814 210 968 245 PATms
994 208 1237 243 Hmnotwm
1263 206 1413 242 NADAL
1450 232 1454 237 .

374 314 577 370 Joannes
596 313 816 369 Baptista,
844 311 994 361 italus,
1020 307 1309 351 infirmarius.

381 390 754 446 Christophorus,
779 389 958 442 slesius,
984 394 1144 431 sartor.

379 468 692 524 Wolfgangus
715 465 986 522 Adolpffius,
1013 463 1286 515 austriacus,
1314 463 1397 505 fuit
1421 461 1748 507 credentiarius
1769 471 1800 505 ³.

1071 607 1139 648 5!

1063 701 1146 786 Jiis.

913 827 1290 872 INSTRUCTIO

305 940 367 968 DE
406 938 652 976 Pssnsoms,
695 938 755 966 DE
796 935 1090 974 mammons,
1133 935 1295 973 DEQUE
1335 935 1490 966 1N1T10
1531 936 1590 966 ET
1635 935 1901 966 AUGMENTO

357 1015 583 1045 comAEGu
610 1004 900 1044 VIENNENSIS
924 1013 1085 1052 USQUE
1106 1014 1169 1044 AD
1194 1013 1361 1044 ANNUM
1392 1000 1502 1055 1566
1525 1013 1786 1045 INCLthmE
1813 1001 1840 1042 ¹.

838 1115 891 1142 ET
916 1114 1046 1142 PRIMO
1071 1115 1128 1142 DE
1153 1114 1358 1143 PERSONIS

990 1215 1219 1246 PROFESSI

377 1323 412 1353 1.
482 1312 533 1352 P.
576 1310 793 1352 Nicolaus
831 1308 1260 1364 Lanoyus-Vienna
1296 1309 1503 1354 discessit
1544 1322 1597 1364 23
1636 1310 1917 1366 Septembris

281 1386 608 1442 Oenipontum.
635 1386 700 1429 lbi
726 1387 906 1429 futurus
931 1393 1093 1429 rector.

366 1476 405 1506 2.
475 1465 529 1508 P.
555 1462 828 1506 Laurentius
852 1463 1050 1519 Magius,
1078 1463 1212 1506 modo
1236 1462 1281 1505 in
1305 1464 1395 1506 hac·
1416 1463 1674 1507 uisitatione
1695 1462 1748 1507 P.
1771 1466 1914 1508 Nata-

277 1541 329 1583 lis
353 1541 500 1584 factus
523 1548 591 1583 est
614 1540 926 1597 prouincialis.

365 1631 406 1672 3.
472 1618 529 1661 P.
572 1618 812 1662 Cornelius
851 1618 1149 1674 Bragelmans
1186 1616 1218 1669 ¹²,
1260 1632 1382 1660 nunc
1420 1632 1510 1661 non
1549 1625 1617 1662 est
1655 1621 1912 1675 praefectus

276 1695 444 1751 templi,
481 1710 565 1739 nec
595 1695 708 1752 legit
739 1694 991 1738 doctrinam
1024 1694 1250 1750 xpianam.
1283 1694 1584 1738 scholasticis.
1619 1697 1699 1739 Est
1732 1698 1910 1752 praefe—

272 1779 373 1815 ctus
396 1772 532 1816 horti.

935 1898 1245 1929 SACERDOTES

358 2017 398 2057 4.
466 2006 525 2047 D.
547 2006 752 2061 Joannes
774 2003 1014 2059 Seijdelius
1042 2003 1207 2046 missus
1235 2009 1304 2046 est
1334 2002 1612 2046 Tirnauiam:
1646 2005 1781 2048 modo
1810 2005 1906 2061 agit

268 2080 563 2125 ecclesiasten
589 2081 793 2126 Posonii.

358 2169 398 2212 5.
464 2160 521 2201 D.
543 2160 745 2216 Joannes
768 2159 1086 2201 Aschermann
1109 2157 1274 2201 missus
1296 2164 1365 2202 est
1387 2158 1431 2201 in
1457 2158 1706 2201 Poloniam.

355 2236 397 2277 6.
464 2236 519 2278 D.
549 2236 828 2279 Adalbertus
852 2236 1063 2278 Bauzeck
1086 2234 1198 2277 nihil
1220 2235 1358 2279 habet
1380 2236 1502 2278 noui.

355 2324 397 2364 7.
463 2314 525 2355 M.
555 2312 826 2356 Franciscus
849 2312 1015 2357 Sunier
1038 2311 1204 2355 missus
1227 2320 1296 2355 est
1318 2312 1364 2354 in
1389 2312 1640 2356 Poloniam.

355 2389 394 2430 8.
463 2391 523 2432 M.
552 2389 866 2432 Theodoricus
889 2390 945 2432 ab
970 2390 1337 2433 Hauechkesche
1360 2388 1473 2431 nihil
1496 2389 1603 2433 noui
1625 2390 1777 2433 habet.

351 2480 393 2522 9.
461 2467 525 2510 M.
551 2465 786 2509 Emericus
809 2466 1060 2518 Forslerus,
1086 2479 1225 2518 nunc,
1252 2465 1466 2509 uisitante
1488 2467 1542 2510 R.
1570 2467 1623 2509 P.
1645 2466 1795 2510 Natali
1813 2468 1898 2509 hoc

262 2542 521 2599 collegium,
543 2544 689 2586 factus
706 2551 775 2586 est
793 2550 955 2586 rector.
977 2542 1175 2586 Docebit
1191 2543 1488 2586 scholasticos
1504 2543 1755 2607 doctrinam
1773 2543 1898 2586 chri-

263 2618 452 2663 stianam
478 2620 629 2663 latine.

331 2779 347 2795 ³1
398 2768 487 2803 Nat.
508 2768 546 2803 in
567 2780 688 2814 marg.
706 2769 967 2815 Pohlniam]¹
1022 2770 1086 2796 —b
1115 2768 1192 2804 Sic.
1211 2768 1317 2804 Alibi
1338 2768 1376 2804 in
1396 2768 1534 2805 iisdem
1553 2768 1740 2815 catalogis
1759 2768 1894 2804 scribi-

259 2833 321 2862 tur
340 2828 606 2873 Brogelmau.

333 2960 339 2977 ¹
394 2958 450 2992 Ex
469 2959 691 3005 apographo
709 2969 869 3003 coaevo,
892 2959 1035 3006 triplici
1056 2959 1162 3006 folio,
1189 2970 1307 3006 pagg.
1333 2967 1504 3004 271-274.
1524 2958 1674 2996 Omnes
1699 2959 1891 3006 pagellae,

255 3023 408 3061 praeter
426 3022 616 3063 quartam,
636 3018 813 3063 signatae
832 3023 937 3054 sunt.
959 3017 1160 3065 Scriptura
1177 3025 1239 3055 est
1255 3018 1378 3055 nitida
1396 3024 1436 3055 et
1453 3023 1646 3055 accurata.
