2028 3426
390 193 460 239 448
625 183 630 188 ³
862 194 1015 228 PATms
1042 193 1285 228 HmRome
1311 191 1463 227 NADAL

344 294 506 350 psalmi
543 294 888 351 poenitentiales
921 308 1023 337 cum
1048 293 1268 345 laetaniis,
1303 294 1376 336 vel
1402 307 1455 336 ea
1483 301 1531 336 vt
1555 293 1838 349 frequentius
1866 295 1977 338 fiant

342 371 535 428 singulis
553 372 927 417 hebdomadibus.
950 372 1087 415 Ferre
1105 371 1417 426 eleemosynas
1434 371 1491 413 ad
1507 384 1727 415 carceres.
1750 372 1823 415 Ad
1842 372 1977 414 Indos

342 457 499 505 petere
523 456 569 492 vt
594 449 846 500 mittantur,
868 462 970 491 cum
994 447 1114 490 omni
1135 456 1283 491 tamen
1301 447 1618 491 indifferentia.
1639 449 1707 491 Ire
1730 448 1975 491 fruetifica-
2016 488 2019 489 γ

345 533 438 569 turn
459 540 538 582 per
567 526 715 569 vicina
741 525 904 581 oppida
933 524 1064 568 binos
1092 525 1137 567 in
1167 532 1450 580 paupertate.
1478 527 1639 569 Petere
1665 525 1975 568 mortificatio-

344 618 445 646 nem
480 603 525 645 in
554 603 623 645 his
651 604 810 654 rebus,
847 601 891 645 in
925 602 1089 658 quibus
1125 601 1337 644 maiorem
1371 601 1573 646 sentiunt
1605 601 1971 658 repugnantiam.

343 681 475 723 Dicat
505 680 671 735 quiuis,
705 680 740 722 si
774 679 881 734 quid
907 686 1137 734 praeterea
1160 678 1519 721 mortificationis
1556 679 1781 722 desideret
1810 679 1971 722 facere.

343 757 539 801 Videant
562 758 695 801 etiam
725 756 998 812 superiores,
1032 757 1069 799 si
1101 755 1209 811 quid
1232 763 1465 811 praeterea
1503 756 1863 799 mortificationis
1894 770 1975 811 pro

342 835 563 890 praesenti
595 833 773 889 collegii
798 835 869 876 vel
891 835 1053 876 domus
1076 840 1197 876 statu
1221 841 1265 875 et
1288 847 1440 876 rerum
1465 833 1537 875 vel
1561 847 1855 888 personarum
1878 832 1979 877 exi-

341 912 495 967 gentia
520 911 575 953 sit
599 911 939 967 imponendum.

340 1025 430 1070 206
524 1034 807 1069 CATALOGUS
837 1038 1024 1076 EORUM,
1058 1038 1187 1075 QUAE
1218 1037 1328 1067 LEGI
1353 1038 1415 1066 AD
1440 1037 1635 1067 MENSAM
1671 1037 1884 1067 Possum*

875 1115 1179 1145 PRAEsaa‘rrM
1203 1115 1253 1144 IN
1271 1114 1526 1144 commus

429 1221 562 1265 Initio
584 1221 791 1265 lectionis
808 1222 993 1277 legatur
1015 1235 1192 1276 semper
1215 1227 1352 1276 eaput
1384 1235 1522 1262 vnum
1555 1220 1814 1264 testamenti
1845 1221 1968 1272 noui,

339 1307 524 1354 sumpto
546 1299 675 1341 initio
698 1299 754 1341 ab
774 1288 1019 1353 euangelio
1042 1297 1136 1340 diui
1174 1297 1391 1341 Matthaei
1415 1311 1557 1352 vsque
1586 1298 1642 1339 ad
1676 1298 1809 1341 finem
1846 1299 1972 1353 Apo—

338 1377 518 1432 ealipsis
542 1378 594 1418 B.
622 1377 745 1420 Ioan.
771 1374 1099 1431 euangelistae.
1121 1376 1320 1417 Possunt
1342 1374 1433 1430 legi
1452 1374 1606 1418 selecti
1631 1374 1731 1417 libri
1750 1391 1805 1419 ex
1829 1375 1970 1419 veteri

340 1460 629 1497 testamento.

425 1530 630 1586 Vesperi,
657 1531 863 1572 absoluta
891 1528 1084 1571 lectione
1112 1529 1184 1572 vel
1207 1527 1559 1584 praedicatione,
1585 1529 1766 1584 legatur
1798 1538 1969 1584 marty·
2027 1578 2028 1584 ¹

336 1607 560 1663 rologium
585 1607 847 1662 vulgariter.
875 1607 981 1661 Quo
1003 1620 1110 1648 vero
1133 1605 1205 1648 die
1222 1605 1273 1647 fit
1296 1604 1584 1657 abstinentia,
1604 1605 1780 1661 vesperi
1804 1606 1971 1662 legitur

337 1692 475 1740 eaput
497 1699 552 1726 ex
576 1691 847 1727 testamento
870 1697 994 1725 nouo
1016 1689 1061 1725 et
1083 1681 1472 1738 martyrologium.
1500 1683 1606 1737 Quo
1628 1682 1702 1727 die
1724 1682 1965 1735 ieiunatur,

335 1761 447 1803 nihil
469 1761 636 1816 legitur
660 1760 852 1816 vesperi,
879 1760 957 1803 sed
980 1758 1351 1814 martyrologium
1381 1758 1550 1814 legitur
1572 1759 1629 1801 ad
1652 1759 1905 1815 prandium.

425 1837 564 1889 Libri,
591 1837 666 1892 qui
690 1837 781 1893 legi
806 1843 995 1893 possunt
1018 1835 1258 1887 ordinarie,
1283 1842 1328 1878 et
1352 1835 1515 1878 mutari
1545 1837 1601 1878 ad
1625 1835 1872 1892 superioris
1895 1852 1966 1879 ar-

334 1915 535 1967 bitrium,
561 1929 661 1958 esse
685 1922 872 1970 possunt
895 1913 971 1969 qui
994 1922 1263 1968 sequuntur:

424 1992 626 2035 Historia
647 1990 953 2035 ecelesiastica
976 1990 1174 2034 Eusebii.

426 2068 627 2111 Historia
664 2067 968 2112 ecclesiastica
1006 2066 1273 2123 Nicephori,
1314 2066 1400 2111 207
1429 2067 1679 2111 emendatis
1718 2068 1964 2119 nonnullis,

336 2160 452 2200 quae
482 2145 636 2188 scribit
665 2145 807 2200 primo
838 2144 1023 2200 (opinor)
1053 2151 1098 2188 et
1127 2144 1328 2186 seeundo
1355 2143 1492 2195 libro,
1527 2158 1642 2199 quae
1680 2143 1873 2187 attinent
1910 2146 1968 2188 ad

335 2236 603 2278 graecorum
627 2235 801 2265 errores
823 2229 868 2263 et
897 2222 1156 2277 apocrypha
1179 2221 1414 2275 quaedam.

423 2299 611 2365 §umma
633 2297 876 2340 historialis
898 2299 955 2340 D.
984 2296 1220 2348 Antonini,
1255 2298 1375 2340 facto
1403 2296 1530 2340 initio
1558 2312 1583 2340 a
1612 2299 1814 2341 secunda
1842 2307 1966 2355 parte

335 2377 391 2420 de
424 2375 615 2420 ecclesia
643 2374 887 2431 primitiua,
919 2389 1018 2430 cap.
1060 2375 1140 2426 2.⁰,
1177 2374 1283 2416 folio
1326 2375 1465 2429 133.⁰‚
1498 2373 1543 2416 in
1577 2374 1963 2430 impressionibus,

332 2467 450 2509 quae
473 2466 595 2495 nunc
618 2451 917 2495 communiter
938 2452 1180 2502 habentur,
1208 2451 1385 2494 tametsi
1409 2451 1548 2507 possit
1579 2452 1714 2496 etiam
1747 2453 1804 2496 ab
1834 2451 1965 2496 initio

330 2531 439 2587 legi,
465 2530 545 2573 sed
569 2536 837 2572 consuetum
866 2535 934 2571 est
963 2527 1083 2579 inde,
1121 2529 1237 2570 vnde
1265 2527 1476 2580 diximus,
1509 2529 1748 2574 lectionem
1772 2529 1871 2574 eius
1894 2530 1958 2572 in-

331 2609 514 2651 choare.

418 2684 640 2740 Dialogus
657 2675 711 2728 S.
737 2681 966 2738 Gregorii.

418 2760 620 2804 Historia
642 2768 920 2811 sanctorum,
947 2757 1181 2813 Lipomani
1206 2759 1276 2803 vel
1294 2758 1414 2803 Surii
1432 2767 1449 2784 ἃ
1467 2773 1569 2801 curn
1591 2760 1963 2805 annotationibus

329 2840 384 2882 ad
409 2837 676 2894 marginem.

398 3018 414 3033 a
465 3006 572 3039 Haec
593 3013 612 3039 2
633 3005 751 3039 verba
771 3001 963 3050 posterius
982 3001 1124 3037 addita.
