2028 3426
337 234 405 275 024
809 231 964 267 Parrus
991 230 1234 265 HlERoNYm
1261 229 1412 264 NADAL

381 332 684 376 Obedientiae
716 339 759 375 et
799 330 1066 374 humilitatis
1094 330 1314 387 perfectio
1352 330 1396 373 in
1433 330 1663 375 Societate
1692 329 1850 386 exigit,
1891 330 1925 373 si

291 409 395 465 quis
418 410 474 453 de
498 424 771 464 quacunque
799 425 843 452 re
866 409 1096 451 deferatur
1121 408 1191 452 uel
1215 416 1474 459 accusetur,
1501 415 1551 450 ut
1581 408 1618 450 is
1647 422 1806 452 uerum
1836 414 1927 450 sta-

291 487 369 529 tim
409 488 606 531 fateatur
640 485 861 542 superiori
901 484 1142 541 legittimo,
1170 485 1214 527 in
1247 485 1408 529 eodem
1445 486 1543 528 foro
1566 492 1733 536 tamen,
1766 483 1812 526 in
1835 498 1928 539 quo

290 563 400 606 illud
424 563 584 616 scitur,
610 577 758 618 neque
782 577 830 605 se
853 570 1060 615 excuset,
1083 569 1226 605 totum
1253 577 1361 605 uero
1379 577 1427 606 se
1448 562 1678 618 permittat
1701 561 1925 604 uoluntati

290 654 341 683 ac
365 640 533 683 iudicio
556 639 800 695 superioris
822 638 908 692 sui;
935 639 1057 694 quod
1080 638 1116 681 si
1141 639 1293 683 uideat
1317 639 1473 682 falsam
1504 653 1604 682 esse
1633 637 1923 689 delationem,

289 717 423 760 uenia
447 724 707 761 reuerenter
730 715 886 772 petita,
913 723 1062 772 potest
1080 715 1316 760 ueritatem
1336 730 1446 758 suae
1465 715 1751 759 innocentiae
1769 721 1925 758 osten-

288 796 396 839 dere
418 793 696 849 simpliciter,
722 792 985 849 praesertim
1008 792 1045 836 si
1068 808 1122 837 eo
1146 807 1216 836 res
1240 800 1414 848 spectet
1440 799 1487 835 ut
1510 791 1841 848 periclitaretur
1866 792 1924 834 de

289 871 565 922 exclusione3
592 884 724 925 porro
747 869 784 913 si
808 870 920 914 fides
949 869 1201 913 defensioni
1240 884 1349 912 suae
1378 885 1472 913 non
1502 868 1788 920 adhibeatur,
1815 882 1925 911 con-

289 955 441 992 seruet
466 955 615 990 tamen
645 961 801 1002 pacem
832 946 1017 1002 spiritus
1044 953 1089 989 et
1121 946 1346 1002 patienter
1385 947 1496 990 ferat
1535 945 1671 990 etiam
1701 945 1924 989 exclusio-

290 1040 409 1078 ne1n3
437 1032 480 1068 et
505 1032 654 1067 tamen
678 1023 740 1066 illi
763 1031 888 1080 patet
910 1023 1177 1080 confugium
1207 1024 1263 1067 ad
1293 1022 1653 1067 commissarium
1678 1023 1751 1066 uel
1781 1037 1924 1079 gene—

290 1103 426 1145 ralem
452 1100 774 1157 praepositum,
800 1101 922 1157 apud
945 1115 1059 1157 quos
1087 1100 1293 1145 similiter
1331 1109 1439 1157 aget
1470 1108 1606 1156 atque
1638 1100 1811 1144 dictum
1836 1107 1922 1152 est,

290 1179 480 1233 eiusque
513 1177 717 1220 consilio.
755 1177 803 1222 Si
842 1177 886 1220 id
921 1177 1031 1221 uelit
1064 1177 1323 1234 praecipere
1355 1177 1628 1230 obedientia,
1656 1177 1922 1233 religionem

289 1257 420 1298 adeat
443 1254 592 1307 aliam,
619 1254 755 1298 etiam
780 1254 814 1298 si
845 1263 863 1280 ³
892 1255 1210 1299 excluderetur
1241 1262 1421 1311 propter
1446 1256 1600 1298 falsam
1630 1253 1921 1307 delationem3

289 1347 379 1388 quo
401 1340 571 1375 euentu
596 1331 706 1375 nihil
731 1339 880 1388 potest
903 1346 1001 1376 esse
1024 1331 1233 1376 acerbius
1257 1331 1369 1374 nihil
1393 1332 1567 1375 tristius
1584 1331 1617 1384 b;
1639 1346 1741 1374 nam
1760 1331 1796 1374 si
1815 1345 1919 1387 poe-

288 1409 506 1454 nitentiae
525 1409 877 1466 iniungerentur
900 1423 952 1452 ac
976 1408 1281 1465 probationes,
1315 1410 1609 1465 gaudendum
1641 1408 1807 1465 potius,
1832 1416 1922 1453 etc.

288 1488 414 1531 Haec
439 1501 529 1529 non
562 1487 707 1529 solum
741 1486 858 1529 ratio
887 1486 1128 1542 religiosae
1167 1486 1451 1530 obedientiae
1485 1493 1667 1529 nostrae
1704 1486 1920 1541 postulat,

286 1565 364 1607 sed
388 1564 554 1608 diserte
577 1563 763 1622 exponit
787 1563 900 1606 ratio
923 1563 1192 1607 humilitatis
1215 1563 1376 1607 tradita
1409 1563 1454 1606 in
1478 1563 1707 1607 exercitiis
1729 1570 1774 1608 et
1796 1563 1926 1607 locus

288 1641 472 1684 ultimus
495 1640 552 1695 4st
575 1640 736 1697 capitis
758 1647 804 1683 et
828 1649 907 1683 25¹³
931 1644 956 1695 ξ
982 1640 1037 1694 7.i
1061 1640 1221 1696 capitis
1244 1640 1464 1684 examinis
1487 1648 1518 1683 ⁶.

376 1720 496 1762 Num
521 1718 784 1770 conuenire,
806 1717 1024 1762 Societati
1048 1726 1168 1762 esset
1192 1732 1326 1773 opere
1343 1717 1555 1773 pretium,
1577 1732 1681 1761 cum
1700 1717 1924 1774 episcopis

286 1797 361 1839 uel
384 1796 519 1838 etiam
543 1810 722 1838 summo
745 1795 973 1851 pontifice,
1002 1802 1049 1837 ut
1072 1808 1166 1846 eos,
1193 1794 1268 1850 qui
1292 1794 1585 1837 dimittuntur
1615 1810 1638 1837 a
1662 1794 1795 1838 nobis
1817 1802 1921 1851 post

288 1880 393 1915 uota
417 1872 580 1926 aedita,
607 1872 809 1928 episcopi
827 1873 883 1915 de
904 1886 1038 1915 manu
1063 1879 1216 1914 nostra
1241 1871 1429 1914 traditos
1451 1871 1728 1928 exciperent,
1749 1872 1924 1914 solutos

286 1950 468 2004 quidem
494 1966 518 1993 e
556 1949 799 1994 Societatis
835 1948 1132 2005 obligatione,
1165 1950 1245 1991 sed
1283 1963 1372 1991 non
1405 1950 1461 1991 ab
1491 1949 1674 2004 speciali
1703 1948 1919 2005 episcopi,

287 2026 359 2068 cui
386 2028 672 2070 traderentur
694 2026 728 2078 d,
750 2026 1026 2079 obedientia3
1054 2026 1317 2082 praesertim
1342 2027 1617 2080 sacerdotes,
1637 2033 1682 2070 et
1703 2026 1740 2069 si
1764 2025 1922 2070 iniussi

285 2104 587 2157 discederent,
615 2112 663 2145 ut
687 2105 743 2146 ab
767 2103 991 2159 episcopis
1010 2110 1285 2159 cogerentur
1308 2104 1362 2146 ad
1389 2118 1470 2145 nos
1493 2103 1639 2147 redire
1662 2104 1734 2146 uel
1758 2103 1843 2147 sibi
1866 2103 1921 2145 li—

284 2182 391 2225 bere
413 2197 438 2224 a
461 2181 689 2225 Societate
712 2180 919 2225 concedi.

373 2257 641 2313 Superiores
665 2257 906 2301 Societatis
930 2257 1051 2300 omni
1076 2257 1227 2300 studio
1250 2265 1295 2300 et
1323 2257 1558 2314 diligentia
1587 2259 1697 2301 dent
1720 2272 1920 2314 operam,

285 2342 334 2377 ut
361 2336 558 2378 habeant
588 2336 856 2386 beneuolos,
884 2342 978 2377 tum
1013 2333 1097 2376 sibi
1131 2342 1175 2377 et
1197 2334 1407 2391 collegio,
1435 2342 1529 2377 tum
1560 2335 1796 2387 Societati,
1822 2349 1917 2387 eos,

284 2411 359 2466 qui
385 2419 551 2467 gerunt
578 2411 770 2467 primurn
809 2410 1144 2466 magistratum,
1171 2419 1266 2454 tuin
1303 2412 1551 2464 saeculare,
1579 2420 1672 2454 tum
1705 2410 1920 2456 ecclesia-

287 2488 467 2540 sticuin3
494 2502 545 2531 ea
570 2487 689 2531 enirn
723 2487 985 2530 coniunctio
1015 2502 1104 2530 non
1134 2503 1292 2544 parum
1328 2489 1534 2531 conferre
1562 2488 1728 2545 poterit
1751 2490 1807 2532 ad
1829 2503 1918 2546 gu-

284 2565 595 2609 bernationem
621 2564 939 2620 collegiorum,
965 2573 1010 2607 et
1035 2564 1335 2608 continendos
1358 2565 1401 2607 in
1426 2565 1590 2618 officio,
1618 2565 1732 2621 siqui
1755 2581 1812 2609 ex
1835 2580 1917 2609 no-

286 2643 389 2685 ¹stris
413 2641 568 2686 discoli
599 2642 904 2686 efficerentur.
942 2642 1072 2685 Esset
1100 2642 1235 2684 etiam
1271 2642 1380 2686 utile
1414 2657 1742 2699 nonnunquam
1765 2651 1782 2668 ‘³
1811 2657 1915 2686 curn

286 2719 372 2763 illis
396 2718 672 2762 familiariter
695 2732 833 2774 agere
850 2718 907 2760 de
925 2719 1061 2761 rebus
1077 2726 1121 2761 et
1139 2719 1471 2774 gubernatione
1488 2719 1689 2776 collegii,
1715 2734 1917 2776 praeser-

351 2934 366 2948 =¹
418 2921 675 2957 Emendatum
701 2932 723 2956 a
750 2920 839 2956 Nat.
873 2932 920 2955 ex
955 2921 1068 2955 modo
1100 2932 1193 2956 non.
1245 2922 1310 2947 —b
1338 2921 1552 2956 Emendata
1584 2923 1679 2957 haec
1710 2930 1731 2956 2
1757 2923 1876 2958 verba
1895 2934 1918 2958 a

282 2981 368 3015 Nat.
393 2993 439 3016 ex
462 2981 523 3016 uel
541 2979 773 3027 difficilius,
829 2987 892 3006 —0
918 2980 998 3015 Ult.
1021 2988 1040 3023 5
1062 2980 1179 3014 verba
1196 2978 1327 3014 addita
1354 2985 1484 3014 sunta
1505 2980 1593 3018 Nat.
1646 2982 1711 3008 —d
1738 2982 1917 3017 tradere-

284 3044 349 3074 tur
372 3053 440 3076 ms.
495 3053 555 3068 —c
583 3040 840 3076 Emendatum
860 3051 880 3074 a
900 3039 989 3074 Nat.
1011 3050 1059 3074 ex
1080 3039 1380 3084 Nonnunquam
1400 3040 1522 3075 etiam
1542 3044 1638 3076 esset
1658 3041 1768 3076 utile.
