2028 3426
516 250 866 284 ADHORTArlouis
892 250 967 284 6.ae
995 250 1310 293 EXCERPTA—67
1607 247 1677 282 663

99 352 401 408 flegmaticus,
427 351 723 407 sanguineus,
755 366 810 393 an
842 350 1208 403 melancholicus,
1241 350 1348 404 quid
1382 365 1529 393 rerum
1559 349 1604 391 in
1634 352 1724 393 vita

100 429 262 485 egerit,
295 436 415 484 agat.
451 430 554 471 Hoc
593 435 828 483 propterea
857 427 1182 482 inuestigabat,
1223 433 1269 467 vt
1308 441 1408 469 sese
1446 427 1506 468 illi
1544 441 1725 481 prorsus

100 506 313 561 adaptare
335 513 488 561 posset
509 504 817 561 prouidenter.

190 583 403 624 Addebat
431 581 544 623 nihil
571 581 698 624 initio
726 582 782 623 de
815 581 1011 636 peccatis
1049 581 1120 622 vel
1158 580 1402 622 virtutibus
1440 579 1726 635 capessendis

101 672 202 701 esse
225 659 471 714 agendum,
497 660 576 702 sed
598 659 653 701 de
677 659 813 700 rebus
836 657 886 713 (si
916 657 978 700 ita
1006 672 1077 700 res
1107 657 1255 710 ferret)
1285 655 1647 706 indiferentibus,
1684 664 1726 698 et

102 736 194 779 fere
224 737 280 779 de
309 735 378 788 iis,
413 750 529 791 quae
557 735 620 777 illi
651 734 828 777 fortasis
862 733 1200 784 vsuvenissent;
1230 740 1301 785 „vt,
1338 732 1466 774 militi
1499 733 1555 775 de
1588 733 1723 783 bello;

103 812 356 864 mercatori,
382 814 438 855 de
461 811 779 864 mercimoniis;
807 811 961 862 nobili,
988 811 1044 853 de
1067 809 1332 865 magistratu
1357 816 1402 851 et
1430 808 1580 859 rebus,
1613 822 1727 862 quae

101 889 145 930 in
171 889 401 944 republica
423 890 495 932 vel
519 903 660 943 regno
682 895 905 943 geruntur
927 887 1025 929 siue
1058 892 1276 942 aguntur,
1312 884 1636 936 ecclesiastico,
1671 885 1726 927 de

102 966 238 1009 rebus
261 965 595 1017 ecclesiasticis,
617 966 672 1007 de
690 964 1020 1020 gubernatione
1038 962 1270 1014 ecclesiae;
1293 961 1493 1004 similiter
1511 975 1614 1003 cum
1633 960 1728 1003 aliis

103 1043 332 1098 agendum
356 1043 412 1085 de
435 1041 503 1084 sui
532 1049 678 1085 status
706 1042 857 1094 rebus,
889 1042 960 1083 vel
990 1040 1173 1082 omnino
1203 1041 1259 1081 ab
1289 1039 1375 1080 illis
1403 1039 1654 1080 curandum
1683 1049 1728 1078 vt

102 1119 289 1161 materia
311 1118 522 1173 colloquii
547 1127 840 1174 proponatur,
867 1125 911 1161 et
938 1117 999 1158 illi
1029 1124 1096 1160 est
1125 1115 1385 1171 accipienda
1418 1122 1548 1167 grato
1577 1115 1725 1166 modo,

104 1196 235 1237 modo
259 1195 374 1237 mala
397 1210 490 1237 non
514 1195 586 1246 sit,
608 1193 781 1237 etiamsi
805 1192 1036 1236 secularis.

191 1273 240 1314 In
263 1271 334 1313 his
356 1286 464 1314 vero
488 1271 724 1326 colloquiis
746 1278 815 1314 est
837 1277 1008 1312 attente
1037 1269 1365 1324 inspiciendum
1395 1277 1443 1309 vt
1467 1268 1724 1310 huiusmodi

102 1348 289 1392 materia
319 1348 531 1402 colloquii
561 1348 804 1403 deligatur,
837 1346 1005 1401 aliquid
1027 1347 1146 1388 vnde
1178 1347 1233 1388 de
1265 1347 1410 1388 salute
1447 1345 1566 1386 illius
1594 1360 1729 1400 agere

104 1425 328 1480 possimus
351 1431 620 1480 opportune.
649 1425 781 1466 Hanc
803 1423 1021 1466 rationem
1046 1423 1211 1478 agendi
1241 1423 1414 1465 solebat
1446 1424 1495 1463 P.
1528 1421 1730 1476 Ignatius

106 1501 339 1557 hispanice
362 1501 601 1557 explicare:
629 1508 781 1544 entrar
804 1514 892 1543 con
916 1501 956 1542 la
978 1501 1121 1542 dellos
1143 1515 1171 1554 y
1194 1499 1313 1541 sallir
1342 1512 1426 1539 con
1457 1499 1499 1539 la
1528 1505 1725 1549 nuestra3

104 1578 149 1621 id
173 1586 258 1629 est,
285 1578 405 1621 adire
428 1592 507 1622 eos
530 1592 609 1633 pro
632 1592 787 1620 eorum
811 1578 1060 1627 voluntate,
1087 1577 1142 1618 ad
1166 1583 1366 1617 nostram
1391 1584 1540 1616 tamen
1564 1575 1724 1618 euade—

104 1670 166 1697 re.
195 1655 386 1698 Dicebat
409 1655 528 1698 enim
552 1669 644 1696 non
665 1668 763 1696 esse
786 1653 935 1695 statim
959 1654 1014 1695 de
1036 1652 1171 1703 vitiis,
1197 1653 1252 1694 de
1275 1651 1533 1702 virtutibus,
1556 1652 1611 1693 de
1630 1666 1725 1705 my-

102 1731 250 1775 steriis
274 1730 363 1783 Xfi,
389 1731 482 1773 vita
510 1740 555 1773 et
583 1737 727 1774 morte
756 1731 1000 1785 agendum,
1037 1744 1093 1771 ne
1127 1736 1365 1782 antequam
1401 1743 1483 1769 nos
1522 1728 1729 1770 audirent
1764 1751 1768 1755 -

101 1809 310 1859 libenter,
346 1822 423 1851 eos
451 1823 477 1850 a
505 1807 635 1850 nobis
673 1814 827 1849 nostra
866 1806 947 1849 zeli
985 1805 1323 1860 importunitate
1360 1804 1647 1860 abigeremus
1685 1812 1730 1846 et

106 1886 361 1927 faceremus
384 1892 433 1925 vt
456 1884 566 1925 nihil
589 1885 757 1927 vellent
780 1883 949 1925 audire.
976 1884 1152 1938 Neque,
1185 1882 1316 1923 etiam
1348 1884 1383 1923 si
1415 1896 1496 1923 nos
1525 1882 1730 1922 lubenter

103 1961 308 2013 audiant,
333 1962 390 2003 ad
412 1960 758 2003 detestationem
782 1969 798 1984 ²²
826 1967 1112 2015 peccatorum
1142 1967 1210 2002 est
1239 1958 1389 2000 statim
1421 1958 1725 2008 insiliendum,

101 2039 181 2081 sed
204 2045 306 2093 post
329 2038 440 2080 illud
462 2038 517 2079 de
548 2038 683 2079 rebus
717 2036 928 2078 humanis
958 2036 1028 2079 vel
1059 2035 1253 2090 politicis
1282 2034 1574 2088 colloquium,
1608 2034 1730 2089 prius

100 2116 156 2156 de
194 2115 336 2169 gestis
365 2121 641 2165 sanctorum,
674 2114 730 2156 de
759 2112 831 2155 X}
862 2112 968 2165 vita,
999 2112 1221 2163 doctrina,
1263 2119 1423 2161 morte,
1465 2111 1724 2160 virtutibus,

101 2198 170 2234 est
193 2191 494 2241 tractandum,
521 2190 640 2232 vnde
663 2190 741 2232 fiet
764 2188 969 2231 transitio
992 2189 1048 2230 ad
1072 2188 1285 2229 vitiorum
1319 2187 1662 2230 detestationem
1687 2187 1728 2227 in

104 2267 379 2310 Vniuersum.
407 2268 501 2309 Nec
525 2267 581 2308 ad
609 2266 707 2308 eius
737 2265 843 2307 vitia
875 2265 1166 2315 veniendum,
1202 2264 1288 2305 nisi
1321 2264 1414 2319 ipse
1447 2265 1523 2307 det
1554 2277 1724 2312 ansam,

102 2359 235 2399 quam
266 2343 439 2398 placide
472 2343 809 2398 apprehendere
844 2341 1081 2396 possimus.
1122 2342 1461 2394 Nonnunquam
1501 2340 1634 2382 etiam
1669 2342 1730 2394 (vt

103 2420 239 2463 etiam
265 2422 317 2462 P.
344 2420 490 2461 Faber
511 2419 704 2472 dicebat)
729 2418 815 2460 alio
838 2417 1156 2459 declinandum
1181 2426 1249 2460 est
1270 2424 1315 2458 et
1343 2417 1634 2458 detrectanda
1657 2416 1728 2456 illa

102 2495 386 2551 particularis
409 2503 454 2539 et
471 2495 706 2537 indiuidua
723 2494 933 2536 vitiorum
954 2494 1180 2536 tractatio.
1204 2495 1258 2535 Et
1277 2501 1425 2534 tamen
1444 2492 1480 2534 si
1499 2506 1728 2545 nunquam

102 2573 196 2627 ipse
218 2573 274 2614 de
296 2572 390 2615 suis
412 2573 548 2614 rebus
571 2579 728 2627 ageret
751 2571 821 2614 vel
845 2571 1119 2622 consuleret,
1146 2584 1200 2613 eo
1223 2578 1345 2612 certe
1368 2568 1723 2622 perueniendum

101 2656 185 2700 est,
207 2656 254 2690 vt
277 2650 571 2691 consulamus
588 2647 935 2698 confessionem,
956 2646 1081 2701 prius
1104 2646 1438 2701 particularem,
1460 2644 1561 2686 dein
1587 2657 1728 2697 gene-

104 2727 256 2778 ralem,
297 2725 596 2779 frequentiam
640 2731 1041 2773 sacramentorum,
1083 2723 1265 2764 modurn
1309 2720 1482 2770 orandi,
1528 2719 1727 2761 sectandi

102 2803 223 2844 bona
245 2816 397 2857 opera,
421 2802 519 2844 Deo
542 2801 559 2826 b
582 2801 824 2845 seruiendi.
859 2800 995 2854 Quod
1019 2799 1053 2841 si
1086 2799 1253 2841 fortase
1282 2796 1462 2839 eueniat
1490 2803 1537 2836 vt
1568 2794 1728 2848 aliquis

102 2885 258 2921 nostra
296 2878 475 2933 quidem
516 2877 848 2921 consuetudine
881 2876 1073 2918 libenter
1105 2881 1256 2915 Vtatur
1294 2882 1338 2915 et
1372 2875 1648 2926 frequenter,
1685 2879 1728 2913 et

172 3056 188 3071 a
238 3044 416 3081 obscure
436 3050 624 3079 notatum.
679 3046 743 3070 -1›
772 3043 849 3077 Dei
873 3054 944 3079 ms.
