2028 3426
334 274 373 300 12
904 262 1084 298 ΝοτιτιΑ
1111 268 1301 296 conicum

362 379 399 413 4.
459 366 610 404 «Modo
632 377 711 413 que
733 377 776 402 se
803 365 910 402 debe
935 370 1051 402 tener
1076 363 1264 400 tratando
1291 374 1368 400 con
1396 363 1456 400 los
1483 363 1712 411 superiores
1739 375 1763 411 y
1792 367 1914 400 otros.

290 446 399 485 1555.
422 437 661 486 Cartapacio
683 437 747 473 del
770 437 810 474 P.
834 436 946 484 Luys
967 435 1206 483 Perpifian.»
1226 444 1248 470 2
1270 433 1372 471 foliis
1394 435 1552 482 scriptis
1567 440 1607 471 et
1625 444 1646 470 2
1662 434 1802 471 vacuis
1823 445 1916 470 coa·

285 510 410 547 lescit.
432 509 579 546 Manus
599 509 749 557 ignota.
771 507 873 545 Sunt
888 506 1051 555 regulae
1078 505 1304 542 modestiae
1332 506 1592 553 antiquiores,
1619 516 1791 553 quarum
1817 504 1915 541 alte-

284 593 371 618 rum
398 580 633 628 exemplum
660 579 832 616 habetur
858 579 895 614 in
913 577 1014 614 Cod.
1049 576 1167 614 Vatic.
1191 574 1227 621 ό,
1250 587 1389 625 opusc.
1415 577 1468 626 3.⁰
1490 576 1761 624 Desumptum
1781 580 1843 612 est
1862 586 1917 612 ex

284 652 463 700 quodam
489 651 624 688 libello
647 651 687 688 P.
716 650 915 687 Ludovici
944 648 1184 696 Perpiniani,
1205 653 1248 684 ut
1275 647 1446 685 habetur
1472 659 1526 684 ex
1553 648 1629 684 hac
1657 646 1917 694 inscriptione

287 723 324 758 in
345 722 410 759 sol.
432 733 483 768 4v
510 721 654 770 posita:
684 720 771 757 «Lo
799 730 879 767 que
906 730 949 756 se
975 717 1153 756 traslado
1180 717 1231 754 de
1258 729 1311 754 vn
1343 718 1569 766 cartapazio
1597 717 1662 753 del
1690 716 1776 754 Pre.
1805 716 1918 764 Luys

252 790 257 794 ’
286 793 522 841 Perpifian.»
546 793 627 829 Inc.
652 792 736 828 «La
757 791 909 838 cabeca
930 790 1130 837 queda...»
1154 789 1250 826 Des.
1272 789 1420 826 eodem
1440 789 1536 825 folio
1556 800 1687 825 verso:
1712 788 1872 825 «...uino
1893 799 1917 836 y

287 865 403 901 caldo
438 877 460 912 y
483 876 536 900 no
571 869 657 901 otra
679 874 813 900 cosa.»
836 862 879 898 In
909 862 975 899 fol.
1006 871 1049 898 2r
1074 861 1139 898 hic
1164 861 1302 898 titulus
1329 860 1511 898 habetur:
1543 860 1695 897 «Auiso
1723 870 1841 896 como
1868 869 1917 895 an

287 936 337 973 de
366 937 544 973 caminar
573 936 633 971 los
653 935 705 971 de
735 934 772 971 13
793 933 1019 981 Compafn'a
1046 937 1158 969 entre
1185 932 1285 969 ellos
1312 945 1336 981 y
1362 937 1474 969 entre
1502 942 1697 980 personas
1718 930 1770 967 de
1797 930 1920 975 fuera,

288 1019 365 1055 que
387 1008 475 1044 hizo
496 1012 661 1044 nuestro
683 1006 811 1042 Padre
833 1005 991 1054 Ignatio
1012 1015 1062 1041 en
1083 1004 1120 1040 el
1141 1006 1220 1041 aiio
1241 1003 1292 1040 de
1320 1010 1456 1050 1555.»
1479 1003 1570 1040 Hoc
1598 1002 1826 1039 secundum
1846 1001 1919 1038 do-

288 1084 520 1116 cumentum
541 1078 592 1115 ab
613 1077 761 1114 eodem
781 1076 955 1121 librario,
976 1076 1044 1123 qui
1064 1075 1173 1123 prius
1189 1075 1360 1123 scripsit,
1376 1079 1437 1111 est
1453 1079 1675 1111 exaratum.
1694 1073 1775 1109 lnc.
1798 1071 1920 1109 «Por-

289 1162 367 1196 ‹1ue
389 1150 424 1186 la
446 1150 624 1186 exterior
643 1149 908 1185 modestia...»
931 1147 1026 1184 Des.
1052 1143 1219 1184 «.2.cada
1239 1158 1321 1183 uno
1343 1157 1462 1182 como
1482 1145 1518 1181 lc
1538 1144 1788 1193 parescera.»

371 1230 403 1268 5.
463 1221 601 1257 «Haec
623 1220 729 1257 dicta
751 1224 844 1256 sunt
863 1230 885 1255 a
907 1219 954 1256 R.
976 1219 1016 1255 P.
1040 1218 1186 1264 Natali,
1215 1229 1354 1254 mense
1382 1217 1516 1254 Marzo
1545 1217 1654 1265 1567.
1686 1214 1918 1253 Coloniae.»

291 1294 312 1328 8
334 1293 436 1329 foliis
464 1293 620 1339 scriptis
647 1295 818 1328 constat.
846 1289 948 1328 Sunt
974 1295 1169 1338 excerpta
1196 1300 1250 1326 ex
1278 1287 1642 1332 adhortationibus,
1667 1298 1776 1324 anno
1810 1286 1921 1334 1567,

291 1375 430 1401 mense
456 1364 614 1409 Martio,
643 1362 841 1400 Coloniae
868 1374 890 1399 a
917 1362 959 1398 P.
987 1361 1117 1398 Natali
1146 1361 1304 1398 habitis.
1332 1360 1476 1396 Manus
1505 1359 1665 1396 videtur
1693 1359 1734 1395 P.
1766 1358 1924 1402 Busaei,

291 1448 382 1472 cum
402 1436 521 1472 variis
543 1433 898 1472 emendationibus
920 1433 1182 1482 autographis
1202 1432 1243 1469 P.
1265 1431 1431 1477 Natalis,
1453 1432 1519 1478 qui
1541 1430 1617 1467 sub
1637 1430 1796 1467 titulum
1823 1429 1923 1465 haec

292 1507 447 1543 addidit
472 1506 634 1554 propria
661 1517 794 1542 manu:
826 1503 1032 1542 «Collecta
1059 1516 1158 1540 vero
1186 1509 1278 1540 sunt
1305 1515 1328 1540 a
1355 1503 1396 1539 P.
1418 1502 1590 1539 Buseo.»
1614 1501 1738 1538 Porro
1759 1501 1835 1536 hae
1853 1499 1923 1536 ad-

292 1579 540 1615 hortationes
567 1578 605 1614 in
635 1577 847 1614 Societatis
877 1576 1057 1613 instituto
1084 1580 1308 1620 versantur,
1338 1575 1377 1611 in
1407 1574 1481 1611 illis
1511 1573 1618 1610 enim
1647 1572 1854 1609 disseritur
1874 1571 1925 1607 de

293 1650 540 1686 institutione
561 1649 680 1696 hujus
700 1648 920 1697 religionis,
936 1647 987 1684 de
1003 1647 1097 1692 fine,
1114 1646 1166 1683 de
1182 1646 1325 1683 mediis
1342 1647 1380 1682 in
1397 1656 1560 1694 genere,
1577 1644 1629 1680 de
1648 1643 1767 1690 variis
1782 1641 1925 1679 mediis

292 1722 329 1757 in
352 1721 501 1768 specie,
520 1720 722 1765 videlicet,
739 1719 790 1756 de
812 1719 1015 1756 exercitiis
1036 1717 1323 1767 spiritualibus,
1339 1717 1390 1753 de
1412 1720 1662 1764 paupertate,
1684 1715 1866 1751 castitate
1887 1718 1926 1750 et

293 1792 536 1829 obedientia.
564 1791 646 1829 Inc.
677 1791 816 1828 «Haec
844 1790 952 1827 dicta
973 1795 1065 1827 sunt
1092 1801 1114 1826 a
1142 1789 1189 1826 R.
1218 1789 1259 1826 P.
1287 1788 1457 1825 Natali...
1485 1787 1546 1824 De
1573 1786 1785 1823 Societatis
1814 1785 1924 1821 insti-

292 1869 416 1901 tuto...
439 1863 600 1900 Initium
626 1863 839 1900 Societatis
861 1867 921 1898 est
948 1862 1088 1911 gratia,
1109 1861 1334 1898 bonitas...»
1364 1860 1459 1896 Des.
1483 1869 1638 1896 «...esse
1664 1856 1925 1905 impossibile.

297 1935 546 1982 impossibile
568 1934 749 1971 dicitur.»
772 1933 1037 1970 Desideratur
1056 1932 1146 1969 finis
1163 1933 1307 1969 horum
1327 1936 1626 1978 excerptorum.

370 2007 406 2043 6.
466 2006 640 2055 «Reglas
675 2005 898 2055 generales.
916 2026 955 2031 -
971 2004 1163 2041 Scrittura
1198 2003 1262 2040 del
1297 2004 1449 2050 tiempo
1482 2001 1546 2038 del
1582 2000 1623 2037 P.
1658 1999 1801 2045 Nadal,
1835 2011 1926 2036 cum

295 2077 477 2125 ejusdem
509 2076 830 2114 correctionibus
865 2076 1165 2125 autographis»
1211 2075 1256 2111 16
1282 2075 1385 2111 foliis
1413 2079 1583 2118 constat,
1610 2084 1784 2120 quorum
1816 2080 1862 2108 10
1889 2076 1928 2107 ct

302 2149 345 2186 16
379 2161 477 2196 pura
511 2153 732 2185 remanent:
769 2154 929 2185 caetera
957 2147 1105 2195 scripta
1132 2146 1183 2183 ab
1219 2148 1360 2195 ignoto
1386 2145 1547 2182 librario
1575 2150 1614 2181 et
1641 2156 1663 2181 a
1691 2143 1823 2180 Natali
1851 2142 1927 2194 fre-

294 2226 464 2267 quenter
484 2219 710 2256 emendata.
728 2218 899 2256 Titulus:
919 2218 1092 2268 «Reglas
1114 2217 1362 2267 generales.»
1385 2217 1447 2254 bis
1468 2216 1641 2254 habetur
1657 2226 1711 2252 sc.
1729 2216 1768 2252 in
1789 2214 1856 2251 fol.
1879 2224 1929 2259 1r,

295 2303 316 2327 a
338 2290 497 2327 librario
519 2295 722 2336 exaratus,
743 2295 783 2327 et
809 2301 868 2336 lv,
889 2301 911 2326 a
932 2289 1063 2326 Natali
1084 2290 1261 2334 iteratus,
1282 2300 1374 2325 cum
1396 2289 1470 2325 hac
1492 2287 1711 2324 additione:
1735 2285 1930 2323 «sacadas

295 2362 425 2398 delas
455 2362 800 2398 constitutiones.»
833 2361 945 2398 Folia
972 2371 1036 2406 1-9
1061 2361 1270 2398 continent
1296 2360 1556 2396 summarium
1584 2358 1929 2401 constitutionum,

298 2445 369 2470 seu
389 2433 549 2481 regulas
571 2433 775 2470 summarii
796 2444 889 2469 curn
910 2431 1111 2480 aliquibus
1132 2431 1485 2468 emendationibus
1511 2429 1774 2479 autographis
1801 2428 1927 2465 Patris

298 2504 463 2549 Natalis,
491 2515 596 2551 quae
622 2509 757 2540 tamen
780 2515 861 2540 non
883 2508 1147 2540 conservatae
1173 2508 1266 2539 sunt
1291 2502 1329 2538 in
1352 2501 1489 2538 ultima
1510 2512 1632 2537 manu
1653 2501 1762 2537 hisce
1782 2498 1930 2548 regulis

297 2576 494 2623 imposita.
518 2575 676 2623 Excipe
697 2575 878 2624 regulam
902 2582 962 2623 53,
983 2585 1088 2621 quae
1106 2574 1216 2621 prius
1232 2574 1285 2610 ita
1302 2572 1491 2610 habebat:
1511 2572 1741 2608 «Mnestren
1758 2570 1879 2607 todos
1895 2569 1930 2605 el

298 2647 448 2684 desseo
469 2659 494 2695 y
517 2646 694 2684 cuidado
716 2658 796 2693 que
816 2646 951 2683 tienen
974 2645 1025 2682 de
1047 2644 1242 2681 obseruas
1262 2644 1319 2680 135
1339 2643 1472 2692 reglas
1493 2655 1516 2691 y
1538 2642 1738 2679 acuerdos
1760 2641 1931 2685 buenos,

303 2731 324 2766 y
348 2718 399 2755 de
420 2721 516 2765 aqui
538 2717 649 2767 salga
669 2728 762 2764 que,
782 2717 1038 2754 acusandose
1058 2716 1205 2765 alguna
1224 2726 1298 2751 vez
1323 2714 1444 2751 todos
1471 2714 1507 2750 al
1529 2713 1711 2761 superior
1730 2711 1781 2748 de
1803 2723 1849 2748 su
1870 2711 1929 2747 in-

299 2789 571 2835 obseruantia,
598 2789 634 2825 le
655 2799 836 2838 rueguen
866 2800 941 2836 por
968 2799 1081 2824 amor
1101 2786 1164 2823 del
1186 2786 1315 2823 Senot
1335 2796 1414 2832 que
1435 2785 1494 2821 les
1514 2785 1618 2833 haga
1639 2783 1833 2820 obseruar
1852 2793 1929 2818 con

299 2860 396 2897 toda
423 2860 645 2897 districtic'm
673 2860 731 2896 las
757 2859 898 2896 dichas
927 2859 1058 2907 reglas
1087 2870 1111 2906 y
1143 2857 1301 2894 buenos
1330 2855 1586 2893 recuerdos.»
1617 2853 1768 2890 Natalis
1797 2858 1931 2890 autem

300 2931 421 2968 manu
441 2933 494 2968 ita
525 2931 563 2967 in
594 2932 775 2980 margine
805 2930 1020 2967 emendata
1041 2935 1111 2966 est:
1136 2928 1343 2977 «Algunas
1368 2938 1486 2963 vezes
1512 2931 1625 2962 entre
1651 2925 1686 2961 el
1708 2927 1786 2961 aiio
1810 2923 1932 2960 todos

300 3001 513 3054 1·ueg[u]en
535 3002 572 3039 al
593 3003 776 3051 superior
795 3002 853 3039 les
879 3001 1028 3038 mande
1049 3001 1121 3037 dar
1139 2999 1381 3054 penitenti-as
1407 3010 1482 3046 por
1501 2997 1558 3034 las
1585 2996 1699 3033 saltas
1719 2995 1770 3032 de
1791 2994 1931 3031 obser-

300 3086 371 3111 uar
397 3074 454 3110 las
483 3074 627 3124 reglas,
647 3085 804 3122 porque
825 3079 910 3110 este
933 3071 1122 3121 cuydado
1143 3076 1319 3108 muestre
1341 3069 1376 3106 el
1397 3080 1477 3116 que
1499 3079 1541 3105 se
1561 3069 1668 3105 tiene
1688 3067 1739 3104 de
1761 3076 1932 3114 aproue-
