2028 3426
363 251 428 295 176
832 249 985 284 PATms
1011 248 1253 282 HOERONYM!
1281 245 1432 281 NADAL

304 351 514 408 collegia,
541 351 615 395 vbi
639 351 956 402 instituuntur,
983 349 1059 405 qui
1089 349 1241 393 valent
1270 346 1455 404 ingenio
1484 347 1541 391 ad
1570 361 1752 391 omnem
1788 349 1948 392 erudi-
2004 367 2005 389 2

306 429 474 474 tionem
493 429 676 481 latinae,
691 443 884 484 graecae
896 435 940 470 et
958 425 1224 469 haebraicae
1241 424 1443 481 linguae,
1459 424 1820 478 mathematices,
1840 425 1946 482 phi-

303 506 534 562 Iosophiae
555 514 600 549 et
625 505 895 559 theologiae.
924 504 1015 559 Qui
1040 517 1149 546 uero
1173 501 1388 546 mediocri
1405 510 1513 544 sunt
1535 501 1738 558 ingenio,
1764 503 1865 555 hos,
1893 510 1945 546 ut
2010 498 2011 542 ἐ

303 583 555 634 minimum,
582 583 668 625 illis
686 582 848 624 studiis
866 581 1091 631 dedimus,
1112 594 1168 622 ex
1187 579 1352 634 quibus
1371 579 1570 624 euadant
1587 579 1776 636 egregie
1793 578 1942 633 latini,
2010 639 2011 644 Ἰ

303 674 406 702 narn
437 659 481 702 in
512 659 724 714 regendis
754 658 924 701 scholis
947 671 1171 712 occupare
1195 657 1280 699 hos
1303 658 1398 701 fere
1425 657 1643 708 solemus,
1670 655 1938 712 priusquam
1970 639 1979 670 ΛΑ
2003 648 2012 682 ³

303 738 360 779 ad
382 751 534 780 sacros
556 736 737 778 ordines
766 741 1140 791 promoueantur.
1166 733 1344 777 Deinde
1366 747 1582 776 curamus
1608 740 1655 776 ut
1682 733 1805 776 docti
1829 747 1941 777 eua-

301 815 411 856 dant
434 813 477 855 in
501 813 681 856 casibus
705 810 1026 861 conscientiae,
1047 818 1092 853 et
1110 809 1155 852 in
1179 809 1277 853 aliis
1299 809 1510 853 omnibus
1532 809 1594 852 ita
1611 809 1702 852 sint
1720 809 1956 866 instituti,v
2010 799 2011 810 ¹

305 899 351 933 ut
377 890 580 933 officium
603 888 880 932 coadiutoris
904 887 1148 942 spiritualis
1179 886 1294 930 tueri
1323 886 1514 943 possint;
1547 887 1711 931 docere
1742 887 1938 930 catechi-
1995 898 1999 905 ·

302 982 466 1020 smum3
488 967 653 1010 habere
670 965 1026 1018 exhortationes;
1042 965 1207 1009 docere
1225 978 1319 1017 eos,
1341 965 1417 1020 qui
1437 972 1593 1021 egent,
1614 964 1828 1008 exercitia
1845 964 1939 1020 spi-

302 1044 494 1096 ritualia3
525 1051 808 1087 sacramenta
836 1042 1055 1086 ecclesiae
1090 1041 1407 1086 administrare
1436 1049 1482 1086 et
1512 1056 1650 1098 opera
1680 1038 1963 1086 misericor-·

302 1122 401 1164 diae
425 1120 647 1177 persequi.
675 1121 834 1175 Neque
867 1134 974 1162 uero
1009 1119 1151 1161 nostri
1188 1119 1350 1162 studiis
1387 1119 1705 1176 defunguntur
1729 1119 1803 1162 uel
1823 1118 1959 1162 libe-⁴
2000 1150 2011 1162 κ,

303 1206 458 1241 rantur
482 1197 780 1248 scholasticis,
807 1196 892 1239 nisi
915 1198 1034 1239 hanc
1057 1197 1215 1239 saltem
1241 1197 1502 1240 facultatem
1531 1196 1622 1240 sint
1649 1194 1935 1251 consequuti.
1959 1215 1982 1245 2
2009 1208 2012 1254 ᾖ

302 1277 416 1318 Nam
440 1282 544 1317 sunt
569 1274 641 1316 alii
667 1274 795 1316 multi
819 1273 912 1328 qui,
939 1274 1072 1329 plena
1100 1273 1249 1316 studia
1275 1273 1472 1328 sequuti,
1507 1272 1708 1329 theologi
1737 1273 1942 1318 euadunt

301 1367 390 1394 non
415 1352 656 1394 admodum
681 1350 1017 1394 contemnendi.
1046 1350 1168 1394 Hinc
1190 1358 1393 1407 apparet,
1420 1365 1555 1406 quain
1578 1350 1669 1394 sint
1698 1349 1941 1406 negotiosa
1994 1352 2001 1412 j

300 1428 491 1484 collegia
515 1436 684 1479 nostra,
711 1428 891 1482 quantis
921 1413 1314 1484 occupationibus,
1347 1442 1482 1483 quarn
1513 1427 1664 1481 seriis,
1697 1441 1831 1484 quam
1855 1441 1937 1471 ne·
1976 1451 1981 1470 ,·
2009 1415 2011 1441 ³

299 1505 505 1548 cessariis
527 1505 845 1556 distineantur‚
871 1512 916 1548 et
940 1517 1091 1549 tamen
1114 1504 1248 1547 simul
1272 1505 1465 1548 habetur
1487 1503 1533 1546 in
1555 1504 1621 1548 eis
1644 1504 1757 1547 ratio
1786 1510 1936 1548 atten-
1965 1509 1970 1539 ἐ

299 1581 488 1635 tissima,
515 1590 564 1624 ut
587 1581 730 1624 nostri
748 1581 956 1637 spiritum
975 1581 1208 1634 orationis,
1230 1581 1533 1635 obedientiae,
1554 1580 1935 1633 mortificationis,
1971 1572 1978 1606 ¹·

297 1659 443 1702 omnis
473 1659 710 1716 religiosae
740 1659 937 1712 virtutis,
970 1674 1105 1714 quem
1135 1659 1180 1701 in
1211 1659 1444 1702 nouiciatu
1479 1665 1587 1702 sunt
1616 1658 1785 1715 adepti,
1818 1657 1954 1710 inter·

298 1736 573 1778 studendum
597 1735 839 1779 retineant.
1755 1774 1774 1785 ,

387 1813 452 1854 Ex
470 1812 674 1868 collegiis
693 1813 873 1855 tandem
892 1813 1132 1868 prodeunt,
1153 1812 1230 1867 qui
1247 1820 1355 1855 sunt
1374 1812 1513 1854 futuri
1531 1811 1720 1868 professi
1739 1818 1938 1867 quatuor

297 1899 504 1932 uotorum
531 1901 576 1933 et
599 1889 888 1932 coadiutores
918 1889 1190 1945 spirituales,
1218 1889 1293 1944 qui
1318 1904 1475 1932 omnes
1497 1897 1604 1932 sunt
1636 1887 1931 1944 praesbyteri.

296 1966 362 2008 Ex
381 1966 717 2009 coadiutoribus
735 1974 885 2009 auten]
904 1967 1049 2022 aliqui
1071 1981 1164 2009 esse
1180 1972 1372 2022 possunt
1393 1975 1411 1992 ἃ
1434 1966 1624 2023 professi
1645 1966 1780 2008 trium
1800 1972 1934 2008 uoto-
1991 1968 1994 2024 ]

297 2058 412 2096 rum;
439 2043 512 2085 alii
535 2045 703 2087 habent
727 2051 833 2086 uota
854 2043 1092 2099 simplicia,
1119 2043 1284 2100 quibus
1307 2043 1486 2087 liberari
1510 2057 1566 2086 ex
1583 2057 1722 2086 causa
1740 2048 1934 2098 possunt
1955 2027 1961 2038 Ἰ
1991 2044 1994 2054 ’

297 2135 321 2162 a
344 2120 547 2176 legitimo
570 2115 821 2176 superiore,
854 2135 943 2163 non
969 2128 1118 2164 tamen
1147 2122 1318 2176 absque
1343 2120 1569 2177 generalis
1592 2118 1837 2176 praepositi
1859 2118 1935 2167 iu-,

296 2197 416 2240 dicio
440 2205 485 2240 et
508 2212 755 2242 consensu,
1986 2250 1995 2262 ⁸

384 2275 443 2318 47
474 2274 629 2331 (164)ν
662 2275 962 2319 Coadiutores
993 2283 1145 2320 autern
1184 2275 1440 2320 necessario
1473 2276 1716 2327 habemus,
1755 2282 1804 2317 ut
1833 2273 1932 2319 sine
1989 2275 1996 2323 ’ἴ

296 2351 460 2407 quibus
484 2366 573 2393 non
601 2367 840 2406 possumus
865 2353 980 2396 tueri
1004 2362 1159 2396 nostra
1188 2352 1451 2395 ministeria.
1992 2342 2001 2354 ³

383 2430 498 2472 Nam
523 2429 598 2484 qui
623 2430 809 2484 professi
833 2438 939 2472 sunt
962 2438 1156 2485 quatuor
1181 2424 1408 2482 uotorum,
1435 2444 1538 2473 cum
1562 2434 1601 2472 et
1620 2416 1758 2485 pauci
1775 2430 1870 2472 sint
1886 2420 1931 2472 ei*
1948 2452 1951 2454 ·
1977 2432 1995 2487 ῥ’

294 2515 574 2561 occupentur
592 2505 635 2547 in
655 2506 949 2549 cancionibus
965 2515 1008 2551 et
1023 2507 1300 2550 lectionibus
1313 2505 1552 2559 habendis,
1566 2506 1612 2548 in
1628 2506 1930 2563 gubernanda
1955 2528 1962 2558 ς,
1981 2501 1996 2553 ·'†

295 2582 543 2635 Societate,
571 2582 614 2624 in
640 2583 931 2638 grauioribus
960 2584 1164 2639 negociis
1186 2584 1417 2641 gerendis,
1443 2583 1488 2626 in
1519 2582 1811 2627 missionibus
1840 2583 1924 2625 fre·
1955 2628 1957 2632 Α

294 2659 553 2714 quentibus,
580 2673 817 2702 necessum
844 2660 943 2712 fuit,
972 2669 1019 2702 ut
1043 2661 1218 2716 aliquos
1240 2662 1528 2713 haberemus,
1550 2660 1627 2716 qui
1645 2659 1691 2702 in
1711 2659 1922 2702 faciliori·
1939 2645 1948 2653 ⁶

293 2737 379 2778 bus
403 2735 661 2778 ministeriis
679 2735 905 2789 iuuarent‚
927 2737 969 2779 in
995 2728 1357 2781 confessionibus
1379 2737 1616 2782 audiendis
1635 2732 1942 2782 uersarentur

294 2821 337 2856 et
362 2812 460 2855 aliis
483 2812 756 2856 ministeriis.
786 2814 918 2864 Nam,
946 2823 993 2856 ut
1017 2815 1192 2870 aliquot
1206 2816 1462 2871 exemplum
1487 2814 1625 2857 huius
1649 2813 1714 2858 rei
1744 2814 1920 2866 demus,

293 2897 394 2944 post
415 2889 656 2932 conciones
679 2897 724 2931 et
747 2889 966 2934 lectiones
1004 2906 1156 2934 sacras
1185 2906 1434 2935 concursus
1463 2892 1576 2935 solet
1606 2890 1701 2933 fieri
1741 2885 1986 2939 audito-'

361 3066 377 3081 ἑ·
417 3054 528 3089 Prius
545 3057 638 3089 sunt
655 3054 801 3100 aliqui,·
818 3055 960 3091 deinde
981 3056 1130 3092 Natalis
1150 3057 1375 3093 emendavit
1392 3064 1433 3093 ut
1451 3069 1585 3104 supra.
