<?xml version="1.0" encoding="UTF-8"?>
<!DOCTYPE html PUBLIC "-//W3C//DTD XHTML 1.0 Transitional//EN"
    "http://www.w3.org/TR/xhtml1/DTD/xhtml1-transitional.dtd">
<html xmlns="http://www.w3.org/1999/xhtml" xml:lang="en" lang="en">
 <head>
  <title>
</title>
<meta http-equiv="Content-Type" content="text/html;charset=utf-8" />
  <meta name='ocr-system' content='tesseract 3.04.00' />
  <meta name='ocr-capabilities' content='ocr_page ocr_carea ocr_par ocr_line ocrx_word'/>
</head>
<body>
  <div class='ocr_page' id='page_1' title='image "./epistolaephieron11nada_0544.png"; bbox 0 0 2028 3426; ppageno 0'>
   <div class='ocr_carea' id='block_1_1' title="bbox 303 227 1380 273">
    <p class='ocr_par' dir='ltr' id='par_1_1' title="bbox 303 227 1380 273">
     <span class='ocr_line' id='line_1_1' title="bbox 303 227 1380 273; baseline -0.002 -9"><span class='ocrx_word' id='word_1_1' title='bbox 303 228 373 273; x_wconf 87' lang='lat'><strong>518</strong></span> <span class='ocrx_word' id='word_1_2' title='bbox 512 265 515 267; x_wconf 79' lang='grc'><em>,</em></span> <span class='ocrx_word' id='word_1_3' title='bbox 776 229 932 264; x_wconf 73' lang='lat' dir='ltr'><strong>PATms</strong></span> <span class='ocrx_word' id='word_1_4' title='bbox 958 228 1201 263; x_wconf 73' lang='lat' dir='ltr'><strong>HiEnoiwmi</strong></span> <span class='ocrx_word' id='word_1_5' title='bbox 1228 227 1380 263; x_wconf 80' lang='lat' dir='ltr'>NADAL</span> 
     </span>
    </p>
   </div>
   <div class='ocr_carea' id='block_1_2' title="bbox 258 330 1894 452">
    <p class='ocr_par' dir='ltr' id='par_1_2' title="bbox 258 330 1894 452">
     <span class='ocr_line' id='line_1_2' title="bbox 258 330 1894 387; baseline 0.001 -14"><span class='ocrx_word' id='word_1_6' title='bbox 258 330 529 384; x_wconf 87' lang='lat' dir='ltr'><strong>mitteretur,</strong></span> <span class='ocrx_word' id='word_1_7' title='bbox 556 345 645 374; x_wconf 91' lang='lat' dir='ltr'><strong>non</strong></span> <span class='ocrx_word' id='word_1_8' title='bbox 668 346 751 387; x_wconf 89' lang='lat' dir='ltr'><strong>pro</strong></span> <span class='ocrx_word' id='word_1_9' title='bbox 775 345 882 373; x_wconf 88' lang='lat' dir='ltr'><strong>casu</strong></span> <span class='ocrx_word' id='word_1_10' title='bbox 905 331 1051 373; x_wconf 92' lang='lat' dir='ltr'><strong>solum</strong></span> <span class='ocrx_word' id='word_1_11' title='bbox 1081 338 1313 374; x_wconf 87' lang='lat' dir='ltr'><strong>reseruato</strong></span> <span class='ocrx_word' id='word_1_12' title='bbox 1335 331 1380 373; x_wconf 90' lang='lat' dir='ltr'><strong>id</strong></span> <span class='ocrx_word' id='word_1_13' title='bbox 1410 331 1554 383; x_wconf 88' lang='lat' dir='ltr'><strong>fieret,</strong></span> <span class='ocrx_word' id='word_1_14' title='bbox 1579 331 1659 375; x_wconf 89' lang='lat' dir='ltr'><strong>sed</strong></span> <span class='ocrx_word' id='word_1_15' title='bbox 1681 337 1731 372; x_wconf 91' lang='lat' dir='ltr'><strong>vt</strong></span> <span class='ocrx_word' id='word_1_16' title='bbox 1759 330 1894 386; x_wconf 81' lang='lat' dir='ltr'><strong>plene</strong></span> 
     </span>
     <span class='ocr_line' id='line_1_3' title="bbox 258 407 655 452; baseline 0 -2"><span class='ocrx_word' id='word_1_17' title='bbox 258 407 321 450; x_wconf 93' lang='lat' dir='ltr'><strong>illi</strong></span> <span class='ocrx_word' id='word_1_18' title='bbox 344 408 655 452; x_wconf 87' lang='lat' dir='ltr'><strong>confiteretur.</strong></span> 
     </span>
    </p>
   </div>
   <div class='ocr_carea' id='block_1_3' title="bbox 263 483 2022 2772">
    <p class='ocr_par' dir='ltr' id='par_1_3' title="bbox 263 483 2022 2772">
     <span class='ocr_line' id='line_1_4' title="bbox 350 483 1895 541; baseline 0 -14"><span class='ocrx_word' id='word_1_19' title='bbox 350 486 453 528; x_wconf 93' lang='lat' dir='ltr'><strong>Non</strong></span> <span class='ocrx_word' id='word_1_20' title='bbox 476 492 769 541; x_wconf 81' lang='lat' dir='ltr'>acceptentur</span> <span class='ocrx_word' id='word_1_21' title='bbox 792 499 815 526; x_wconf 90' lang='lat' dir='ltr'><strong>a</strong></span> <span class='ocrx_word' id='word_1_22' title='bbox 839 483 1127 528; x_wconf 87' lang='lat' dir='ltr'><strong>confessariis</strong></span> <span class='ocrx_word' id='word_1_23' title='bbox 1149 485 1220 527; x_wconf 91' lang='lat' dir='ltr'><strong>vel</strong></span> <span class='ocrx_word' id='word_1_24' title='bbox 1242 484 1406 539; x_wconf 85' lang='lat' dir='ltr'><strong>quouis</strong></span> <span class='ocrx_word' id='word_1_25' title='bbox 1427 483 1516 528; x_wconf 90' lang='lat' dir='ltr'><strong>alio</strong></span> <span class='ocrx_word' id='word_1_26' title='bbox 1533 498 1589 527; x_wconf 86' lang='lat' dir='ltr'><strong>ex</strong></span> <span class='ocrx_word' id='word_1_27' title='bbox 1607 483 1772 526; x_wconf 88' lang='lat' dir='ltr'><strong>nostris</strong></span> <span class='ocrx_word' id='word_1_28' title='bbox 1790 491 1895 527; x_wconf 88' lang='lat' dir='ltr'><strong>vota</strong></span> 
     </span>
     <span class='ocr_line' id='line_1_5' title="bbox 263 560 1884 612; baseline -0.001 -6"><span class='ocrx_word' id='word_1_29' title='bbox 263 569 553 606; x_wconf 88' lang='lat' dir='ltr'><strong>externorum</strong></span> <span class='ocrx_word' id='word_1_30' title='bbox 577 562 793 612; x_wconf 90' lang='lat' dir='ltr'><strong>virorum,</strong></span> <span class='ocrx_word' id='word_1_31' title='bbox 821 562 962 604; x_wconf 89' lang='lat' dir='ltr'><strong>multo</strong></span> <span class='ocrx_word' id='word_1_32' title='bbox 984 561 1134 604; x_wconf 89' lang='lat' dir='ltr'><strong>minus</strong></span> <span class='ocrx_word' id='word_1_33' title='bbox 1156 561 1414 605; x_wconf 84' lang='lat' dir='ltr'><strong>mulierum.</strong></span> <span class='ocrx_word' id='word_1_34' title='bbox 1882 560 1884 564; x_wconf 66' lang='grc'>’</span> 
     </span>
     <span class='ocr_line' id='line_1_6' title="bbox 353 637 1899 694; baseline -0.002 -12"><span class='ocrx_word' id='word_1_35' title='bbox 353 640 607 682; x_wconf 86' lang='lat' dir='ltr'><strong>Attendant</strong></span> <span class='ocrx_word' id='word_1_36' title='bbox 629 646 843 689; x_wconf 85' lang='lat' dir='ltr'><strong>rectores,</strong></span> <span class='ocrx_word' id='word_1_37' title='bbox 869 639 1019 693; x_wconf 89' lang='lat' dir='ltr'><strong>quoad</strong></span> <span class='ocrx_word' id='word_1_38' title='bbox 1041 637 1140 681; x_wconf 89' lang='lat' dir='ltr'><strong>eius</strong></span> <span class='ocrx_word' id='word_1_39' title='bbox 1163 638 1258 681; x_wconf 85' lang='lat' dir='ltr'><strong>fieri</strong></span> <span class='ocrx_word' id='word_1_40' title='bbox 1280 637 1461 694; x_wconf 84' lang='lat' dir='ltr'><strong>poterit,</strong></span> <span class='ocrx_word' id='word_1_41' title='bbox 1487 653 1546 681; x_wconf 83' lang='lat' dir='ltr'><strong>an</strong></span> <span class='ocrx_word' id='word_1_42' title='bbox 1569 637 1780 680; x_wconf 88' lang='lat' dir='ltr'><strong>mulieres</strong></span> <span class='ocrx_word' id='word_1_43' title='bbox 1802 637 1899 680; x_wconf 93' lang='lat' dir='ltr'><strong>suis</strong></span> 
     </span>
     <span class='ocr_line' id='line_1_7' title="bbox 264 713 1895 770; baseline -0.002 -12"><span class='ocrx_word' id='word_1_44' title='bbox 264 715 550 759; x_wconf 89' lang='lat' dir='ltr'><strong>confessariis</strong></span> <span class='ocrx_word' id='word_1_45' title='bbox 573 715 759 757; x_wconf 91' lang='lat' dir='ltr'><strong>nimium</strong></span> <span class='ocrx_word' id='word_1_46' title='bbox 783 714 1055 757; x_wconf 79' lang='lat' dir='ltr'><strong>afficiantur:</strong></span> <span class='ocrx_word' id='word_1_47' title='bbox 1082 715 1127 757; x_wconf 93' lang='lat' dir='ltr'><strong>id</strong></span> <span class='ocrx_word' id='word_1_48' title='bbox 1156 715 1193 757; x_wconf 93' lang='lat' dir='ltr'><strong>si</strong></span> <span class='ocrx_word' id='word_1_49' title='bbox 1223 715 1404 758; x_wconf 85' lang='lat' dir='ltr'><strong>aliunde</strong></span> <span class='ocrx_word' id='word_1_50' title='bbox 1442 714 1558 758; x_wconf 83' lang='lat' dir='ltr'><strong>scire</strong></span> <span class='ocrx_word' id='word_1_51' title='bbox 1587 729 1675 757; x_wconf 81' lang='lat' dir='ltr'><strong>non</strong></span> <span class='ocrx_word' id='word_1_52' title='bbox 1706 713 1895 770; x_wconf 83' lang='lat' dir='ltr'><strong>possint,</strong></span> 
     </span>
     <span class='ocr_line' id='line_1_8' title="bbox 266 790 1899 847; baseline -0.001 -13"><span class='ocrx_word' id='word_1_53' title='bbox 266 793 548 847; x_wconf 82' lang='lat' dir='ltr'><strong>interrogare</strong></span> <span class='ocrx_word' id='word_1_54' title='bbox 578 799 793 847; x_wconf 89' lang='lat' dir='ltr'><strong>poterunt</strong></span> <span class='ocrx_word' id='word_1_55' title='bbox 822 792 1124 836; x_wconf 87' lang='lat' dir='ltr'><strong>confessarios</strong></span> <span class='ocrx_word' id='word_1_56' title='bbox 1152 791 1446 844; x_wconf 83' lang='lat' dir='ltr'><strong>familiariter,</strong></span> <span class='ocrx_word' id='word_1_57' title='bbox 1471 792 1507 834; x_wconf 94' lang='lat' dir='ltr'><strong>si</strong></span> <span class='ocrx_word' id='word_1_58' title='bbox 1541 791 1650 846; x_wconf 87' lang='lat' dir='ltr'><strong>quid</strong></span> <span class='ocrx_word' id='word_1_59' title='bbox 1681 792 1808 834; x_wconf 88' lang='lat' dir='ltr'><strong>saluo</strong></span> <span class='ocrx_word' id='word_1_60' title='bbox 1836 790 1899 833; x_wconf 90' lang='lat' dir='ltr'><strong>si-</strong></span> 
     </span>
     <span class='ocr_line' id='line_1_9' title="bbox 267 867 2008 924; baseline 0.001 -14"><span class='ocrx_word' id='word_1_61' title='bbox 267 868 376 924; x_wconf 84' lang='lat' dir='ltr'><strong>gillo</strong></span> <span class='ocrx_word' id='word_1_62' title='bbox 398 869 572 924; x_wconf 82' lang='lat' dir='ltr'><strong>possint</strong></span> <span class='ocrx_word' id='word_1_63' title='bbox 595 869 885 924; x_wconf 81' lang='lat' dir='ltr'><strong>respondere3</strong></span> <span class='ocrx_word' id='word_1_64' title='bbox 906 875 951 912; x_wconf 91' lang='lat' dir='ltr'><strong>et</strong></span> <span class='ocrx_word' id='word_1_65' title='bbox 972 868 1009 911; x_wconf 91' lang='lat' dir='ltr'><strong>si</strong></span> <span class='ocrx_word' id='word_1_66' title='bbox 1033 869 1094 912; x_wconf 89' lang='lat' dir='ltr'><strong>ita</strong></span> <span class='ocrx_word' id='word_1_67' title='bbox 1112 869 1185 922; x_wconf 92' lang='lat' dir='ltr'><strong>sit,</strong></span> <span class='ocrx_word' id='word_1_68' title='bbox 1211 868 1297 911; x_wconf 91' lang='lat' dir='ltr'><strong>illis</strong></span> <span class='ocrx_word' id='word_1_69' title='bbox 1320 868 1586 912; x_wconf 88' lang='lat' dir='ltr'><strong>mulieribus</strong></span> <span class='ocrx_word' id='word_1_70' title='bbox 1607 875 1767 911; x_wconf 88' lang='lat' dir='ltr'><strong>curent</strong></span> <span class='ocrx_word' id='word_1_71' title='bbox 1790 867 1903 910; x_wconf 87' lang='lat' dir='ltr'><strong>alios</strong></span> <span class='ocrx_word' id='word_1_72' title='bbox 1969 906 2008 924; x_wconf 64' lang='lat'><strong>.,</strong></span> 
     </span>
     <span class='ocr_line' id='line_1_10' title="bbox 269 943 1900 1001; baseline -0.001 -13"><span class='ocrx_word' id='word_1_73' title='bbox 269 945 503 1001; x_wconf 83' lang='lat' dir='ltr'><strong>assignare</strong></span> <span class='ocrx_word' id='word_1_74' title='bbox 531 944 846 997; x_wconf 86' lang='lat' dir='ltr'><strong>confessarios,</strong></span> <span class='ocrx_word' id='word_1_75' title='bbox 874 947 995 1000; x_wconf 89' lang='lat' dir='ltr'><strong>quod</strong></span> <span class='ocrx_word' id='word_1_76' title='bbox 1027 947 1175 990; x_wconf 90' lang='lat' dir='ltr'><strong>facere</strong></span> <span class='ocrx_word' id='word_1_77' title='bbox 1207 943 1498 1001; x_wconf 53' lang='lat' dir='ltr'><strong>per’eosdem</strong></span> <span class='ocrx_word' id='word_1_78' title='bbox 1538 945 1638 988; x_wconf 91' lang='lat' dir='ltr'><strong>illos</strong></span> <span class='ocrx_word' id='word_1_79' title='bbox 1670 953 1900 1000; x_wconf 90' lang='lat' dir='ltr'><strong>poterunt,</strong></span> 
     </span>
     <span class='ocr_line' id='line_1_11' title="bbox 270 1022 2022 1078; baseline 0.002 -13"><span class='ocrx_word' id='word_1_80' title='bbox 270 1024 347 1077; x_wconf 87' lang='lat' dir='ltr'><strong>qui</strong></span> <span class='ocrx_word' id='word_1_81' title='bbox 369 1030 475 1065; x_wconf 89' lang='lat' dir='ltr'><strong>sunt</strong></span> <span class='ocrx_word' id='word_1_82' title='bbox 494 1022 712 1064; x_wconf 90' lang='lat' dir='ltr'><strong>mutandi.</strong></span> <span class='ocrx_word' id='word_1_83' title='bbox 740 1023 878 1077; x_wconf 77' lang='lat' dir='ltr'><strong>Quod</strong></span> <span class='ocrx_word' id='word_1_84' title='bbox 900 1022 937 1065; x_wconf 91' lang='lat' dir='ltr'><strong>si</strong></span> <span class='ocrx_word' id='word_1_85' title='bbox 960 1025 1143 1067; x_wconf 88' lang='lat' dir='ltr'><strong>tandem</strong></span> <span class='ocrx_word' id='word_1_86' title='bbox 1166 1037 1239 1066; x_wconf 87' lang='lat' dir='ltr'><strong>res</strong></span> <span class='ocrx_word' id='word_1_87' title='bbox 1261 1023 1491 1067; x_wconf 89' lang='lat' dir='ltr'><strong>videretur</strong></span> <span class='ocrx_word' id='word_1_88' title='bbox 1510 1023 1763 1078; x_wconf 86' lang='lat' dir='ltr'><strong>periculosa</strong></span> <span class='ocrx_word' id='word_1_89' title='bbox 1780 1035 1900 1074; x_wconf 84' lang='lat' dir='ltr'><strong>esse,</strong></span> <span class='ocrx_word' id='word_1_90' title='bbox 2019 1059 2022 1068; x_wconf 87' lang='lat'>.</span> 
     </span>
     <span class='ocr_line' id='line_1_12' title="bbox 271 1099 2017 1157; baseline -0.001 -16"><span class='ocrx_word' id='word_1_91' title='bbox 271 1101 466 1157; x_wconf 77' lang='lat' dir='ltr'><strong>deberet¹</strong></span> <span class='ocrx_word' id='word_1_92' title='bbox 479 1099 783 1142; x_wconf 88' lang='lat' dir='ltr'><strong>confessarius</strong></span> <span class='ocrx_word' id='word_1_93' title='bbox 811 1100 868 1141; x_wconf 89' lang='lat' dir='ltr'><strong>ad</strong></span> <span class='ocrx_word' id='word_1_94' title='bbox 896 1099 1019 1142; x_wconf 91' lang='lat' dir='ltr'><strong>aliud</strong></span> <span class='ocrx_word' id='word_1_95' title='bbox 1048 1099 1291 1156; x_wconf 84' lang='lat' dir='ltr'><strong>collegium</strong></span> <span class='ocrx_word' id='word_1_96' title='bbox 1331 1101 1404 1143; x_wconf 88' lang='lat' dir='ltr'><strong>vel</strong></span> <span class='ocrx_word' id='word_1_97' title='bbox 1433 1101 1615 1142; x_wconf 89' lang='lat' dir='ltr'><strong>domum</strong></span> <span class='ocrx_word' id='word_1_98' title='bbox 1650 1099 1782 1142; x_wconf 90' lang='lat' dir='ltr'><strong>mitti.</strong></span> <span class='ocrx_word' id='word_1_99' title='bbox 1811 1099 1902 1141; x_wconf 86' lang='lat' dir='ltr'><strong>lam</strong></span> <span class='ocrx_word' id='word_1_100' title='bbox 1968 1101 2017 1135; x_wconf 52' lang='grc' dir='ltr'><strong>’Ὤ</strong></span> 
     </span>
     <span class='ocr_line' id='line_1_13' title="bbox 272 1176 2001 1245; baseline -0.001 -26"><span class='ocrx_word' id='word_1_101' title='bbox 272 1177 325 1230; x_wconf 89' lang='lat' dir='ltr'><strong>si,</strong></span> <span class='ocrx_word' id='word_1_102' title='bbox 351 1177 480 1236; x_wconf 59' lang='lat' dir='ltr'><strong>quod⁸</strong></span> <span class='ocrx_word' id='word_1_103' title='bbox 493 1176 620 1218; x_wconf 90' lang='lat' dir='ltr'><strong>Deus</strong></span> <span class='ocrx_word' id='word_1_104' title='bbox 643 1184 836 1229; x_wconf 91' lang='lat' dir='ltr'><strong>auertat,</strong></span> <span class='ocrx_word' id='word_1_105' title='bbox 863 1177 1127 1221; x_wconf 87' lang='lat' dir='ltr'><strong>confessarii</strong></span> <span class='ocrx_word' id='word_1_106' title='bbox 1149 1181 1269 1221; x_wconf 86' lang='lat' dir='ltr'><strong>esset</strong></span> <span class='ocrx_word' id='word_1_107' title='bbox 1292 1177 1337 1219; x_wconf 90' lang='lat' dir='ltr'><strong>in</strong></span> <span class='ocrx_word' id='word_1_108' title='bbox 1361 1193 1413 1220; x_wconf 89' lang='lat' dir='ltr'><strong>ea</strong></span> <span class='ocrx_word' id='word_1_109' title='bbox 1436 1191 1483 1220; x_wconf 91' lang='lat' dir='ltr'><strong>re</strong></span> <span class='ocrx_word' id='word_1_110' title='bbox 1505 1177 1654 1232; x_wconf 88' lang='lat' dir='ltr'><strong>aliqua</strong></span> <span class='ocrx_word' id='word_1_111' title='bbox 1677 1177 1826 1232; x_wconf 90' lang='lat' dir='ltr'><strong>culpa,</strong></span> <span class='ocrx_word' id='word_1_112' title='bbox 1848 1189 1901 1218; x_wconf 86' lang='lat' dir='ltr'><strong>ea</strong></span> <span class='ocrx_word' id='word_1_113' title='bbox 1995 1231 2001 1245; x_wconf 52' lang='grc' dir='ltr'>Ι</span> 
     </span>
     <span class='ocr_line' id='line_1_14' title="bbox 273 1252 2019 1309; baseline -0.001 -13"><span class='ocrx_word' id='word_1_114' title='bbox 273 1253 443 1297; x_wconf 88' lang='lat' dir='ltr'><strong>scietur</strong></span> <span class='ocrx_word' id='word_1_115' title='bbox 473 1268 498 1295; x_wconf 91' lang='lat' dir='ltr'><strong>a</strong></span> <span class='ocrx_word' id='word_1_116' title='bbox 527 1252 759 1308; x_wconf 88' lang='lat' dir='ltr'><strong>superiore</strong></span> <span class='ocrx_word' id='word_1_117' title='bbox 791 1268 871 1309; x_wconf 92' lang='lat' dir='ltr'><strong>per</strong></span> <span class='ocrx_word' id='word_1_118' title='bbox 903 1254 1255 1298; x_wconf 85' lang='lat' dir='ltr'><strong>reseruationem</strong></span> <span class='ocrx_word' id='word_1_119' title='bbox 1285 1269 1434 1306; x_wconf 85' lang='lat' dir='ltr'><strong>casus,</strong></span> <span class='ocrx_word' id='word_1_120' title='bbox 1467 1262 1511 1298; x_wconf 92' lang='lat' dir='ltr'><strong>et</strong></span> <span class='ocrx_word' id='word_1_121' title='bbox 1543 1253 1792 1305; x_wconf 83' lang='lat' dir='ltr'><strong>curabitur,</strong></span> <span class='ocrx_word' id='word_1_122' title='bbox 1823 1254 1907 1295; x_wconf 89' lang='lat' dir='ltr'><strong>ob·</strong></span> <span class='ocrx_word' id='word_1_123' title='bbox 1972 1267 2019 1293; x_wconf 39' lang='lat'><strong>31</strong></span> 
     </span>
     <span class='ocr_line' id='line_1_15' title="bbox 274 1330 2022 1387; baseline -0.001 -14"><span class='ocrx_word' id='word_1_124' title='bbox 274 1338 456 1374; x_wconf 91' lang='lat' dir='ltr'><strong>seruato</strong></span> <span class='ocrx_word' id='word_1_125' title='bbox 479 1330 643 1385; x_wconf 81' lang='lat' dir='ltr'><strong>sigillo,</strong></span> <span class='ocrx_word' id='word_1_126' title='bbox 665 1337 756 1377; x_wconf 90' lang='lat'><strong>424</strong></span> <span class='ocrx_word' id='word_1_127' title='bbox 781 1339 827 1373; x_wconf 89' lang='lat' dir='ltr'><strong>vt</strong></span> <span class='ocrx_word' id='word_1_128' title='bbox 850 1339 972 1387; x_wconf 88' lang='lat' dir='ltr'><strong>petat</strong></span> <span class='ocrx_word' id='word_1_129' title='bbox 1001 1331 1306 1374; x_wconf 86' lang='lat' dir='ltr'><strong>confessarius</strong></span> <span class='ocrx_word' id='word_1_130' title='bbox 1329 1331 1416 1374; x_wconf 91' lang='lat' dir='ltr'><strong>alio</strong></span> <span class='ocrx_word' id='word_1_131' title='bbox 1439 1331 1570 1384; x_wconf 88' lang='lat' dir='ltr'><strong>mitti;</strong></span> <span class='ocrx_word' id='word_1_132' title='bbox 1597 1332 1718 1385; x_wconf 91' lang='lat' dir='ltr'><strong>quod</strong></span> <span class='ocrx_word' id='word_1_133' title='bbox 1746 1331 1783 1374; x_wconf 92' lang='lat' dir='ltr'><strong>si</strong></span> <span class='ocrx_word' id='word_1_134' title='bbox 1812 1330 1910 1373; x_wconf 87' lang='lat' dir='ltr'><strong>nol·</strong></span> <span class='ocrx_word' id='word_1_135' title='bbox 1977 1335 2002 1366; x_wconf 83' lang='lat'><strong>.-&#39;</strong></span> <span class='ocrx_word' id='word_1_136' title='bbox 2018 1342 2022 1350; x_wconf 62' lang='lat'><em>²</em></span> 
     </span>
     <span class='ocr_line' id='line_1_16' title="bbox 278 1408 1836 1462; baseline -0.001 -12"><span class='ocrx_word' id='word_1_137' title='bbox 278 1409 356 1460; x_wconf 89' lang='lat' dir='ltr'><strong>let,</strong></span> <span class='ocrx_word' id='word_1_138' title='bbox 383 1422 474 1450; x_wconf 89' lang='lat' dir='ltr'><strong>non</strong></span> <span class='ocrx_word' id='word_1_139' title='bbox 500 1415 620 1451; x_wconf 89' lang='lat' dir='ltr'><strong>esset</strong></span> <span class='ocrx_word' id='word_1_140' title='bbox 641 1409 964 1462; x_wconf 88' lang='lat' dir='ltr'><strong>absoluendus,</strong></span> <span class='ocrx_word' id='word_1_141' title='bbox 991 1418 1035 1452; x_wconf 92' lang='lat' dir='ltr'><strong>et</strong></span> <span class='ocrx_word' id='word_1_142' title='bbox 1058 1423 1130 1453; x_wconf 89' lang='lat' dir='ltr'><strong>res</strong></span> <span class='ocrx_word' id='word_1_143' title='bbox 1155 1417 1247 1451; x_wconf 89' lang='lat' dir='ltr'><strong>tota</strong></span> <span class='ocrx_word' id='word_1_144' title='bbox 1268 1409 1454 1453; x_wconf 81' lang='lat' dir='ltr'><strong>deberet</strong></span> <span class='ocrx_word' id='word_1_145' title='bbox 1476 1410 1577 1453; x_wconf 91' lang='lat' dir='ltr'><strong>Deo</strong></span> <span class='ocrx_word' id='word_1_146' title='bbox 1601 1408 1836 1451; x_wconf 85' lang='lat' dir='ltr'><strong>committi.</strong></span> 
     </span>
     <span class='ocr_line' id='line_1_17' title="bbox 368 1484 2022 1542; baseline -0.001 -16"><span class='ocrx_word' id='word_1_147' title='bbox 368 1486 431 1528; x_wconf 87' lang='lat' dir='ltr'><strong>Ea</strong></span> <span class='ocrx_word' id='word_1_148' title='bbox 454 1485 574 1528; x_wconf 89' lang='lat' dir='ltr'><strong>enim</strong></span> <span class='ocrx_word' id='word_1_149' title='bbox 598 1485 781 1529; x_wconf 90' lang='lat' dir='ltr'><strong>debebit</strong></span> <span class='ocrx_word' id='word_1_150' title='bbox 804 1500 904 1529; x_wconf 89' lang='lat' dir='ltr'><strong>esse</strong></span> <span class='ocrx_word' id='word_1_151' title='bbox 926 1486 1223 1542; x_wconf 83' lang='lat' dir='ltr'><strong>interrogatio</strong></span> <span class='ocrx_word' id='word_1_152' title='bbox 1260 1486 1374 1538; x_wconf 87' lang='lat' dir='ltr'><strong>eius,</strong></span> <span class='ocrx_word' id='word_1_153' title='bbox 1408 1486 1485 1541; x_wconf 89' lang='lat' dir='ltr'><strong>qui</strong></span> <span class='ocrx_word' id='word_1_154' title='bbox 1515 1485 1642 1528; x_wconf 90' lang='lat' dir='ltr'><strong>audit</strong></span> <span class='ocrx_word' id='word_1_155' title='bbox 1664 1484 1912 1529; x_wconf 87' lang='lat' dir='ltr'><strong>confessio·</strong></span> <span class='ocrx_word' id='word_1_156' title='bbox 2021 1522 2022 1525; x_wconf 73' lang='grc'>,</span> 
     </span>
     <span class='ocr_line' id='line_1_18' title="bbox 278 1551 1913 1614; baseline 0 -11"><span class='ocrx_word' id='word_1_157' title='bbox 278 1551 380 1604; x_wconf 86' lang='lat' dir='ltr'><strong>nem</strong></span> <span class='ocrx_word' id='word_1_158' title='bbox 404 1570 662 1605; x_wconf 88' lang='lat' dir='ltr'><strong>nostrorum</strong></span> <span class='ocrx_word' id='word_1_159' title='bbox 692 1563 1089 1614; x_wconf 87' lang='lat' dir='ltr'><strong>confessariorum,</strong></span> <span class='ocrx_word' id='word_1_160' title='bbox 1117 1571 1164 1604; x_wconf 85' lang='lat' dir='ltr'><strong>vt</strong></span> <span class='ocrx_word' id='word_1_161' title='bbox 1193 1563 1337 1605; x_wconf 87' lang='lat' dir='ltr'><strong>sciant</strong></span> <span class='ocrx_word' id='word_1_162' title='bbox 1367 1577 1474 1605; x_wconf 90' lang='lat' dir='ltr'><strong>num</strong></span> <span class='ocrx_word' id='word_1_163' title='bbox 1513 1563 1599 1605; x_wconf 83' lang='lat' dir='ltr'><strong>illis</strong></span> <span class='ocrx_word' id='word_1_164' title='bbox 1626 1562 1813 1604; x_wconf 91' lang='lat' dir='ltr'><strong>nimium</strong></span> <span class='ocrx_word' id='word_1_165' title='bbox 1844 1561 1913 1604; x_wconf 92' lang='lat' dir='ltr'><strong>vi-</strong></span> 
     </span>
     <span class='ocr_line' id='line_1_19' title="bbox 280 1639 2020 1696; baseline -0.001 -13"><span class='ocrx_word' id='word_1_166' title='bbox 280 1640 473 1683; x_wconf 87' lang='lat' dir='ltr'><strong>deantur</strong></span> <span class='ocrx_word' id='word_1_167' title='bbox 501 1639 617 1682; x_wconf 91' lang='lat' dir='ltr'><strong>affici</strong></span> <span class='ocrx_word' id='word_1_168' title='bbox 647 1640 874 1694; x_wconf 90' lang='lat' dir='ltr'><strong>mulieres,</strong></span> <span class='ocrx_word' id='word_1_169' title='bbox 900 1641 971 1683; x_wconf 90' lang='lat' dir='ltr'><strong>vel</strong></span> <span class='ocrx_word' id='word_1_170' title='bbox 1009 1640 1072 1682; x_wconf 91' lang='lat' dir='ltr'><strong>illi</strong></span> <span class='ocrx_word' id='word_1_171' title='bbox 1100 1640 1225 1696; x_wconf 89' lang='lat' dir='ltr'><strong>ipsis,</strong></span> <span class='ocrx_word' id='word_1_172' title='bbox 1250 1648 1336 1683; x_wconf 89' lang='lat' dir='ltr'><strong>etc.</strong></span> <span class='ocrx_word' id='word_1_173' title='bbox 1372 1640 1420 1684; x_wconf 86' lang='lat' dir='ltr'><strong>Si</strong></span> <span class='ocrx_word' id='word_1_174' title='bbox 1459 1639 1639 1696; x_wconf 87' lang='lat' dir='ltr'><strong>quidem</strong></span> <span class='ocrx_word' id='word_1_175' title='bbox 1669 1639 1754 1683; x_wconf 91' lang='lat' dir='ltr'><strong>erit</strong></span> <span class='ocrx_word' id='word_1_176' title='bbox 1782 1653 1917 1682; x_wconf 90' lang='lat' dir='ltr'><strong>casus</strong></span> <span class='ocrx_word' id='word_1_177' title='bbox 1978 1663 2020 1692; x_wconf 54' lang='lat'><strong>3,</strong></span> 
     </span>
     <span class='ocr_line' id='line_1_20' title="bbox 281 1717 1914 1770; baseline 0 -12"><span class='ocrx_word' id='word_1_178' title='bbox 281 1717 354 1758; x_wconf 92' lang='lat' dir='ltr'><strong>ille</strong></span> <span class='ocrx_word' id='word_1_179' title='bbox 376 1724 636 1760; x_wconf 89' lang='lat' dir='ltr'><strong>reseruatus</strong></span> <span class='ocrx_word' id='word_1_180' title='bbox 657 1732 712 1761; x_wconf 85' lang='lat' dir='ltr'><strong>ex</strong></span> <span class='ocrx_word' id='word_1_181' title='bbox 736 1718 988 1760; x_wconf 89' lang='lat' dir='ltr'><strong>necessaria</strong></span> <span class='ocrx_word' id='word_1_182' title='bbox 1011 1717 1337 1770; x_wconf 87' lang='lat' dir='ltr'><strong>reseruatione,</strong></span> <span class='ocrx_word' id='word_1_183' title='bbox 1362 1717 1476 1760; x_wconf 88' lang='lat' dir='ltr'><strong>sciet</strong></span> <span class='ocrx_word' id='word_1_184' title='bbox 1498 1717 1625 1759; x_wconf 90' lang='lat' dir='ltr'><strong>illum</strong></span> <span class='ocrx_word' id='word_1_185' title='bbox 1655 1731 1812 1759; x_wconf 89' lang='lat' dir='ltr'><strong>casum</strong></span> <span class='ocrx_word' id='word_1_186' title='bbox 1835 1730 1914 1758; x_wconf 93' lang='lat' dir='ltr'><strong>su-</strong></span> 
     </span>
     <span class='ocr_line' id='line_1_21' title="bbox 285 1789 1915 1849; baseline -0.001 -12"><span class='ocrx_word' id='word_1_187' title='bbox 285 1793 435 1848; x_wconf 90' lang='lat' dir='ltr'><strong>perior</strong></span> <span class='ocrx_word' id='word_1_188' title='bbox 457 1801 502 1836; x_wconf 90' lang='lat' dir='ltr'><strong>et</strong></span> <span class='ocrx_word' id='word_1_189' title='bbox 526 1794 799 1849; x_wconf 91' lang='lat' dir='ltr'><strong>prouidebit,</strong></span> <span class='ocrx_word' id='word_1_190' title='bbox 825 1802 873 1836; x_wconf 87' lang='lat' dir='ltr'><strong>vt</strong></span> <span class='ocrx_word' id='word_1_191' title='bbox 895 1794 1067 1836; x_wconf 90' lang='lat' dir='ltr'><strong>dictum</strong></span> <span class='ocrx_word' id='word_1_192' title='bbox 1091 1804 1176 1837; x_wconf 89' lang='lat' dir='ltr'><strong>est.</strong></span> <span class='ocrx_word' id='word_1_193' title='bbox 1202 1794 1282 1839; x_wconf 77' lang='lat' dir='ltr'><strong>Sin</strong></span> <span class='ocrx_word' id='word_1_194' title='bbox 1307 1795 1363 1838; x_wconf 90' lang='lat' dir='ltr'><strong>de</strong></span> <span class='ocrx_word' id='word_1_195' title='bbox 1387 1789 1692 1838; x_wconf 82' lang='lat' dir='ltr'><strong>reseruatione</strong></span> <span class='ocrx_word' id='word_1_196' title='bbox 1720 1793 1915 1845; x_wconf 91' lang='lat' dir='ltr'><strong>dubitet,</strong></span> 
     </span>
     <span class='ocr_line' id='line_1_22' title="bbox 284 1870 1983 1926; baseline 0.001 -15"><span class='ocrx_word' id='word_1_197' title='bbox 284 1870 361 1925; x_wconf 89' lang='lat' dir='ltr'><strong>qui</strong></span> <span class='ocrx_word' id='word_1_198' title='bbox 385 1870 511 1912; x_wconf 87' lang='lat' dir='ltr'><strong>audit</strong></span> <span class='ocrx_word' id='word_1_199' title='bbox 534 1871 860 1915; x_wconf 87' lang='lat' dir='ltr'><strong>confessarium</strong></span> <span class='ocrx_word' id='word_1_200' title='bbox 884 1871 1026 1923; x_wconf 88' lang='lat' dir='ltr'><strong>illum,</strong></span> <span class='ocrx_word' id='word_1_201' title='bbox 1052 1879 1097 1914; x_wconf 90' lang='lat' dir='ltr'><strong>et</strong></span> <span class='ocrx_word' id='word_1_202' title='bbox 1120 1871 1287 1914; x_wconf 87' lang='lat' dir='ltr'><strong>iudicet</strong></span> <span class='ocrx_word' id='word_1_203' title='bbox 1311 1871 1472 1914; x_wconf 90' lang='lat' dir='ltr'><strong>melius</strong></span> <span class='ocrx_word' id='word_1_204' title='bbox 1494 1871 1556 1913; x_wconf 86' lang='lat' dir='ltr'><strong>illi</strong></span> <span class='ocrx_word' id='word_1_205' title='bbox 1579 1871 1755 1914; x_wconf 88' lang='lat' dir='ltr'><strong>consuli</strong></span> <span class='ocrx_word' id='word_1_206' title='bbox 1785 1884 1920 1926; x_wconf 86' lang='lat' dir='ltr'><strong>posse</strong></span> <span class='ocrx_word' id='word_1_207' title='bbox 1979 1873 1983 1878; x_wconf 70' lang='grc'><em>’</em></span> 
     </span>
     <span class='ocr_line' id='line_1_23' title="bbox 286 1931 2018 2003; baseline -0.001 -13"><span class='ocrx_word' id='word_1_208' title='bbox 286 1962 365 2003; x_wconf 85' lang='lat' dir='ltr'><strong>per</strong></span> <span class='ocrx_word' id='word_1_209' title='bbox 388 1947 685 2002; x_wconf 91' lang='lat' dir='ltr'><strong>superiorem,</strong></span> <span class='ocrx_word' id='word_1_210' title='bbox 712 1948 837 1990; x_wconf 92' lang='lat' dir='ltr'><strong>illum</strong></span> <span class='ocrx_word' id='word_1_211' title='bbox 867 1963 960 1991; x_wconf 92' lang='lat' dir='ltr'><strong>non</strong></span> <span class='ocrx_word' id='word_1_212' title='bbox 991 1949 1214 2002; x_wconf 89' lang='lat' dir='ltr'><strong>absoluet,</strong></span> <span class='ocrx_word' id='word_1_213' title='bbox 1240 1949 1318 1992; x_wconf 89' lang='lat' dir='ltr'><strong>sed</strong></span> <span class='ocrx_word' id='word_1_214' title='bbox 1348 1948 1496 1992; x_wconf 90' lang='lat' dir='ltr'><strong>mittet</strong></span> <span class='ocrx_word' id='word_1_215' title='bbox 1525 1949 1581 1991; x_wconf 86' lang='lat' dir='ltr'><strong>ad</strong></span> <span class='ocrx_word' id='word_1_216' title='bbox 1618 1947 1915 2003; x_wconf 89' lang='lat' dir='ltr'><strong>superiorem.</strong></span> <span class='ocrx_word' id='word_1_217' title='bbox 1979 1931 2018 1952; x_wconf 40' lang='lat'><strong>&#39;⁴⁵</strong></span> 
     </span>
     <span class='ocr_line' id='line_1_24' title="bbox 286 2025 1982 2081; baseline 0.001 -14"><span class='ocrx_word' id='word_1_218' title='bbox 286 2025 356 2067; x_wconf 91' lang='lat' dir='ltr'><strong>De</strong></span> <span class='ocrx_word' id='word_1_219' title='bbox 379 2038 468 2079; x_wconf 87' lang='lat' dir='ltr'><strong>qua</strong></span> <span class='ocrx_word' id='word_1_220' title='bbox 491 2025 800 2067; x_wconf 90' lang='lat' dir='ltr'><strong>reseruatione</strong></span> <span class='ocrx_word' id='word_1_221' title='bbox 822 2039 1010 2068; x_wconf 90' lang='lat' dir='ltr'><strong>casuum</strong></span> <span class='ocrx_word' id='word_1_222' title='bbox 1034 2025 1244 2081; x_wconf 89' lang='lat' dir='ltr'><strong>superius</strong></span> <span class='ocrx_word' id='word_1_223' title='bbox 1266 2025 1438 2068; x_wconf 89' lang='lat' dir='ltr'><strong>dictum</strong></span> <span class='ocrx_word' id='word_1_224' title='bbox 1463 2034 1548 2068; x_wconf 89' lang='lat' dir='ltr'><strong>est.</strong></span> <span class='ocrx_word' id='word_1_225' title='bbox 1979 2074 1982 2079; x_wconf 27' lang='lat'>¹</span> 
     </span>
     <span class='ocr_line' id='line_1_25' title="bbox 377 2101 2014 2153; baseline -0.001 -9"><span class='ocrx_word' id='word_1_226' title='bbox 377 2101 493 2144; x_wconf 91' lang='lat' dir='ltr'><strong>Cum</strong></span> <span class='ocrx_word' id='word_1_227' title='bbox 523 2102 579 2143; x_wconf 88' lang='lat' dir='ltr'><strong>ad</strong></span> <span class='ocrx_word' id='word_1_228' title='bbox 608 2102 917 2146; x_wconf 86' lang='lat' dir='ltr'><strong>confessiones</strong></span> <span class='ocrx_word' id='word_1_229' title='bbox 954 2103 1202 2146; x_wconf 80' lang='lat' dir='ltr'><strong>audiendas</strong></span> <span class='ocrx_word' id='word_1_230' title='bbox 1239 2111 1367 2146; x_wconf 89' lang='lat' dir='ltr'><strong>extra</strong></span> <span class='ocrx_word' id='word_1_231' title='bbox 1395 2103 1579 2145; x_wconf 89' lang='lat' dir='ltr'><strong>domum</strong></span> <span class='ocrx_word' id='word_1_232' title='bbox 1603 2102 1736 2145; x_wconf 90' lang='lat' dir='ltr'><strong>ierint</strong></span> <span class='ocrx_word' id='word_1_233' title='bbox 1759 2101 1920 2153; x_wconf 86' lang='lat' dir='ltr'><strong>nostri,</strong></span> <span class='ocrx_word' id='word_1_234' title='bbox 2004 2123 2014 2130; x_wconf 79' lang='lat'><em>-</em></span> 
     </span>
     <span class='ocr_line' id='line_1_26' title="bbox 290 2171 2017 2239; baseline 0.001 -19"><span class='ocrx_word' id='word_1_235' title='bbox 290 2179 363 2221; x_wconf 91' lang='lat' dir='ltr'><strong>vel</strong></span> <span class='ocrx_word' id='word_1_236' title='bbox 387 2186 435 2219; x_wconf 92' lang='lat' dir='ltr'><strong>vt</strong></span> <span class='ocrx_word' id='word_1_237' title='bbox 458 2178 755 2221; x_wconf 89' lang='lat' dir='ltr'><strong>morientibus</strong></span> <span class='ocrx_word' id='word_1_238' title='bbox 778 2179 945 2232; x_wconf 88' lang='lat' dir='ltr'><strong>adsint,</strong></span> <span class='ocrx_word' id='word_1_239' title='bbox 970 2190 1075 2222; x_wconf 91' lang='lat' dir='ltr'><strong>eant</strong></span> <span class='ocrx_word' id='word_1_240' title='bbox 1097 2180 1298 2223; x_wconf 89' lang='lat' dir='ltr'><strong>comitati</strong></span> <span class='ocrx_word' id='word_1_241' title='bbox 1322 2194 1413 2222; x_wconf 88' lang='lat' dir='ltr'><strong>vno</strong></span> <span class='ocrx_word' id='word_1_242' title='bbox 1435 2195 1490 2224; x_wconf 84' lang='lat' dir='ltr'><strong>ex</strong></span> <span class='ocrx_word' id='word_1_243' title='bbox 1515 2179 1681 2222; x_wconf 89' lang='lat' dir='ltr'><strong>nostris</strong></span> <span class='ocrx_word' id='word_1_244' title='bbox 1709 2188 1754 2221; x_wconf 89' lang='lat' dir='ltr'><strong>et</strong></span> <span class='ocrx_word' id='word_1_245' title='bbox 1783 2179 1925 2222; x_wconf 88' lang='lat' dir='ltr'><strong>altero</strong></span> <span class='ocrx_word' id='word_1_246' title='bbox 1978 2171 1987 2239; x_wconf 18' lang='grc' dir='ltr'><em>ς</em></span> <span class='ocrx_word' id='word_1_247' title='bbox 2003 2215 2017 2226; x_wconf 13' lang='grc' dir='ltr'><strong>,Α</strong></span> 
     </span>
     <span class='ocr_line' id='line_1_27' title="bbox 291 2252 1925 2311; baseline -0.001 -12"><span class='ocrx_word' id='word_1_248' title='bbox 291 2270 350 2300; x_wconf 85' lang='lat' dir='ltr'><strong>ex</strong></span> <span class='ocrx_word' id='word_1_249' title='bbox 373 2270 426 2298; x_wconf 90' lang='lat' dir='ltr'><strong>ea</strong></span> <span class='ocrx_word' id='word_1_250' title='bbox 448 2255 601 2306; x_wconf 88' lang='lat' dir='ltr'><strong>domo,</strong></span> <span class='ocrx_word' id='word_1_251' title='bbox 628 2255 684 2296; x_wconf 91' lang='lat' dir='ltr'><strong>ad</strong></span> <span class='ocrx_word' id='word_1_252' title='bbox 707 2270 841 2309; x_wconf 90' lang='lat' dir='ltr'><strong>quam</strong></span> <span class='ocrx_word' id='word_1_253' title='bbox 871 2252 1018 2299; x_wconf 75' lang='lat' dir='ltr'><strong>ierint:</strong></span> <span class='ocrx_word' id='word_1_254' title='bbox 1046 2258 1206 2299; x_wconf 90' lang='lat' dir='ltr'><strong>eodem</strong></span> <span class='ocrx_word' id='word_1_255' title='bbox 1235 2257 1371 2301; x_wconf 88' lang='lat' dir='ltr'><strong>etiam</strong></span> <span class='ocrx_word' id='word_1_256' title='bbox 1411 2257 1544 2299; x_wconf 90' lang='lat' dir='ltr'><strong>modo</strong></span> <span class='ocrx_word' id='word_1_257' title='bbox 1574 2257 1776 2308; x_wconf 87' lang='lat' dir='ltr'><strong>redeant;</strong></span> <span class='ocrx_word' id='word_1_258' title='bbox 1802 2255 1925 2311; x_wconf 92' lang='lat' dir='ltr'><strong>quod</strong></span> 
     </span>
     <span class='ocr_line' id='line_1_28' title="bbox 293 2331 1738 2388; baseline -0.001 -12"><span class='ocrx_word' id='word_1_259' title='bbox 293 2333 330 2376; x_wconf 88' lang='lat' dir='ltr'><strong>si</strong></span> <span class='ocrx_word' id='word_1_260' title='bbox 354 2332 416 2374; x_wconf 91' lang='lat' dir='ltr'><strong>ita</strong></span> <span class='ocrx_word' id='word_1_261' title='bbox 432 2331 529 2375; x_wconf 89' lang='lat' dir='ltr'><strong>fieri</strong></span> <span class='ocrx_word' id='word_1_262' title='bbox 554 2331 727 2385; x_wconf 89' lang='lat' dir='ltr'><strong>nequit,</strong></span> <span class='ocrx_word' id='word_1_263' title='bbox 754 2332 924 2376; x_wconf 89' lang='lat' dir='ltr'><strong>iudicet</strong></span> <span class='ocrx_word' id='word_1_264' title='bbox 947 2333 1152 2388; x_wconf 91' lang='lat' dir='ltr'><strong>superior</strong></span> <span class='ocrx_word' id='word_1_265' title='bbox 1174 2348 1230 2375; x_wconf 90' lang='lat' dir='ltr'><strong>an</strong></span> <span class='ocrx_word' id='word_1_266' title='bbox 1253 2333 1311 2376; x_wconf 89' lang='lat' dir='ltr'><strong>sit</strong></span> <span class='ocrx_word' id='word_1_267' title='bbox 1333 2333 1463 2376; x_wconf 87' lang='lat' dir='ltr'><strong>aliter</strong></span> <span class='ocrx_word' id='word_1_268' title='bbox 1484 2335 1685 2386; x_wconf 87' lang='lat' dir='ltr'><strong>eundum</strong></span> <span class='ocrx_word' id='word_1_269' title='bbox 1708 2341 1738 2375; x_wconf 58' lang='grc' dir='ltr'><strong>ὃ.</strong></span> 
     </span>
     <span class='ocr_line' id='line_1_29' title="bbox 383 2408 2017 2466; baseline -0.001 -14"><span class='ocrx_word' id='word_1_270' title='bbox 383 2408 790 2452; x_wconf 87' lang='lat' dir='ltr'><strong>Animaduertatur</strong></span> <span class='ocrx_word' id='word_1_271' title='bbox 826 2409 1070 2464; x_wconf 80' lang='lat' dir='ltr'><strong>diligenter</strong></span> <span class='ocrx_word' id='word_1_272' title='bbox 1113 2425 1171 2452; x_wconf 92' lang='lat' dir='ltr'><strong>an</strong></span> <span class='ocrx_word' id='word_1_273' title='bbox 1208 2409 1471 2453; x_wconf 89' lang='lat' dir='ltr'><strong>confessarii</strong></span> <span class='ocrx_word' id='word_1_274' title='bbox 1509 2410 1619 2453; x_wconf 87' lang='lat' dir='ltr'><strong>satis</strong></span> <span class='ocrx_word' id='word_1_275' title='bbox 1661 2408 1929 2453; x_wconf 87' lang='lat' dir='ltr'><strong>eruditionis</strong></span> <span class='ocrx_word' id='word_1_276' title='bbox 2012 2450 2017 2466; x_wconf 19' lang='lat' dir='ltr'><strong>h,</strong></span> 
     </span>
     <span class='ocr_line' id='line_1_30' title="bbox 295 2485 2001 2549; baseline 0.002 -21"><span class='ocrx_word' id='word_1_277' title='bbox 295 2487 510 2536; x_wconf 86' lang='lat' dir='ltr'><strong>habeant,</strong></span> <span class='ocrx_word' id='word_1_278' title='bbox 535 2499 590 2527; x_wconf 87' lang='lat' dir='ltr'><strong>an</strong></span> <span class='ocrx_word' id='word_1_279' title='bbox 622 2485 727 2527; x_wconf 89' lang='lat' dir='ltr'><strong>boni</strong></span> <span class='ocrx_word' id='word_1_280' title='bbox 756 2485 862 2537; x_wconf 90' lang='lat' dir='ltr'><strong>sint,</strong></span> <span class='ocrx_word' id='word_1_281' title='bbox 888 2501 942 2529; x_wconf 89' lang='lat' dir='ltr'><strong>an</strong></span> <span class='ocrx_word' id='word_1_282' title='bbox 974 2487 1218 2528; x_wconf 85' lang='lat' dir='ltr'><strong>admodum</strong></span> <span class='ocrx_word' id='word_1_283' title='bbox 1248 2487 1453 2530; x_wconf 87' lang='lat' dir='ltr'><strong>iuuenes.</strong></span> <span class='ocrx_word' id='word_1_284' title='bbox 1488 2487 1927 2529; x_wconf 87' lang='lat' dir='ltr'><strong>Animaduertantur</strong></span> <span class='ocrx_word' id='word_1_285' title='bbox 1972 2518 1978 2549; x_wconf 71' lang='lat' dir='ltr'>J</span> <span class='ocrx_word' id='word_1_286' title='bbox 2000 2503 2001 2506; x_wconf 70' lang='grc'>’</span> 
     </span>
     <span class='ocr_line' id='line_1_31' title="bbox 296 2561 1930 2624; baseline -0.001 -19"><span class='ocrx_word' id='word_1_287' title='bbox 296 2563 454 2606; x_wconf 89' lang='lat' dir='ltr'><strong>eadem</strong></span> <span class='ocrx_word' id='word_1_288' title='bbox 480 2565 567 2607; x_wconf 88' lang='grc'><strong>425</strong></span> <span class='ocrx_word' id='word_1_289' title='bbox 591 2561 636 2603; x_wconf 87' lang='lat' dir='ltr'><strong>in</strong></span> <span class='ocrx_word' id='word_1_290' title='bbox 659 2561 1075 2614; x_wconf 89' lang='lat' dir='ltr'><strong>concionatoribus,</strong></span> <span class='ocrx_word' id='word_1_291' title='bbox 1101 2577 1359 2618; x_wconf 84' lang='lat' dir='ltr'><strong>magnaque</strong></span> <span class='ocrx_word' id='word_1_292' title='bbox 1382 2578 1493 2624; x_wconf 85' lang='lat' dir='ltr'><strong>cura</strong></span> <span class='ocrx_word' id='word_1_293' title='bbox 1514 2572 1558 2607; x_wconf 90' lang='lat' dir='ltr'><strong>et</strong></span> <span class='ocrx_word' id='word_1_294' title='bbox 1582 2563 1652 2605; x_wconf 86' lang='lat' dir='ltr'><strong>his</strong></span> <span class='ocrx_word' id='word_1_295' title='bbox 1675 2571 1719 2607; x_wconf 91' lang='lat' dir='ltr'><strong>et</strong></span> <span class='ocrx_word' id='word_1_296' title='bbox 1737 2562 1824 2605; x_wconf 90' lang='lat' dir='ltr'><strong>illis</strong></span> <span class='ocrx_word' id='word_1_297' title='bbox 1841 2562 1930 2618; x_wconf 91' lang='lat' dir='ltr'><strong>spi-</strong></span> 
     </span>
     <span class='ocr_line' id='line_1_32' title="bbox 297 2638 1931 2695; baseline -0.002 -14"><span class='ocrx_word' id='word_1_298' title='bbox 297 2640 482 2682; x_wconf 86' lang='lat' dir='ltr'><strong>rituales</strong></span> <span class='ocrx_word' id='word_1_299' title='bbox 518 2638 840 2682; x_wconf 88' lang='lat' dir='ltr'><strong>instructiones</strong></span> <span class='ocrx_word' id='word_1_300' title='bbox 868 2639 1033 2682; x_wconf 90' lang='lat' dir='ltr'><strong>dentur</strong></span> <span class='ocrx_word' id='word_1_301' title='bbox 1064 2648 1334 2695; x_wconf 88' lang='lat' dir='ltr'><strong>opportune,</strong></span> <span class='ocrx_word' id='word_1_302' title='bbox 1367 2648 1544 2695; x_wconf 89' lang='lat' dir='ltr'><strong>praeter</strong></span> <span class='ocrx_word' id='word_1_303' title='bbox 1581 2639 1829 2682; x_wconf 89' lang='lat' dir='ltr'><strong>ordinarias</strong></span> <span class='ocrx_word' id='word_1_304' title='bbox 1860 2654 1931 2683; x_wconf 87' lang='lat' dir='ltr'><strong>re-</strong></span> 
     </span>
     <span class='ocr_line' id='line_1_33' title="bbox 299 2715 864 2772; baseline -0.004 -13"><span class='ocrx_word' id='word_1_305' title='bbox 299 2717 448 2772; x_wconf 85' lang='lat' dir='ltr'><strong>gulas,</strong></span> <span class='ocrx_word' id='word_1_306' title='bbox 475 2729 589 2770; x_wconf 93' lang='lat' dir='ltr'><strong>quas</strong></span> <span class='ocrx_word' id='word_1_307' title='bbox 612 2715 864 2758; x_wconf 84' lang='lat' dir='ltr'><strong>habebunt.</strong></span> 
     </span>
    </p>
   </div>
   <div class='ocr_carea' id='block_1_4' title="bbox 1944 0 2028 3426">
    <p class='ocr_par' dir='ltr' id='par_1_4' title="bbox 1944 0 2028 3426">
     <span class='ocr_line' id='line_1_34' title="bbox 1944 0 2028 3426; baseline 0 -705"><span class='ocrx_word' id='word_1_308' title='bbox 1944 0 2028 3426; x_wconf 95' lang='lat' dir='ltr'><strong>   </strong></span> 
     </span>
    </p>
   </div>
   <div class='ocr_carea' id='block_1_5' title="bbox 389 2763 2017 2847">
    <p class='ocr_par' dir='ltr' id='par_1_5' title="bbox 389 2763 2017 2847">
     <span class='ocr_line' id='line_1_35' title="bbox 389 2763 2017 2847; baseline 0.001 -13"><span class='ocrx_word' id='word_1_309' title='bbox 389 2792 481 2847; x_wconf 74' lang='lat' dir='ltr'><strong>Qui</strong></span> <span class='ocrx_word' id='word_1_310' title='bbox 509 2791 817 2835; x_wconf 85' lang='lat' dir='ltr'><strong>confessiones</strong></span> <span class='ocrx_word' id='word_1_311' title='bbox 851 2792 1089 2835; x_wconf 88' lang='lat' dir='ltr'><strong>mulierum</strong></span> <span class='ocrx_word' id='word_1_312' title='bbox 1127 2792 1328 2845; x_wconf 90' lang='lat' dir='ltr'><strong>audient,</strong></span> <span class='ocrx_word' id='word_1_313' title='bbox 1354 2793 1515 2836; x_wconf 86' lang='lat' dir='ltr'><strong>aetatis</strong></span> <span class='ocrx_word' id='word_1_314' title='bbox 1544 2801 1677 2837; x_wconf 87' lang='lat' dir='ltr'><strong>erunt</strong></span> <span class='ocrx_word' id='word_1_315' title='bbox 1710 2787 1931 2846; x_wconf 72' lang='lat' dir='ltr'><strong>m&#39;aturae,</strong></span> <span class='ocrx_word' id='word_1_316' title='bbox 1972 2763 2017 2846; x_wconf 58' lang='grc' dir='ltr'><strong>ἱ.</strong></span> 
     </span>
    </p>
   </div>
   <div class='ocr_carea' id='block_1_6' title="bbox 301 2859 2002 2946">
    <p class='ocr_par' dir='ltr' id='par_1_6' title="bbox 301 2851 2004 2946">
     <span class='ocr_line' id='line_1_36' title="bbox 301 2859 2002 2946; baseline 0.006 -34"><span class='ocrx_word' id='word_1_317' title='bbox 301 2871 450 2924; x_wconf 85' lang='lat' dir='ltr'><strong>quoad</strong></span> <span class='ocrx_word' id='word_1_318' title='bbox 473 2869 569 2912; x_wconf 86' lang='lat' dir='ltr'><strong>fieri</strong></span> <span class='ocrx_word' id='word_1_319' title='bbox 592 2869 771 2925; x_wconf 90' lang='lat' dir='ltr'><strong>poterit.</strong></span> <span class='ocrx_word' id='word_1_320' title='bbox 1966 2859 2002 2946; x_wconf 56' lang='lat'><strong>3³</strong></span> 
     </span>
    </p>
   </div>
   <div class='ocr_carea' id='block_1_7' title="bbox 375 3035 1086 3082">
    <p class='ocr_par' dir='ltr' id='par_1_7' title="bbox 375 3035 1086 3082">
     <span class='ocr_line' id='line_1_37' title="bbox 375 3035 1086 3082; baseline 0.001 -13"><span class='ocrx_word' id='word_1_321' title='bbox 375 3047 392 3062; x_wconf 66' lang='lat' dir='ltr'><strong>a</strong></span> <span class='ocrx_word' id='word_1_322' title='bbox 445 3044 481 3070; x_wconf 93' lang='lat'><strong>11</strong></span> <span class='ocrx_word' id='word_1_323' title='bbox 505 3037 625 3070; x_wconf 88' lang='lat' dir='ltr'><strong>verba</strong></span> <span class='ocrx_word' id='word_1_324' title='bbox 646 3037 714 3071; x_wconf 89' lang='lat' dir='ltr'><strong>ult.</strong></span> <span class='ocrx_word' id='word_1_325' title='bbox 735 3035 865 3071; x_wconf 86' lang='lat' dir='ltr'><strong>addita</strong></span> <span class='ocrx_word' id='word_1_326' title='bbox 880 3035 1086 3082; x_wconf 82' lang='lat' dir='ltr'><strong>posterius.</strong></span> 
     </span>
    </p>
   </div>
  </div>
 </body>
</html>
