2028 3426
341 188 411 233 696
815 189 968 224 Plu-ms
995 189 1238 225 Hissnonvm
1265 187 1300 222 N
1304 196 1416 224 ΑΒΜ,

295 280 505 332 Domino.
533 290 608 333 Ad
631 289 674 332 id
698 305 752 334 ex
776 289 923 345 gratia
945 289 1030 332 Dei
1054 289 1391 342 manuduceris,
1417 289 1454 332 si
1477 304 1531 332 eo
1554 304 1737 334 sensum
1762 291 1931 334 referes

297 376 474 409 tuarum
497 367 792 409 deuotionum
815 380 867 408 ac
891 365 1266 408 consolationum.

382 446 431 486 In
455 444 660 500 legendis
682 443 805 485 horis
828 442 1075 494 canonicis,
1102 442 1284 498 psalmis
1308 442 1589 498 praesertim,
1616 442 1779 486 indues
1796 442 1927 486 Chri-

297 522 354 564 sti
374 508 631 577 personam,
659 523 743 563 hoc
766 528 850 571 est,
877 519 1109 562 Christum
1134 519 1298 575 ipsum,
1324 527 1372 561 vt
1395 519 1439 561 in
1459 519 1535 563 illo
1557 527 1700 576 petas,
1727 518 1928 576 patiaris,

299 606 458 653 potens
487 598 563 649 sis,
596 597 724 653 quasi
753 597 848 653 ipse
877 596 921 638 in
961 603 1004 639 te
1041 597 1270 651 loquatur,
1305 611 1357 639 ac
1392 604 1440 639 tu
1479 597 1524 639 in
1553 596 1651 653 ipso
1689 596 1733 639 in
1772 595 1933 653 spiritu

298 683 472 727 sanctO,
498 679 567 720 123
590 675 726 717 indue
749 673 968 717 ecclesiae
991 688 1248 729 personam,
1275 673 1413 716 indue
1436 673 1562 726 alias,
1590 688 1703 729 quas
1726 673 1806 716 tibi
1829 687 1933 729 por-

301 752 407 808 rigit
430 767 502 796 res
524 752 675 807 ipsa...

387 829 436 871 In
460 829 555 871 dies
578 828 888 883 quaerendum
913 827 1020 884 quid
1044 827 1189 883 magis
1212 829 1310 870 Deo
1335 828 1524 884 placeat,
1552 827 1687 883 idque
1711 827 1933 871 instanter

300 921 352 949 ac
375 906 550 949 fortiter
573 906 869 961 operandum.

389 984 650 1039 Quaerebat
668 983 848 1038 quidam
874 983 918 1025 in
942 982 1145 1026 oratione
1168 997 1193 1024 a
1216 981 1393 1038 virgine
1412 982 1553 1026 Maria
1576 982 1685 1038 quid
1707 981 1792 1024 sibi
1815 988 1936 1025 esset

301 1062 546 1116 agendum,
573 1074 664 1114 quo
687 1061 786 1103 Deo
810 1059 958 1115 magis
980 1060 1197 1115 placeret:
1224 1058 1366 1103 sensit
1385 1066 1432 1101 vt
1455 1074 1536 1115 pro
1554 1059 1737 1103 Christo
1759 1065 1934 1115 patere-

301 1145 388 1189 tur,
415 1145 460 1180 et
483 1137 527 1179 in
552 1136 722 1181 Christi
744 1136 996 1180 imitatione
1027 1144 1150 1179 totus
1178 1143 1315 1179 esset:
1348 1142 1514 1192 gustus
1543 1136 1788 1180 accedebat
1816 1134 1935 1178 vitae

300 1223 435 1269 atque
459 1214 686 1256 actionum
705 1213 848 1269 Xpi...

390 1292 599 1333 Eundum
625 1291 669 1333 in
699 1289 1009 1343 Germaniam,
1043 1304 1146 1332 nam
1176 1289 1249 1333 vel
1280 1289 1390 1331 nihil
1418 1297 1598 1345 agetur,
1631 1297 1676 1334 et
1704 1291 1824 1332 bona
1852 1288 1936 1332 erit

302 1370 411 1410 haec
450 1367 736 1411 conl44fusio
774 1374 818 1411 et
855 1366 1131 1418 humiliatio,
1168 1366 1266 1411 siue
1304 1366 1472 1422 aliquid
1505 1366 1680 1423 agitur,
1715 1374 1761 1410 et
1794 1365 1938 1422 gloria

300 1445 384 1488 erit
408 1444 508 1496 Dei,
534 1446 606 1487 vel
629 1444 814 1487 omnino
838 1443 973 1486 faciet
996 1445 1142 1499 Xpus.
1169 1450 1217 1485 vt
1240 1451 1384 1486 morte
1413 1451 1568 1486 nostra
1596 1443 1812 1487 iuuentur
1834 1457 1937 1499 ger-

302 1522 438 1573 mani,
465 1530 510 1566 et
533 1522 578 1564 id
601 1523 680 1564 fiat
703 1522 748 1563 in
772 1529 1061 1577 peccatorum
1093 1520 1434 1576 poenitentiam:
1468 1520 1579 1564 faxit
1608 1522 1752 1576 Xpus.
1782 1527 1831 1562 vt
1859 1534 1939 1576 per

302 1599 603 1642 obedientiam
628 1599 818 1642 liceat...

393 1676 466 1720 145
500 1678 600 1719 Hoc
625 1677 763 1718 habet
787 1675 992 1720 Societas
1021 1690 1077 1718 ex
1098 1675 1244 1730 gratia
1268 1675 1336 1717 sui
1365 1675 1560 1717 instituti
1583 1682 1718 1730 atque
1741 1690 1796 1719 ex
1819 1673 1940 1718 sedis

303 1753 579 1810 apostolicae
602 1752 942 1809 approbatione,
969 1760 1017 1795 vt
1039 1767 1193 1795 curam
1217 1753 1383 1796 habeat
1405 1751 1673 1804 animarum,
1700 1753 1780 1796 sed
1810 1751 1937 1793 inde-

303 1831 444 1884 finite,
465 1831 599 1885 idque
617 1830 662 1872 in
681 1837 948 1886 paupertate
965 1837 1102 1884 atque
1119 1829 1390 1881 humilitate,
1412 1836 1460 1871 vt
1477 1828 1638 1885 religio
1655 1829 1713 1872 sit
1731 1829 1775 1872 in
1793 1829 1938 1872 eccle-

302 1909 367 1951 sia
388 1908 490 1959 Dei,
517 1922 633 1962 quae
656 1923 711 1951 ex
734 1914 856 1950 statu
880 1907 1117 1962 utriusque
1139 1906 1259 1950 vitae
1281 1913 1325 1948 et
1349 1905 1526 1950 actiuae
1549 1913 1594 1949 et
1616 1905 1928 1961 contemplati-

304 2000 404 2037 uae,
438 1992 574 2039 atque
606 1985 719 2027 adeo
748 1984 1010 2040 superioris,
1042 1983 1367 2039 perfectionem
1401 1982 1686 2039 polliceatur,
1721 1982 1856 2025 simul
1894 1989 1939 2025 et

304 2065 391 2105 hoc
416 2076 531 2104 onus
554 2062 801 2117 impensius
823 2061 1062 2113 sustineat,
1088 2068 1136 2102 vt
1158 2075 1267 2103 cura
1289 2075 1444 2104 earum
1466 2060 1717 2104 animarum
1740 2060 1939 2116 particu-

304 2140 409 2182 laris
432 2154 482 2182 ac
507 2147 629 2182 certa
652 2154 742 2182 non
765 2138 898 2192 desit,
925 2153 1040 2194 quae
1063 2154 1088 2181 a
1110 2138 1204 2181 suis
1227 2137 1498 2193 pastoribus,
1526 2138 1596 2181 vel
1619 2137 1935 2194 negliguntur,

306 2217 377 2259 vel
399 2224 520 2259 certe
550 2216 694 2258 iuuari
725 2230 815 2258 non
844 2222 1050 2271 possunt.
1084 2215 1258 2270 Itaque,
1291 2214 1469 2257 tametsi
1501 2228 1656 2257 curam
1688 2214 1939 2257 animarum

307 2308 396 2336 non
419 2293 582 2348 accipit
611 2292 831 2344 Societas,
863 2292 936 2335 cui
971 2307 1106 2336 curae
1139 2291 1445 2336 ecclesiastico
1479 2292 1575 2335 iure
1608 2305 1661 2334 ea
1693 2291 1938 2334 coniuncta

303 2378 427 2420 sunt,
469 2383 584 2424 quae
623 2383 727 2411 cum
768 2377 887 2411 statu
928 2369 1158 2425 religionis
1197 2383 1285 2411 non
1323 2376 1551 2412 constant:
1594 2368 1813 2420 redditus,
1854 2369 1938 2411 ho-

305 2461 402 2500 nor,
429 2446 502 2490 146
526 2445 773 2488 iurisdictio
802 2445 847 2487 in
877 2452 1103 2498 externos;
1132 2454 1283 2489 tamen
1307 2460 1460 2488 curam
1494 2446 1631 2488 habet
1663 2446 1720 2490 de
1752 2459 1836 2488 suo
1867 2444 1939 2487 in-

309 2524 470 2566 stituto
494 2537 716 2565 annexam
745 2522 1015 2574 necessario,
1041 2537 1195 2565 earum
1221 2530 1370 2565 tamen
1395 2521 1647 2564 animarum
1676 2521 1936 2578 praecipue,

308 2615 424 2655 quae
447 2614 500 2643 ea
522 2614 630 2642 cura
653 2606 759 2641 sunt
782 2598 1044 2642 destitutae.

396 2677 634 2720 Vincenda
658 2682 835 2726 natura,
862 2690 951 2718 non
976 2691 1029 2719 ea
1052 2677 1198 2718 solum
1223 2691 1278 2720 ex
1296 2683 1439 2732 parte,
1465 2691 1554 2731 qua
1576 2676 1692 2718 male
1714 2689 1939 2732 propensa

307 2763 392 2806 est,
419 2754 497 2796 sed
521 2753 556 2796 si
580 2753 687 2808 quid
711 2753 857 2794 bonae
879 2760 895 2776 ²
918 2753 1055 2795 habet
1073 2752 1255 2805 indolis,
1277 2753 1320 2794 id
1339 2767 1519 2808 quoque
1537 2752 1581 2794 in
1600 2751 1785 2808 spiritus
1802 2751 1939 2796 liber-

309 2838 399 2874 tate
422 2830 552 2873 facile
575 2829 859 2881 mutandum,
885 2829 957 2872 vel
980 2828 1388 2881 intermittendum,
1414 2837 1463 2871 vt
1485 2829 1598 2872 alios
1627 2829 1937 2879 aedificemus,

306 2916 441 2961 atque
464 2907 613 2949 omnia
636 2905 846 2948 omnibus
868 2905 1118 2949 efficiamur
1142 2906 1187 2948 in
1210 2906 1422 2949 Domino.

381 3013 396 3027 1⁴
448 3002 537 3036 boni
556 3013 626 3036 ms.
