<?xml version="1.0" encoding="UTF-8"?>
<!DOCTYPE html PUBLIC "-//W3C//DTD XHTML 1.0 Transitional//EN"
    "http://www.w3.org/TR/xhtml1/DTD/xhtml1-transitional.dtd">
<html xmlns="http://www.w3.org/1999/xhtml" xml:lang="en" lang="en">
 <head>
  <title>
</title>
<meta http-equiv="Content-Type" content="text/html;charset=utf-8" />
  <meta name='ocr-system' content='tesseract 3.04.00' />
  <meta name='ocr-capabilities' content='ocr_page ocr_carea ocr_par ocr_line ocrx_word'/>
</head>
<body>
  <div class='ocr_page' id='page_1' title='image "./epistolaephieron11nada/epistolaephieron11nada_0685.png"; bbox 0 0 2028 3426; ppageno 0'>
   <div class='ocr_carea' id='block_1_1' title="bbox 447 251 1621 296">
    <p class='ocr_par' dir='ltr' id='par_1_1' title="bbox 447 251 1621 296">
     <span class='ocr_line' id='line_1_1' title="bbox 447 251 1621 296; baseline -0.001 -10"><span class='ocrx_word' id='word_1_1' title='bbox 447 251 801 286; x_wconf 69' lang='lat' dir='ltr'>ADHoRTArioms</span> <span class='ocrx_word' id='word_1_2' title='bbox 827 251 901 285; x_wconf 55' lang='grc' dir='ltr'>σεε</span> <span class='ocrx_word' id='word_1_3' title='bbox 929 252 1246 295; x_wconf 76' lang='lat' dir='ltr'><strong>EXCERPTA-67</strong></span> <span class='ocrx_word' id='word_1_4' title='bbox 1551 251 1621 296; x_wconf 86' lang='lat'>659</span> 
     </span>
    </p>
   </div>
   <div class='ocr_carea' id='block_1_2' title="bbox 1 351 1703 2932">
    <p class='ocr_par' dir='ltr' id='par_1_2' title="bbox 44 351 1682 1096">
     <span class='ocr_line' id='line_1_2' title="bbox 45 351 1668 396; baseline 0 -2"><span class='ocrx_word' id='word_1_5' title='bbox 45 361 190 396; x_wconf 91' lang='lat' dir='ltr'>retur:</span> <span class='ocrx_word' id='word_1_6' title='bbox 226 353 480 396; x_wconf 88' lang='lat' dir='ltr'>cauendum</span> <span class='ocrx_word' id='word_1_7' title='bbox 510 351 681 395; x_wconf 91' lang='lat' dir='ltr'>scilicet</span> <span class='ocrx_word' id='word_1_8' title='bbox 710 366 809 395; x_wconf 89' lang='lat' dir='ltr'>esse</span> <span class='ocrx_word' id='word_1_9' title='bbox 837 353 1131 395; x_wconf 87' lang='lat' dir='ltr'>vehementer</span> <span class='ocrx_word' id='word_1_10' title='bbox 1153 367 1209 394; x_wconf 91' lang='lat' dir='ltr'>ne</span> <span class='ocrx_word' id='word_1_11' title='bbox 1240 360 1391 394; x_wconf 88' lang='lat' dir='ltr'>nostra</span> <span class='ocrx_word' id='word_1_12' title='bbox 1420 359 1668 395; x_wconf 77' lang='lat' dir='ltr'>tractentur</span> 
     </span>
     <span class='ocr_line' id='line_1_3' title="bbox 44 427 1668 484; baseline -0.001 -12"><span class='ocrx_word' id='word_1_13' title='bbox 44 430 194 472; x_wconf 81' lang='lat' dir='ltr'>studia</span> <span class='ocrx_word' id='word_1_14' title='bbox 224 428 487 473; x_wconf 79' lang='lat' dir='ltr'>seculariter</span> <span class='ocrx_word' id='word_1_15' title='bbox 513 429 585 471; x_wconf 89' lang='lat' dir='ltr'>vel</span> <span class='ocrx_word' id='word_1_16' title='bbox 613 428 891 484; x_wconf 78' lang='lat' dir='ltr'><strong>imperfecte,</strong></span> <span class='ocrx_word' id='word_1_17' title='bbox 923 428 1002 471; x_wconf 88' lang='lat' dir='ltr'>sed</span> <span class='ocrx_word' id='word_1_18' title='bbox 1032 427 1257 483; x_wconf 81' lang='lat' dir='ltr'>religiose,</span> <span class='ocrx_word' id='word_1_19' title='bbox 1283 435 1331 469; x_wconf 88' lang='lat' dir='ltr'>vt</span> <span class='ocrx_word' id='word_1_20' title='bbox 1362 428 1526 480; x_wconf 87' lang='lat' dir='ltr'>omnia,</span> <span class='ocrx_word' id='word_1_21' title='bbox 1554 443 1668 483; x_wconf 87' lang='lat' dir='ltr'>quae</span> 
     </span>
     <span class='ocr_line' id='line_1_4' title="bbox 44 503 1669 562; baseline -0.002 -13"><span class='ocrx_word' id='word_1_22' title='bbox 44 506 239 562; x_wconf 81' lang='lat' dir='ltr'>agimus,</span> <span class='ocrx_word' id='word_1_23' title='bbox 265 506 446 548; x_wconf 74' lang='lat' dir='ltr'>debent.</span> <span class='ocrx_word' id='word_1_24' title='bbox 474 506 579 547; x_wconf 92' lang='lat' dir='ltr'>Hoc</span> <span class='ocrx_word' id='word_1_25' title='bbox 602 506 680 548; x_wconf 89' lang='lat' dir='ltr'>fiet</span> <span class='ocrx_word' id='word_1_26' title='bbox 701 504 738 547; x_wconf 92' lang='lat' dir='ltr'>si</span> <span class='ocrx_word' id='word_1_27' title='bbox 761 519 864 547; x_wconf 89' lang='lat' dir='ltr'>cum</span> <span class='ocrx_word' id='word_1_28' title='bbox 888 503 1051 547; x_wconf 90' lang='lat' dir='ltr'>mentis</span> <span class='ocrx_word' id='word_1_29' title='bbox 1073 504 1326 548; x_wconf 89' lang='lat' dir='ltr'>intentione</span> <span class='ocrx_word' id='word_1_30' title='bbox 1348 512 1393 546; x_wconf 90' lang='lat' dir='ltr'>et</span> <span class='ocrx_word' id='word_1_31' title='bbox 1421 505 1669 547; x_wconf 85' lang='lat' dir='ltr'>studiorum</span> 
     </span>
     <span class='ocr_line' id='line_1_5' title="bbox 46 578 1673 637; baseline -0.001 -12"><span class='ocrx_word' id='word_1_32' title='bbox 46 582 260 626; x_wconf 82' lang='lat' dir='ltr'>exercitio</span> <span class='ocrx_word' id='word_1_33' title='bbox 297 581 638 637; x_wconf 86' lang='lat' dir='ltr'>coniungantur</span> <span class='ocrx_word' id='word_1_34' title='bbox 674 581 891 624; x_wconf 84' lang='lat' dir='ltr'>orationis</span> <span class='ocrx_word' id='word_1_35' title='bbox 930 582 1104 623; x_wconf 87' lang='lat' dir='ltr'>fructus</span> <span class='ocrx_word' id='word_1_36' title='bbox 1141 587 1185 623; x_wconf 87' lang='lat' dir='ltr'>et</span> <span class='ocrx_word' id='word_1_37' title='bbox 1222 595 1384 624; x_wconf 87' lang='lat' dir='ltr'>sensus</span> <span class='ocrx_word' id='word_1_38' title='bbox 1420 578 1673 635; x_wconf 78' lang='lat' dir='ltr'>spirituales</span> 
     </span>
     <span class='ocr_line' id='line_1_6' title="bbox 49 657 1675 714; baseline -0.002 -13"><span class='ocrx_word' id='word_1_39' title='bbox 49 659 225 714; x_wconf 83' lang='lat' dir='ltr'>proprie</span> <span class='ocrx_word' id='word_1_40' title='bbox 247 673 350 701; x_wconf 88' lang='lat' dir='ltr'>cum</span> <span class='ocrx_word' id='word_1_41' title='bbox 374 658 534 700; x_wconf 89' lang='lat' dir='ltr'>studiis</span> <span class='ocrx_word' id='word_1_42' title='bbox 556 657 802 710; x_wconf 90' lang='lat' dir='ltr'>coniuncti,</span> <span class='ocrx_word' id='word_1_43' title='bbox 828 657 954 712; x_wconf 88' lang='lat' dir='ltr'>quasi</span> <span class='ocrx_word' id='word_1_44' title='bbox 983 657 1020 699; x_wconf 92' lang='lat' dir='ltr'>si</span> <span class='ocrx_word' id='word_1_45' title='bbox 1048 657 1172 700; x_wconf 88' lang='lat' dir='ltr'>dicas</span> <span class='ocrx_word' id='word_1_46' title='bbox 1199 671 1299 700; x_wconf 88' lang='lat' dir='ltr'>esse</span> <span class='ocrx_word' id='word_1_47' title='bbox 1326 658 1491 700; x_wconf 88' lang='lat' dir='ltr'>debere</span> <span class='ocrx_word' id='word_1_48' title='bbox 1523 664 1675 700; x_wconf 90' lang='lat' dir='ltr'>nostra</span> 
     </span>
     <span class='ocr_line' id='line_1_7' title="bbox 50 733 1676 790; baseline -0.001 -13"><span class='ocrx_word' id='word_1_49' title='bbox 50 735 197 777; x_wconf 86' lang='lat' dir='ltr'>studia</span> <span class='ocrx_word' id='word_1_50' title='bbox 219 734 482 790; x_wconf 81' lang='lat' dir='ltr'>spiritualia,</span> <span class='ocrx_word' id='word_1_51' title='bbox 507 741 552 777; x_wconf 89' lang='lat' dir='ltr'>et</span> <span class='ocrx_word' id='word_1_52' title='bbox 575 749 691 788; x_wconf 86' lang='lat' dir='ltr'>quae</span> <span class='ocrx_word' id='word_1_53' title='bbox 714 749 767 778; x_wconf 87' lang='lat' dir='ltr'>eo</span> <span class='ocrx_word' id='word_1_54' title='bbox 791 749 933 789; x_wconf 87' lang='lat' dir='ltr'>Vsque</span> <span class='ocrx_word' id='word_1_55' title='bbox 957 734 1201 790; x_wconf 87' lang='lat' dir='ltr'>attingant,</span> <span class='ocrx_word' id='word_1_56' title='bbox 1227 741 1346 777; x_wconf 89' lang='lat' dir='ltr'>artes</span> <span class='ocrx_word' id='word_1_57' title='bbox 1369 734 1441 777; x_wconf 83' lang='lat' dir='ltr'>vel</span> <span class='ocrx_word' id='word_1_58' title='bbox 1463 733 1676 775; x_wconf 83' lang='lat' dir='ltr'>scientiae</span> 
     </span>
     <span class='ocr_line' id='line_1_8' title="bbox 51 809 1677 867; baseline -0.001 -14"><span class='ocrx_word' id='word_1_59' title='bbox 51 812 168 854; x_wconf 87' lang='lat' dir='ltr'>vnde</span> <span class='ocrx_word' id='word_1_60' title='bbox 191 811 428 867; x_wconf 83' lang='lat' dir='ltr'>prodeunt.</span> <span class='ocrx_word' id='word_1_61' title='bbox 456 812 558 853; x_wconf 86' lang='lat' dir='ltr'>Non</span> <span class='ocrx_word' id='word_1_62' title='bbox 581 810 682 862; x_wconf 86' lang='lat' dir='ltr'>dico</span> <span class='ocrx_word' id='word_1_63' title='bbox 704 811 848 853; x_wconf 85' lang='lat' dir='ltr'>solum</span> <span class='ocrx_word' id='word_1_64' title='bbox 871 825 1014 866; x_wconf 78' lang='lat' dir='ltr'>Vsque</span> <span class='ocrx_word' id='word_1_65' title='bbox 1036 811 1093 852; x_wconf 83' lang='lat' dir='ltr'>acl</span> <span class='ocrx_word' id='word_1_66' title='bbox 1120 809 1408 853; x_wconf 82' lang='lat' dir='ltr'>scientiarum</span> <span class='ocrx_word' id='word_1_67' title='bbox 1443 809 1677 865; x_wconf 90' lang='lat' dir='ltr'>principia,</span> 
     </span>
     <span class='ocr_line' id='line_1_9' title="bbox 50 886 1680 943; baseline -0.002 -12"><span class='ocrx_word' id='word_1_68' title='bbox 50 890 131 931; x_wconf 89' lang='lat' dir='ltr'>sed</span> <span class='ocrx_word' id='word_1_69' title='bbox 151 902 205 930; x_wconf 92' lang='lat' dir='ltr'>eo</span> <span class='ocrx_word' id='word_1_70' title='bbox 228 902 369 943; x_wconf 83' lang='lat' dir='ltr'>Vsque</span> <span class='ocrx_word' id='word_1_71' title='bbox 391 894 624 942; x_wconf 86' lang='lat' dir='ltr'>praeterea</span> <span class='ocrx_word' id='word_1_72' title='bbox 647 894 898 943; x_wconf 86' lang='lat' dir='ltr'>penetrent,</span> <span class='ocrx_word' id='word_1_73' title='bbox 925 887 1000 929; x_wconf 92' lang='lat' dir='ltr'>vbi</span> <span class='ocrx_word' id='word_1_74' title='bbox 1023 887 1200 929; x_wconf 89' lang='lat' dir='ltr'>illorum</span> <span class='ocrx_word' id='word_1_75' title='bbox 1224 895 1291 930; x_wconf 90' lang='lat' dir='ltr'>est</span> <span class='ocrx_word' id='word_1_76' title='bbox 1318 895 1336 911; x_wconf 77' lang='lat'>³</span> <span class='ocrx_word' id='word_1_77' title='bbox 1358 886 1680 942; x_wconf 82' lang='lat' dir='ltr'>principiorum</span> 
     </span>
     <span class='ocr_line' id='line_1_10' title="bbox 54 963 1682 1007; baseline -0.001 0"><span class='ocrx_word' id='word_1_78' title='bbox 54 966 152 1007; x_wconf 89' lang='lat' dir='ltr'>fons</span> <span class='ocrx_word' id='word_1_79' title='bbox 174 972 220 1007; x_wconf 87' lang='lat' dir='ltr'>et</span> <span class='ocrx_word' id='word_1_80' title='bbox 242 971 416 1006; x_wconf 87' lang='lat' dir='ltr'>auctor.</span> <span class='ocrx_word' id='word_1_81' title='bbox 445 965 613 1007; x_wconf 87' lang='lat' dir='ltr'>Verum</span> <span class='ocrx_word' id='word_1_82' title='bbox 637 965 692 1007; x_wconf 91' lang='lat' dir='ltr'>de</span> <span class='ocrx_word' id='word_1_83' title='bbox 716 966 798 1007; x_wconf 90' lang='lat' dir='ltr'>hac</span> <span class='ocrx_word' id='word_1_84' title='bbox 822 964 995 1007; x_wconf 90' lang='lat' dir='ltr'>ratione</span> <span class='ocrx_word' id='word_1_85' title='bbox 1016 964 1269 1006; x_wconf 87' lang='lat' dir='ltr'>studiorum</span> <span class='ocrx_word' id='word_1_86' title='bbox 1294 978 1473 1005; x_wconf 86' lang='lat' dir='ltr'>rursum</span> <span class='ocrx_word' id='word_1_87' title='bbox 1504 963 1587 1007; x_wconf 90' lang='lat' dir='ltr'>erit</span> <span class='ocrx_word' id='word_1_88' title='bbox 1616 964 1682 1005; x_wconf 86' lang='lat' dir='ltr'>di-</span> 
     </span>
     <span class='ocr_line' id='line_1_11' title="bbox 52 1040 1679 1096; baseline -0.001 -12"><span class='ocrx_word' id='word_1_89' title='bbox 52 1042 262 1092; x_wconf 87' lang='lat' dir='ltr'>cendum,</span> <span class='ocrx_word' id='word_1_90' title='bbox 289 1056 429 1095; x_wconf 87' lang='lat' dir='ltr'>quum</span> <span class='ocrx_word' id='word_1_91' title='bbox 452 1042 508 1090; x_wconf 91' lang='lat' dir='ltr'>de</span> <span class='ocrx_word' id='word_1_92' title='bbox 530 1041 810 1084; x_wconf 84' lang='lat' dir='ltr'>scholasticis</span> <span class='ocrx_word' id='word_1_93' title='bbox 834 1040 998 1083; x_wconf 87' lang='lat' dir='ltr'>nostris</span> <span class='ocrx_word' id='word_1_94' title='bbox 1022 1042 1092 1084; x_wconf 90' lang='lat' dir='ltr'>vel</span> <span class='ocrx_word' id='word_1_95' title='bbox 1117 1040 1447 1096; x_wconf 86' lang='lat' dir='ltr'>professoribus</span> <span class='ocrx_word' id='word_1_96' title='bbox 1475 1055 1679 1095; x_wconf 80' lang='lat' dir='ltr'>agemus.</span> 
     </span>
    </p>

    <p class='ocr_par' dir='ltr' id='par_1_3' title="bbox 10 1116 1690 1480">
     <span class='ocr_line' id='line_1_12' title="bbox 146 1116 1686 1161; baseline -0.001 -1"><span class='ocrx_word' id='word_1_97' title='bbox 146 1119 277 1160; x_wconf 90' lang='lat' dir='ltr'>Nunc</span> <span class='ocrx_word' id='word_1_98' title='bbox 300 1118 356 1159; x_wconf 89' lang='lat' dir='ltr'>de</span> <span class='ocrx_word' id='word_1_99' title='bbox 377 1117 646 1161; x_wconf 89' lang='lat' dir='ltr'>lectionibus</span> <span class='ocrx_word' id='word_1_100' title='bbox 671 1117 800 1161; x_wconf 87' lang='lat' dir='ltr'>video</span> <span class='ocrx_word' id='word_1_101' title='bbox 823 1132 922 1161; x_wconf 89' lang='lat' dir='ltr'>esse</span> <span class='ocrx_word' id='word_1_102' title='bbox 939 1117 1196 1161; x_wconf 86' lang='lat' dir='ltr'>dicendum.</span> <span class='ocrx_word' id='word_1_103' title='bbox 1219 1118 1395 1160; x_wconf 89' lang='lat' dir='ltr'>Harum</span> <span class='ocrx_word' id='word_1_104' title='bbox 1414 1116 1431 1141; x_wconf 74' lang='lat' dir='ltr'>b</span> <span class='ocrx_word' id='word_1_105' title='bbox 1449 1117 1562 1159; x_wconf 86' lang='lat' dir='ltr'>aliae</span> <span class='ocrx_word' id='word_1_106' title='bbox 1579 1126 1686 1159; x_wconf 91' lang='lat' dir='ltr'>sunt</span> 
     </span>
     <span class='ocr_line' id='line_1_13' title="bbox 56 1194 1689 1252; baseline -0.001 -15"><span class='ocrx_word' id='word_1_107' title='bbox 56 1209 227 1247; x_wconf 86' lang='lat' dir='ltr'>sacrae,</span> <span class='ocrx_word' id='word_1_108' title='bbox 254 1195 437 1249; x_wconf 86' lang='lat' dir='ltr'>quaein</span> <span class='ocrx_word' id='word_1_109' title='bbox 466 1194 670 1238; x_wconf 87' lang='lat' dir='ltr'>ecclesiis</span> <span class='ocrx_word' id='word_1_110' title='bbox 699 1194 856 1237; x_wconf 89' lang='lat' dir='ltr'>haberi</span> <span class='ocrx_word' id='word_1_111' title='bbox 884 1195 1045 1238; x_wconf 91' lang='lat' dir='ltr'>solent.</span> <span class='ocrx_word' id='word_1_112' title='bbox 1081 1194 1210 1237; x_wconf 87' lang='lat' dir='ltr'>Aliae</span> <span class='ocrx_word' id='word_1_113' title='bbox 1239 1194 1537 1252; x_wconf 83' lang='lat' dir='ltr'>promiscuae,</span> <span class='ocrx_word' id='word_1_114' title='bbox 1574 1208 1689 1249; x_wconf 88' lang='lat' dir='ltr'>quae</span> 
     </span>
     <span class='ocr_line' id='line_1_14' title="bbox 59 1271 1690 1326; baseline -0.001 -13"><span class='ocrx_word' id='word_1_115' title='bbox 59 1273 283 1315; x_wconf 87' lang='lat' dir='ltr'>habentur</span> <span class='ocrx_word' id='word_1_116' title='bbox 320 1271 364 1312; x_wconf 87' lang='lat' dir='ltr'>in</span> <span class='ocrx_word' id='word_1_117' title='bbox 407 1271 589 1314; x_wconf 86' lang='lat' dir='ltr'>scholis.</span> <span class='ocrx_word' id='word_1_118' title='bbox 635 1272 862 1325; x_wconf 87' lang='lat' dir='ltr'>Vtrasque</span> <span class='ocrx_word' id='word_1_119' title='bbox 903 1271 1217 1326; x_wconf 86' lang='lat' dir='ltr'>complectitur</span> <span class='ocrx_word' id='word_1_120' title='bbox 1259 1271 1360 1313; x_wconf 89' lang='lat' dir='ltr'>finis</span> <span class='ocrx_word' id='word_1_121' title='bbox 1403 1277 1574 1313; x_wconf 89' lang='lat' dir='ltr'>noster.</span> <span class='ocrx_word' id='word_1_122' title='bbox 1621 1271 1690 1312; x_wconf 87' lang='lat' dir='ltr'>De</span> 
     </span>
     <span class='ocr_line' id='line_1_15' title="bbox 10 1342 1690 1403; baseline -0.001 -14"><span class='ocrx_word' id='word_1_123' title='bbox 10 1369 14 1374; x_wconf 95' lang='lat'>·</span> <span class='ocrx_word' id='word_1_124' title='bbox 60 1348 260 1402; x_wconf 79' lang='lat' dir='ltr'>Vtrisque</span> <span class='ocrx_word' id='word_1_125' title='bbox 284 1350 368 1390; x_wconf 86' lang='lat' dir='ltr'>hoc</span> <span class='ocrx_word' id='word_1_126' title='bbox 391 1349 490 1389; x_wconf 82' lang='lat' dir='ltr'>loco</span> <span class='ocrx_word' id='word_1_127' title='bbox 513 1349 756 1403; x_wconf 87' lang='lat' dir='ltr'>agendum:</span> <span class='ocrx_word' id='word_1_128' title='bbox 784 1342 959 1403; x_wconf 83' lang='lat' dir='ltr'>plenius</span> <span class='ocrx_word' id='word_1_129' title='bbox 982 1349 1038 1391; x_wconf 89' lang='lat' dir='ltr'>de</span> <span class='ocrx_word' id='word_1_130' title='bbox 1059 1347 1214 1399; x_wconf 84' lang='lat' dir='ltr'>sacris,</span> <span class='ocrx_word' id='word_1_131' title='bbox 1240 1362 1344 1389; x_wconf 89' lang='lat' dir='ltr'>nam</span> <span class='ocrx_word' id='word_1_132' title='bbox 1375 1348 1431 1391; x_wconf 89' lang='lat' dir='ltr'>de</span> <span class='ocrx_word' id='word_1_133' title='bbox 1461 1347 1558 1389; x_wconf 89' lang='lat' dir='ltr'>aliis</span> <span class='ocrx_word' id='word_1_134' title='bbox 1588 1361 1690 1402; x_wconf 86' lang='lat' dir='ltr'>pro-</span> 
     </span>
     <span class='ocr_line' id='line_1_16' title="bbox 62 1423 1084 1480; baseline 0 -14"><span class='ocrx_word' id='word_1_135' title='bbox 62 1424 186 1480; x_wconf 90' lang='lat' dir='ltr'>prius</span> <span class='ocrx_word' id='word_1_136' title='bbox 208 1431 276 1467; x_wconf 91' lang='lat' dir='ltr'>est</span> <span class='ocrx_word' id='word_1_137' title='bbox 293 1425 438 1475; x_wconf 88' lang='lat' dir='ltr'>locus,</span> <span class='ocrx_word' id='word_1_138' title='bbox 466 1423 541 1465; x_wconf 88' lang='lat' dir='ltr'>vbi</span> <span class='ocrx_word' id='word_1_139' title='bbox 563 1425 620 1466; x_wconf 91' lang='lat' dir='ltr'>de</span> <span class='ocrx_word' id='word_1_140' title='bbox 641 1424 845 1480; x_wconf 82' lang='lat' dir='ltr'>collegiis</span> <span class='ocrx_word' id='word_1_141' title='bbox 866 1423 1084 1467; x_wconf 79' lang='lat' dir='ltr'>dicemus.</span> 
     </span>
    </p>

    <p class='ocr_par' dir='ltr' id='par_1_4' title="bbox 1 1500 1703 2932">
     <span class='ocr_line' id='line_1_17' title="bbox 153 1500 1693 1556; baseline -0.001 -12"><span class='ocrx_word' id='word_1_142' title='bbox 153 1502 317 1544; x_wconf 87' lang='lat' dir='ltr'>Sacrae</span> <span class='ocrx_word' id='word_1_143' title='bbox 346 1500 562 1544; x_wconf 87' lang='lat' dir='ltr'>lectiones</span> <span class='ocrx_word' id='word_1_144' title='bbox 590 1500 805 1542; x_wconf 88' lang='lat' dir='ltr'>differunt</span> <span class='ocrx_word' id='word_1_145' title='bbox 834 1500 1025 1556; x_wconf 86' lang='lat' dir='ltr'>primum</span> <span class='ocrx_word' id='word_1_146' title='bbox 1055 1501 1110 1543; x_wconf 88' lang='lat' dir='ltr'>ab</span> <span class='ocrx_word' id='word_1_147' title='bbox 1139 1501 1208 1553; x_wconf 83' lang='lat' dir='ltr'>iis,</span> <span class='ocrx_word' id='word_1_148' title='bbox 1241 1515 1356 1556; x_wconf 87' lang='lat' dir='ltr'>quae</span> <span class='ocrx_word' id='word_1_149' title='bbox 1385 1502 1610 1544; x_wconf 88' lang='lat' dir='ltr'>habentur</span> <span class='ocrx_word' id='word_1_150' title='bbox 1649 1501 1693 1542; x_wconf 85' lang='lat' dir='ltr'>in</span> 
     </span>
     <span class='ocr_line' id='line_1_18' title="bbox 65 1577 1693 1634; baseline 0 -15"><span class='ocrx_word' id='word_1_151' title='bbox 65 1577 285 1633; x_wconf 82' lang='lat' dir='ltr'>collegiis,</span> <span class='ocrx_word' id='word_1_152' title='bbox 307 1577 441 1621; x_wconf 88' lang='lat' dir='ltr'>etiarn</span> <span class='ocrx_word' id='word_1_153' title='bbox 464 1577 520 1621; x_wconf 92' lang='lat' dir='ltr'>de</span> <span class='ocrx_word' id='word_1_154' title='bbox 544 1577 788 1633; x_wconf 86' lang='lat' dir='ltr'>theologia,</span> <span class='ocrx_word' id='word_1_155' title='bbox 814 1577 918 1632; x_wconf 83' lang='lat' dir='ltr'>quia</span> <span class='ocrx_word' id='word_1_156' title='bbox 935 1579 1048 1621; x_wconf 89' lang='lat' dir='ltr'>haec</span> <span class='ocrx_word' id='word_1_157' title='bbox 1071 1578 1350 1633; x_wconf 82' lang='lat' dir='ltr'>speculatiue</span> <span class='ocrx_word' id='word_1_158' title='bbox 1373 1585 1389 1603; x_wconf 74' lang='lat'><strong>⁰</strong></span> <span class='ocrx_word' id='word_1_159' title='bbox 1412 1578 1693 1634; x_wconf 88' lang='lat' dir='ltr'>potissimum</span> 
     </span>
     <span class='ocr_line' id='line_1_19' title="bbox 71 1654 1695 1710; baseline 0.001 -15"><span class='ocrx_word' id='word_1_160' title='bbox 71 1661 335 1705; x_wconf 87' lang='lat' dir='ltr'>tractantur,</span> <span class='ocrx_word' id='word_1_161' title='bbox 356 1661 401 1696; x_wconf 82' lang='lat' dir='ltr'>et</span> <span class='ocrx_word' id='word_1_162' title='bbox 424 1655 480 1696; x_wconf 89' lang='lat' dir='ltr'>ad</span> <span class='ocrx_word' id='word_1_163' title='bbox 502 1654 759 1696; x_wconf 88' lang='lat' dir='ltr'>intellectus</span> <span class='ocrx_word' id='word_1_164' title='bbox 781 1654 1078 1698; x_wconf 87' lang='lat' dir='ltr'>eruditionem</span> <span class='ocrx_word' id='word_1_165' title='bbox 1097 1654 1342 1698; x_wconf 80' lang='lat' dir='ltr'>difficillima</span> <span class='ocrx_word' id='word_1_166' title='bbox 1366 1670 1572 1710; x_wconf 85' lang='lat' dir='ltr'>quaeque</span> <span class='ocrx_word' id='word_1_167' title='bbox 1591 1670 1695 1710; x_wconf 83' lang='lat' dir='ltr'>per-</span> 
     </span>
     <span class='ocr_line' id='line_1_20' title="bbox 72 1731 1696 1788; baseline 0.001 -16"><span class='ocrx_word' id='word_1_168' title='bbox 72 1738 339 1785; x_wconf 88' lang='lat' dir='ltr'>sequuntur.</span> <span class='ocrx_word' id='word_1_169' title='bbox 362 1732 466 1773; x_wconf 90' lang='lat' dir='ltr'>Illae</span> <span class='ocrx_word' id='word_1_170' title='bbox 488 1731 531 1772; x_wconf 89' lang='lat' dir='ltr'>in</span> <span class='ocrx_word' id='word_1_171' title='bbox 556 1731 681 1786; x_wconf 86' lang='lat' dir='ltr'>praxi</span> <span class='ocrx_word' id='word_1_172' title='bbox 702 1738 952 1782; x_wconf 88' lang='lat' dir='ltr'>versantur,</span> <span class='ocrx_word' id='word_1_173' title='bbox 974 1740 1018 1775; x_wconf 94' lang='lat' dir='ltr'>et</span> <span class='ocrx_word' id='word_1_174' title='bbox 1036 1733 1093 1773; x_wconf 88' lang='lat' dir='ltr'>ad</span> <span class='ocrx_word' id='word_1_175' title='bbox 1110 1746 1397 1775; x_wconf 90' lang='lat' dir='ltr'>communem</span> <span class='ocrx_word' id='word_1_176' title='bbox 1416 1732 1567 1788; x_wconf 88' lang='lat' dir='ltr'>populi</span> <span class='ocrx_word' id='word_1_177' title='bbox 1592 1747 1696 1787; x_wconf 86' lang='lat' dir='ltr'>cap-</span> 
     </span>
     <span class='ocr_line' id='line_1_21' title="bbox 74 1796 1698 1852; baseline 0.001 -4"><span class='ocrx_word' id='word_1_178' title='bbox 74 1815 167 1849; x_wconf 89' lang='lat' dir='ltr'>tum</span> <span class='ocrx_word' id='word_1_179' title='bbox 190 1815 234 1851; x_wconf 92' lang='lat' dir='ltr'>et</span> <span class='ocrx_word' id='word_1_180' title='bbox 258 1807 618 1850; x_wconf 87' lang='lat' dir='ltr'>aedificationem</span> <span class='ocrx_word' id='word_1_181' title='bbox 647 1807 762 1848; x_wconf 89' lang='lat' dir='ltr'>fiunt</span> <span class='ocrx_word' id='word_1_182' title='bbox 791 1809 1144 1851; x_wconf 86' lang='lat' dir='ltr'>accommodate.</span> <span class='ocrx_word' id='word_1_183' title='bbox 1174 1796 1348 1850; x_wconf 83' lang='lat' dir='ltr'>Rursus</span> <span class='ocrx_word' id='word_1_184' title='bbox 1371 1816 1521 1852; x_wconf 88' lang='lat' dir='ltr'>autem</span> <span class='ocrx_word' id='word_1_185' title='bbox 1546 1824 1571 1851; x_wconf 91' lang='lat' dir='ltr'>a</span> <span class='ocrx_word' id='word_1_186' title='bbox 1594 1824 1698 1852; x_wconf 88' lang='lat' dir='ltr'>con-</span> 
     </span>
     <span class='ocr_line' id='line_1_22' title="bbox 72 1883 1700 1942; baseline 0.001 -16"><span class='ocrx_word' id='word_1_187' title='bbox 72 1884 277 1927; x_wconf 87' lang='lat' dir='ltr'>cionibus</span> <span class='ocrx_word' id='word_1_188' title='bbox 299 1885 513 1927; x_wconf 88' lang='lat' dir='ltr'>differunt</span> <span class='ocrx_word' id='word_1_189' title='bbox 535 1883 751 1927; x_wconf 89' lang='lat' dir='ltr'>lectiones</span> <span class='ocrx_word' id='word_1_190' title='bbox 774 1884 1122 1937; x_wconf 88' lang='lat' dir='ltr'>ecclesiasticae,</span> <span class='ocrx_word' id='word_1_191' title='bbox 1149 1887 1269 1940; x_wconf 89' lang='lat' dir='ltr'>quod</span> <span class='ocrx_word' id='word_1_192' title='bbox 1292 1886 1535 1930; x_wconf 84' lang='lat' dir='ltr'>conciones</span> <span class='ocrx_word' id='word_1_193' title='bbox 1559 1887 1700 1942; x_wconf 88' lang='lat' dir='ltr'>pluri—-</span> 
     </span>
     <span class='ocr_line' id='line_1_23' title="bbox 26 1961 1700 2021; baseline 0.001 -18"><span class='ocrx_word' id='word_1_194' title='bbox 26 2005 30 2010; x_wconf 65' lang='grc'><strong>,</strong></span> <span class='ocrx_word' id='word_1_195' title='bbox 74 1976 195 2003; x_wconf 89' lang='lat' dir='ltr'>mum</span> <span class='ocrx_word' id='word_1_196' title='bbox 224 1968 330 2004; x_wconf 90' lang='lat' dir='ltr'>sunt</span> <span class='ocrx_word' id='word_1_197' title='bbox 359 1961 403 2002; x_wconf 92' lang='lat' dir='ltr'>in</span> <span class='ocrx_word' id='word_1_198' title='bbox 434 1961 669 2003; x_wconf 86' lang='lat' dir='ltr'>mouendis</span> <span class='ocrx_word' id='word_1_199' title='bbox 692 1961 942 2004; x_wconf 88' lang='lat' dir='ltr'>animorum</span> <span class='ocrx_word' id='word_1_200' title='bbox 967 1962 1296 2015; x_wconf 82' lang='lat' dir='ltr'>affectionibus3</span> <span class='ocrx_word' id='word_1_201' title='bbox 1322 1963 1538 2021; x_wconf 85' lang='lat' dir='ltr'>lectiones</span> <span class='ocrx_word' id='word_1_202' title='bbox 1561 1963 1700 2018; x_wconf 89' lang='lat' dir='ltr'>pluri-</span> 
     </span>
     <span class='ocr_line' id='line_1_24' title="bbox 28 2037 1698 2094; baseline 0.001 -14"><span class='ocrx_word' id='word_1_203' title='bbox 28 2080 32 2084; x_wconf 76' lang='lat'>,</span> <span class='ocrx_word' id='word_1_204' title='bbox 74 2053 196 2080; x_wconf 89' lang='lat' dir='ltr'>mum</span> <span class='ocrx_word' id='word_1_205' title='bbox 221 2038 266 2079; x_wconf 94' lang='lat' dir='ltr'>in</span> <span class='ocrx_word' id='word_1_206' title='bbox 289 2038 491 2081; x_wconf 82' lang='lat' dir='ltr'>docenda</span> <span class='ocrx_word' id='word_1_207' title='bbox 518 2037 724 2080; x_wconf 85' lang='lat' dir='ltr'>veritate.</span> <span class='ocrx_word' id='word_1_208' title='bbox 759 2038 858 2079; x_wconf 88' lang='lat' dir='ltr'>Hae</span> <span class='ocrx_word' id='word_1_209' title='bbox 886 2039 1085 2081; x_wconf 83' lang='lat' dir='ltr'>sedatam</span> <span class='ocrx_word' id='word_1_210' title='bbox 1116 2041 1285 2082; x_wconf 91' lang='lat' dir='ltr'>habent</span> <span class='ocrx_word' id='word_1_211' title='bbox 1317 2039 1557 2091; x_wconf 86' lang='lat' dir='ltr'>actionem,</span> <span class='ocrx_word' id='word_1_212' title='bbox 1592 2055 1698 2094; x_wconf 92' lang='lat' dir='ltr'>pro-</span> 
     </span>
     <span class='ocr_line' id='line_1_25' title="bbox 76 2114 1699 2166; baseline 0.001 -10"><span class='ocrx_word' id='word_1_213' title='bbox 76 2114 423 2165; x_wconf 85' lang='lat' dir='ltr'>nuntiationem,</span> <span class='ocrx_word' id='word_1_214' title='bbox 455 2114 775 2166; x_wconf 81' lang='lat' dir='ltr'>elocutionem3</span> <span class='ocrx_word' id='word_1_215' title='bbox 812 2114 912 2156; x_wconf 86' lang='lat' dir='ltr'>illae</span> <span class='ocrx_word' id='word_1_216' title='bbox 941 2115 986 2156; x_wconf 92' lang='lat' dir='ltr'>in</span> <span class='ocrx_word' id='word_1_217' title='bbox 1016 2115 1084 2157; x_wconf 89' lang='lat' dir='ltr'>his</span> <span class='ocrx_word' id='word_1_218' title='bbox 1108 2116 1242 2159; x_wconf 90' lang='lat' dir='ltr'>rebus</span> <span class='ocrx_word' id='word_1_219' title='bbox 1265 2131 1421 2159; x_wconf 78' lang='lat' dir='ltr'>omnes</span> <span class='ocrx_word' id='word_1_220' title='bbox 1443 2131 1608 2159; x_wconf 84' lang='lat' dir='ltr'>neruos</span> <span class='ocrx_word' id='word_1_221' title='bbox 1630 2117 1699 2158; x_wconf 89' lang='lat' dir='ltr'>in-</span> 
     </span>
     <span class='ocr_line' id='line_1_26' title="bbox 81 2191 1698 2248; baseline 0.001 -16"><span class='ocrx_word' id='word_1_222' title='bbox 81 2192 285 2234; x_wconf 86' lang='lat' dir='ltr'>tendunt.</span> <span class='ocrx_word' id='word_1_223' title='bbox 319 2192 375 2232; x_wconf 86' lang='lat' dir='ltr'>Et</span> <span class='ocrx_word' id='word_1_224' title='bbox 405 2199 555 2233; x_wconf 82' lang='lat' dir='ltr'>tamen</span> <span class='ocrx_word' id='word_1_225' title='bbox 587 2192 722 2246; x_wconf 83' lang='lat' dir='ltr'>(quod</span> <span class='ocrx_word' id='word_1_226' title='bbox 751 2191 957 2246; x_wconf 88' lang='lat' dir='ltr'>superius</span> <span class='ocrx_word' id='word_1_227' title='bbox 986 2191 1280 2248; x_wconf 77' lang='lat' dir='ltr'>attingebam)</span> <span class='ocrx_word' id='word_1_228' title='bbox 1304 2207 1403 2236; x_wconf 87' lang='lat' dir='ltr'>esse</span> <span class='ocrx_word' id='word_1_229' title='bbox 1431 2194 1565 2236; x_wconf 89' lang='lat' dir='ltr'>debet</span> <span class='ocrx_word' id='word_1_230' title='bbox 1597 2207 1698 2235; x_wconf 84' lang='lat' dir='ltr'>cum</span> 
     </span>
     <span class='ocr_line' id='line_1_27' title="bbox 41 2252 1700 2321; baseline 0.001 -11"><span class='ocrx_word' id='word_1_231' title='bbox 41 2272 43 2274; x_wconf 81' lang='grc'><strong>’</strong></span> <span class='ocrx_word' id='word_1_232' title='bbox 78 2252 346 2310; x_wconf 87' lang='lat' dir='ltr'>lectionibus</span> <span class='ocrx_word' id='word_1_233' title='bbox 370 2267 688 2310; x_wconf 86' lang='lat' dir='ltr'>conuenientia</span> <span class='ocrx_word' id='word_1_234' title='bbox 711 2266 729 2291; x_wconf 73' lang='lat' dir='ltr'>d</span> <span class='ocrx_word' id='word_1_235' title='bbox 752 2275 798 2309; x_wconf 87' lang='lat' dir='ltr'>vt</span> <span class='ocrx_word' id='word_1_236' title='bbox 817 2268 1008 2310; x_wconf 87' lang='lat' dir='ltr'>affectus</span> <span class='ocrx_word' id='word_1_237' title='bbox 1026 2268 1161 2310; x_wconf 88' lang='lat' dir='ltr'>animi</span> <span class='ocrx_word' id='word_1_238' title='bbox 1184 2277 1471 2321; x_wconf 88' lang='lat' dir='ltr'>moueantur,</span> <span class='ocrx_word' id='word_1_239' title='bbox 1492 2284 1581 2311; x_wconf 89' lang='lat' dir='ltr'>non</span> <span class='ocrx_word' id='word_1_240' title='bbox 1600 2284 1700 2311; x_wconf 89' lang='lat' dir='ltr'>ora-</span> 
     </span>
     <span class='ocr_line' id='line_1_28' title="bbox 82 2343 1696 2400; baseline 0.001 -14"><span class='ocrx_word' id='word_1_241' title='bbox 82 2344 193 2386; x_wconf 91' lang='lat' dir='ltr'>torio</span> <span class='ocrx_word' id='word_1_242' title='bbox 216 2344 291 2386; x_wconf 94' lang='lat' dir='ltr'>illo</span> <span class='ocrx_word' id='word_1_243' title='bbox 315 2343 504 2386; x_wconf 87' lang='lat' dir='ltr'>artificio</span> <span class='ocrx_word' id='word_1_244' title='bbox 527 2351 573 2386; x_wconf 86' lang='lat' dir='ltr'>et</span> <span class='ocrx_word' id='word_1_245' title='bbox 596 2343 736 2386; x_wconf 87' lang='lat' dir='ltr'>veluti</span> <span class='ocrx_word' id='word_1_246' title='bbox 767 2359 944 2398; x_wconf 89' lang='lat' dir='ltr'>pompa,</span> <span class='ocrx_word' id='word_1_247' title='bbox 971 2345 1049 2388; x_wconf 82' lang='lat' dir='ltr'>sed</span> <span class='ocrx_word' id='word_1_248' title='bbox 1072 2344 1238 2399; x_wconf 88' lang='lat' dir='ltr'>quiete,</span> <span class='ocrx_word' id='word_1_249' title='bbox 1265 2345 1454 2400; x_wconf 89' lang='lat' dir='ltr'>placide,</span> <span class='ocrx_word' id='word_1_250' title='bbox 1481 2346 1696 2389; x_wconf 87' lang='lat' dir='ltr'>suauiter.</span> 
     </span>
     <span class='ocr_line' id='line_1_29' title="bbox 81 2418 1701 2476; baseline 0 -13"><span class='ocrx_word' id='word_1_251' title='bbox 81 2421 193 2463; x_wconf 88' lang='lat' dir='ltr'>Nam</span> <span class='ocrx_word' id='word_1_252' title='bbox 219 2420 427 2475; x_wconf 72' lang='lat' dir='ltr'>quamuis</span> <span class='ocrx_word' id='word_1_253' title='bbox 446 2420 564 2462; x_wconf 89' lang='lat' dir='ltr'>actio</span> <span class='ocrx_word' id='word_1_254' title='bbox 582 2427 626 2461; x_wconf 88' lang='lat' dir='ltr'>et</span> <span class='ocrx_word' id='word_1_255' title='bbox 645 2418 948 2474; x_wconf 87' lang='lat' dir='ltr'>pronuntiatio</span> <span class='ocrx_word' id='word_1_256' title='bbox 965 2420 1145 2463; x_wconf 89' lang='lat' dir='ltr'>lectoris</span> <span class='ocrx_word' id='word_1_257' title='bbox 1163 2422 1329 2464; x_wconf 90' lang='lat' dir='ltr'>debent</span> <span class='ocrx_word' id='word_1_258' title='bbox 1352 2437 1405 2465; x_wconf 85' lang='lat' dir='ltr'>ex</span> <span class='ocrx_word' id='word_1_259' title='bbox 1429 2422 1572 2476; x_wconf 87' lang='lat' dir='ltr'>primo</span> <span class='ocrx_word' id='word_1_260' title='bbox 1596 2430 1701 2463; x_wconf 87' lang='lat' dir='ltr'>tono</span> 
     </span>
     <span class='ocr_line' id='line_1_30' title="bbox 86 2495 1700 2552; baseline 0 -15"><span class='ocrx_word' id='word_1_261' title='bbox 86 2497 144 2552; x_wconf 70' lang='lat' dir='ltr'>(vt</span> <span class='ocrx_word' id='word_1_262' title='bbox 167 2511 250 2539; x_wconf 89' lang='lat' dir='ltr'>nos</span> <span class='ocrx_word' id='word_1_263' title='bbox 273 2497 510 2551; x_wconf 50' lang='lat' dir='ltr'>loquimur}</span> <span class='ocrx_word' id='word_1_264' title='bbox 535 2495 668 2547; x_wconf 89' lang='lat' dir='ltr'>sumi,</span> <span class='ocrx_word' id='word_1_265' title='bbox 689 2496 824 2538; x_wconf 87' lang='lat' dir='ltr'>debet</span> <span class='ocrx_word' id='word_1_266' title='bbox 847 2503 996 2539; x_wconf 89' lang='lat' dir='ltr'>tamen</span> <span class='ocrx_word' id='word_1_267' title='bbox 1020 2511 1120 2540; x_wconf 88' lang='lat' dir='ltr'>sese</span> <span class='ocrx_word' id='word_1_268' title='bbox 1137 2512 1295 2552; x_wconf 88' lang='lat' dir='ltr'>parare</span> <span class='ocrx_word' id='word_1_269' title='bbox 1317 2499 1471 2548; x_wconf 91' lang='lat' dir='ltr'>lector,</span> <span class='ocrx_word' id='word_1_270' title='bbox 1493 2512 1546 2540; x_wconf 83' lang='lat' dir='ltr'>ex</span> <span class='ocrx_word' id='word_1_271' title='bbox 1565 2497 1700 2540; x_wconf 85' lang='lat' dir='ltr'>animi</span> 
     </span>
     <span class='ocr_line' id='line_1_31' title="bbox 1 2571 1702 2629; baseline 0 -15"><span class='ocrx_word' id='word_1_272' title='bbox 1 2588 5 2598; x_wconf 72' lang='lat'>¹</span> <span class='ocrx_word' id='word_1_273' title='bbox 48 2606 51 2611; x_wconf 96' lang='lat'>.</span> <span class='ocrx_word' id='word_1_274' title='bbox 82 2573 152 2614; x_wconf 89' lang='lat' dir='ltr'>sui</span> <span class='ocrx_word' id='word_1_275' title='bbox 173 2573 457 2628; x_wconf 86' lang='lat' dir='ltr'>simplicitate</span> <span class='ocrx_word' id='word_1_276' title='bbox 479 2579 524 2615; x_wconf 91' lang='lat' dir='ltr'>et</span> <span class='ocrx_word' id='word_1_277' title='bbox 547 2571 802 2615; x_wconf 88' lang='lat' dir='ltr'>humilitate</span> <span class='ocrx_word' id='word_1_278' title='bbox 826 2573 881 2613; x_wconf 87' lang='lat' dir='ltr'>ad</span> <span class='ocrx_word' id='word_1_279' title='bbox 899 2572 1186 2616; x_wconf 90' lang='lat' dir='ltr'>deuotionem</span> <span class='ocrx_word' id='word_1_280' title='bbox 1210 2581 1253 2617; x_wconf 95' lang='lat' dir='ltr'>et</span> <span class='ocrx_word' id='word_1_281' title='bbox 1271 2573 1524 2629; x_wconf 88' lang='lat' dir='ltr'>spirituales</span> <span class='ocrx_word' id='word_1_282' title='bbox 1542 2588 1702 2616; x_wconf 86' lang='lat' dir='ltr'>sensus</span> 
     </span>
     <span class='ocr_line' id='line_1_32' title="bbox 86 2648 1702 2704; baseline 0.002 -15"><span class='ocrx_word' id='word_1_283' title='bbox 86 2648 285 2691; x_wconf 86' lang='lat' dir='ltr'>imbutus</span> <span class='ocrx_word' id='word_1_284' title='bbox 311 2656 356 2692; x_wconf 92' lang='lat' dir='ltr'>et</span> <span class='ocrx_word' id='word_1_285' title='bbox 380 2656 649 2703; x_wconf 87' lang='lat' dir='ltr'>pertractus,</span> <span class='ocrx_word' id='word_1_286' title='bbox 681 2663 806 2691; x_wconf 83' lang='lat' dir='ltr'>suam</span> <span class='ocrx_word' id='word_1_287' title='bbox 837 2648 1074 2691; x_wconf 82' lang='lat' dir='ltr'>lectionem</span> <span class='ocrx_word' id='word_1_288' title='bbox 1107 2650 1349 2704; x_wconf 78' lang='lat' dir='ltr'>explicare3</span> <span class='ocrx_word' id='word_1_289' title='bbox 1376 2650 1450 2691; x_wconf 90' lang='lat' dir='ltr'>fiet</span> <span class='ocrx_word' id='word_1_290' title='bbox 1482 2649 1597 2692; x_wconf 86' lang='lat' dir='ltr'>enim</span> <span class='ocrx_word' id='word_1_291' title='bbox 1629 2649 1702 2692; x_wconf 90' lang='lat' dir='ltr'>ille</span> 
     </span>
     <span class='ocr_line' id='line_1_33' title="bbox 88 2724 1700 2780; baseline 0 -13"><span class='ocrx_word' id='word_1_292' title='bbox 88 2726 184 2767; x_wconf 83' lang='lat' dir='ltr'>fons</span> <span class='ocrx_word' id='word_1_293' title='bbox 206 2725 388 2780; x_wconf 87' lang='lat' dir='ltr'>spiritus</span> <span class='ocrx_word' id='word_1_294' title='bbox 417 2725 472 2766; x_wconf 87' lang='lat' dir='ltr'>ad</span> <span class='ocrx_word' id='word_1_295' title='bbox 501 2724 728 2767; x_wconf 86' lang='lat' dir='ltr'>auditores</span> <span class='ocrx_word' id='word_1_296' title='bbox 757 2724 989 2766; x_wconf 88' lang='lat' dir='ltr'>deriuetur</span> <span class='ocrx_word' id='word_1_297' title='bbox 1011 2732 1056 2768; x_wconf 91' lang='lat' dir='ltr'>et</span> <span class='ocrx_word' id='word_1_298' title='bbox 1084 2726 1211 2779; x_wconf 87' lang='lat' dir='ltr'>quasi</span> <span class='ocrx_word' id='word_1_299' title='bbox 1243 2726 1482 2768; x_wconf 87' lang='lat' dir='ltr'>instilletur</span> <span class='ocrx_word' id='word_1_300' title='bbox 1510 2727 1700 2779; x_wconf 85' lang='lat' dir='ltr'>quadam</span> 
     </span>
     <span class='ocr_line' id='line_1_34' title="bbox 86 2789 1703 2856; baseline -0.001 -13"><span class='ocrx_word' id='word_1_301' title='bbox 86 2815 187 2849; x_wconf 80' lang='lat' dir='ltr'>cum</span> <span class='ocrx_word' id='word_1_302' title='bbox 212 2789 481 2843; x_wconf 84' lang='lat' dir='ltr'>amoenitate</span> <span class='ocrx_word' id='word_1_303' title='bbox 504 2809 638 2855; x_wconf 90' lang='lat' dir='ltr'>atque</span> <span class='ocrx_word' id='word_1_304' title='bbox 661 2800 941 2844; x_wconf 83' lang='lat' dir='ltr'>iucunditate</span> <span class='ocrx_word' id='word_1_305' title='bbox 963 2801 1008 2842; x_wconf 87' lang='lat' dir='ltr'>in</span> <span class='ocrx_word' id='word_1_306' title='bbox 1031 2801 1132 2852; x_wconf 90' lang='lat' dir='ltr'>X.⁰,</span> <span class='ocrx_word' id='word_1_307' title='bbox 1153 2802 1229 2856; x_wconf 91' lang='lat' dir='ltr'>qui</span> <span class='ocrx_word' id='word_1_308' title='bbox 1251 2809 1319 2844; x_wconf 91' lang='lat' dir='ltr'>est</span> <span class='ocrx_word' id='word_1_309' title='bbox 1338 2816 1529 2855; x_wconf 85' lang='lat' dir='ltr'>magnus</span> <span class='ocrx_word' id='word_1_310' title='bbox 1547 2801 1703 2843; x_wconf 88' lang='lat' dir='ltr'>lectio-</span> 
     </span>
     <span class='ocr_line' id='line_1_35' title="bbox 91 2876 1703 2932; baseline 0.001 -14"><span class='ocrx_word' id='word_1_311' title='bbox 91 2891 195 2919; x_wconf 86' lang='lat' dir='ltr'>num</span> <span class='ocrx_word' id='word_1_312' title='bbox 219 2878 410 2919; x_wconf 85' lang='lat' dir='ltr'>fructus.</span> <span class='ocrx_word' id='word_1_313' title='bbox 437 2878 540 2918; x_wconf 80' lang='lat' dir='ltr'>Huc</span> <span class='ocrx_word' id='word_1_314' title='bbox 564 2876 600 2918; x_wconf 88' lang='lat' dir='ltr'>si</span> <span class='ocrx_word' id='word_1_315' title='bbox 624 2891 713 2918; x_wconf 90' lang='lat' dir='ltr'>non</span> <span class='ocrx_word' id='word_1_316' title='bbox 738 2876 968 2931; x_wconf 89' lang='lat' dir='ltr'>pertingat</span> <span class='ocrx_word' id='word_1_317' title='bbox 990 2878 1145 2929; x_wconf 89' lang='lat' dir='ltr'>lector,</span> <span class='ocrx_word' id='word_1_318' title='bbox 1166 2878 1276 2919; x_wconf 88' lang='lat' dir='ltr'>illud</span> <span class='ocrx_word' id='word_1_319' title='bbox 1299 2878 1454 2919; x_wconf 86' lang='lat' dir='ltr'>saltem</span> <span class='ocrx_word' id='word_1_320' title='bbox 1478 2885 1703 2932; x_wconf 87' lang='lat' dir='ltr'>praestare</span> 
     </span>
    </p>
   </div>
   <div class='ocr_carea' id='block_1_3' title="bbox 0 1549 86 3426">
    <p class='ocr_par' dir='ltr' id='par_1_5' title="bbox 0 1549 86 3426">
     <span class='ocr_line' id='line_1_36' title="bbox 0 1549 86 3426; baseline 0 0"><span class='ocrx_word' id='word_1_321' title='bbox 0 1549 86 3426; x_wconf 95' lang='lat' dir='ltr'> </span> 
     </span>
    </p>
   </div>
   <div class='ocr_carea' id='block_1_4' title="bbox 267 2954 370 2957">
    <p class='ocr_par' dir='ltr' id='par_1_6' title="bbox 267 2954 370 2957">
     <span class='ocr_line' id='line_1_37' title="bbox 267 2954 370 2957; baseline 0 0"><span class='ocrx_word' id='word_1_322' title='bbox 267 2954 370 2957; x_wconf 95' lang='lat' dir='ltr'> </span> 
     </span>
    </p>
   </div>
   <div class='ocr_carea' id='block_1_5' title="bbox 93 2980 1706 3077">
    <p class='ocr_par' dir='ltr' id='par_1_7' title="bbox 93 2980 1706 3077">
     <span class='ocr_line' id='line_1_38' title="bbox 163 2980 1706 3028; baseline 0 -12"><span class='ocrx_word' id='word_1_323' title='bbox 163 2992 178 3008; x_wconf 72' lang='lat' dir='ltr'>a</span> <span class='ocrx_word' id='word_1_324' title='bbox 204 2983 270 3016; x_wconf 86' lang='lat' dir='ltr'>Bis</span> <span class='ocrx_word' id='word_1_325' title='bbox 285 2983 357 3016; x_wconf 90' lang='lat' dir='ltr'>hoc</span> <span class='ocrx_word' id='word_1_326' title='bbox 373 2983 480 3016; x_wconf 88' lang='lat' dir='ltr'>verb.</span> <span class='ocrx_word' id='word_1_327' title='bbox 498 2982 610 3016; x_wconf 87' lang='lat' dir='ltr'>estin</span> <span class='ocrx_word' id='word_1_328' title='bbox 627 2993 697 3016; x_wconf 75' lang='lat' dir='ltr'>ms,</span> <span class='ocrx_word' id='word_1_329' title='bbox 744 2983 808 3007; x_wconf 67' lang='lat' dir='ltr'>—i.</span> <span class='ocrx_word' id='word_1_330' title='bbox 828 2980 1004 3017; x_wconf 90' lang='lat' dir='ltr'>Obscure</span> <span class='ocrx_word' id='word_1_331' title='bbox 1020 2983 1220 3028; x_wconf 83' lang='lat' dir='ltr'>seriptum.</span> <span class='ocrx_word' id='word_1_332' title='bbox 1273 2991 1334 3008; x_wconf 82' lang='lat' dir='ltr'>—c</span> <span class='ocrx_word' id='word_1_333' title='bbox 1352 2983 1621 3027; x_wconf 67' lang='lat' dir='ltr'>speculatiuae</span> <span class='ocrx_word' id='word_1_334' title='bbox 1636 2994 1706 3017; x_wconf 85' lang='lat' dir='ltr'>ms.</span> 
     </span>
     <span class='ocr_line' id='line_1_39' title="bbox 93 3040 594 3077; baseline -0.006 0"><span class='ocrx_word' id='word_1_335' title='bbox 93 3042 158 3066; x_wconf 56' lang='lat' dir='ltr'>—d</span> <span class='ocrx_word' id='word_1_336' title='bbox 184 3040 360 3077; x_wconf 68' lang='lat' dir='ltr'>Obscum</span> <span class='ocrx_word' id='word_1_337' title='bbox 380 3045 594 3075; x_wconf 82' lang='lat' dir='ltr'>exaratum.</span> 
     </span>
    </p>
   </div>
  </div>
 </body>
</html>
