2028 3426
281 212 349 246 862
786 189 788 192 V
857 207 993 242 EPIST.
1023 206 1066 242 P.
1095 205 1245 242 NADAL

235 312 364 369 qnasi
389 310 644 368 praeterita,
673 316 854 365 propter
876 307 1063 352 visionis
1085 306 1420 360 certitudinem,
1447 321 1472 349 a
1499 305 1730 362 prophetis
1764 320 1868 349 nar—

235 391 320 433 rari
345 390 507 432 solent.

328 468 455 510 Haec
478 465 631 519 itaque
660 464 752 506 duo
780 464 882 506 loca
909 462 1098 519 attingis
1122 470 1186 516 tu,
1218 460 1385 504 laboris
1407 459 1492 504 Dei
1516 467 1561 504 et
1589 459 1678 512 Xfi,
1705 458 1869 514 quibus

238 544 377 589 lenire
411 541 578 586 videris
607 541 723 585 velle
757 540 970 584 vanitatis
1002 547 1183 583 nostrae
1211 537 1604 594 contemplationis
1634 536 1866 589 inuidiam;

236 627 319 668 229
353 621 432 664 sed
456 619 606 663 ieiune
629 627 646 643 ³
668 618 775 660 illuc
808 617 917 660 facis
949 632 1001 660 ac
1034 617 1386 667 dissimulanter,
1422 629 1512 657 non
1545 613 1621 669 qui
1655 613 1870 656 inuidiam

237 697 447 742 vanitatis
471 697 612 748 leues,
639 696 719 740 sed
743 695 820 750 qui
843 695 1005 751 culpae
1027 693 1326 750 suspitionem
1349 706 1521 748 augere
1544 691 1755 736 videaris.
1780 691 1871 735 Sed

239 776 372 819 iubeo
395 788 485 830 ego
509 781 553 816 te
576 773 622 816 in
645 772 733 816 illis
754 787 912 829 parum
938 771 1205 815 consistere.

327 854 416 895 Iam
440 853 528 894 hoc
553 849 633 893 tibi
657 850 916 893 confessum
946 848 1031 892 erit
1060 847 1235 904 opinor,
1272 855 1319 890 vt
1348 846 1591 898 catholico,
1622 846 1678 888 de
1707 844 1780 889 Χ.ἰ
1808 845 1873 888 la-

238 931 346 973 bore
368 943 567 972 amorem
591 927 662 984 pie
681 941 781 971 esse
797 926 1124 982 quaerendum.
1147 926 1217 969 De
1233 925 1386 967 labore
1404 923 1489 967 Dei
1508 923 1648 979 igitur
1665 936 1870 978 agamus.

242 1008 439 1051 Laborat
477 1007 666 1048 verbum
705 1003 791 1047 Dei
829 1003 874 1047 in
914 1005 1016 1056 X.⁰,
1057 1003 1167 1055 sitit,
1204 1003 1499 1059 defatigatur,
1535 1001 1679 1057 luget,
1720 1006 1871 1056 pauet,

239 1086 386 1136 sudat,
412 1084 596 1140 ligatur,
622 1081 820 1133 ducitur,
843 1081 1052 1133 trahitur,
1074 1080 1216 1137 alapis
1232 1080 1453 1133 caeditur,
1474 1077 1759 1134 conspuitur,
1779 1076 1874 1119 irri-

239 1163 385 1218 detur,
412 1160 685 1216 flagellatur,
712 1159 853 1215 spinis
877 1166 1136 1210 coronatur,
1162 1172 1345 1201 crucem
1377 1156 1564 1207 baiulat,
1597 1154 1723 1198 cruci
1751 1154 1874 1196 suffi-

240 1238 378 1291 gitur,
406 1235 609 1279 moritur.
654 1235 714 1278 Hi
745 1243 852 1277 sunt
881 1235 1058 1278 labores
1082 1234 1239 1286 Verbi,
1271 1234 1447 1276 labores
1470 1231 1571 1276 Dei.
1603 1232 1609 1287 l
1638 1232 1802 1274 Nonne
1830 1230 1875 1272 hi

240 1315 417 1358 labores
441 1321 484 1357 te
508 1320 696 1356 mouent
720 1313 775 1355 ad
799 1327 1015 1355 amorem.
1037 1313 1093 1354 Et
1112 1318 1261 1354 tamen
1285 1310 1396 1352 nihil
1418 1308 1634 1352 diuinitas
1657 1308 1702 1350 in
1725 1322 1773 1350 se
1797 1322 1875 1363 pa-

241 1392 366 1445 titur,
399 1390 510 1433 nihil
540 1392 706 1446 Xpus.‚
745 1403 834 1444 qua
866 1403 1044 1431 summa
1077 1387 1240 1430 fruitur
1275 1386 1572 1437 beatitudine;
1609 1386 1688 1427 sed
1723 1392 1875 1428 tamen

241 1471 532 1513 veliementer
561 1467 622 1510 illi
651 1467 828 1510 labores
853 1473 1055 1517 mouent,
1082 1480 1173 1507 non
1203 1465 1350 1507 solum
1379 1464 1500 1518 quod
1530 1462 1723 1505 hominis
1751 1468 1874 1512 sunt,

241 1548 318 1590 sed
342 1546 466 1600 quod
488 1544 574 1589 Dei
598 1560 676 1600 per
694 1544 973 1600 singularem
991 1542 1112 1585 illam
1132 1549 1267 1597 atque
1286 1540 1559 1584 ineffabilem
1579 1540 1878 1595 hypostaseos

240 1623 421 1667 diuinae
441 1622 669 1673 vnionem,
690 1622 810 1665 vnde
828 1619 1129 1676 proficiscitur
1151 1619 1413 1662 idiomatum
1439 1615 1740 1671 illustrissima
1757 1629 1877 1658 com-

241 1700 502 1743 municatio.
530 1699 682 1742 Dicas:
709 1698 793 1741 etsi
817 1713 908 1740 non
932 1697 1161 1753 attingant
1190 1696 1246 1739 ad
1276 1694 1560 1738 diuinitatem
1591 1693 1651 1735 illi
1681 1693 1875 1742 labores,

240 1792 346 1822 vere
372 1785 521 1821 tamen
546 1776 591 1818 in
615 1777 755 1832 Xp0.,
781 1777 870 1818 hoc
900 1782 984 1827 est,
1018 1781 1199 1830 propter
1231 1772 1443 1815 vnionem
1475 1769 1789 1821 humanitatis,
1821 1769 1877 1812 de

243 1858 339 1898 Deo
362 1854 594 1898 dicuntur.
620 1853 779 1896 Video:
813 1853 892 1895 sed
917 1851 1018 1894 vide
1043 1859 1091 1893 tu
1123 1865 1305 1906 quoque
1335 1848 1549 1892 vicissim:
1577 1852 1660 1893 230
1682 1848 1794 1890 haec
1817 1845 1879 1888 ita

241 1931 532 1987 contingunt:
565 1931 602 1974 si
631 1930 826 1987 primurn
855 1928 1186 1972 constituamus
1216 1927 1357 1983 ipsam
1389 1925 1618 1978 vnionem,
1651 1938 1809 1967 verum
1832 1922 1877 1964 in

241 2010 398 2052 eadem
423 2009 518 2064 ipsa
542 2007 706 2050 vnione
730 2021 979 2058 versemur,
1005 2005 1266 2048 humanitas
1296 2003 1449 2046 vnitur
1478 2003 1645 2053 Verbo,
1682 2001 1732 2043 fit
1762 2002 1877 2044 Ver-

242 2087 349 2128 bum
373 2100 493 2137 caro;
521 2084 662 2128 Filius
685 2083 786 2136 Dei,
812 2085 939 2127 Deus
962 2082 1074 2138 ipse,
1102 2082 1151 2124 fit
1174 2083 1324 2123 homo.
1352 2082 1516 2122 Nonne
1533 2081 1619 2121 hoc
1642 2085 1711 2122 est
1729 2079 1876 2121 Deum
1923 2095 1925 2097 ¹

242 2164 534 2215 descendere,
568 2160 812 2212 humiliari,
849 2159 1147 2203 immortalem
1181 2158 1413 2201 mortalem
1449 2155 1581 2207 fieri,
1605 2154 1876 2197 inuisibilem

244 2240 482 2291 visibilem,
509 2247 761 2290 aeternum,
789 2237 1076 2287 immensum,
1103 2235 1344 2286 infinitum,
1372 2234 1507 2277 finem
1532 2232 1735 2287 accipere
1765 2238 1878 2273 tem-

247 2317 382 2372 poris,
411 2315 693 2371 quantitatis,
720 2313 921 2357 virtutis?
945 2314 1071 2356 Haec
1102 2312 1146 2354 in
1179 2312 1344 2354 vnione
1373 2310 1469 2367 ipsa
1492 2309 1684 2366 primum
1716 2307 1878 2350 transi-

246 2402 433 2444 guntur,
460 2407 543 2436 nec
567 2391 673 2435 vnio
696 2391 783 2434 alia
807 2390 1093 2446 supponitur,
1120 2389 1238 2431 vnde
1262 2395 1515 2443 emergant,
1537 2386 1580 2428 in
1599 2400 1690 2440 quo
1710 2391 1854 2440 myste
1874 2410 1879 2414 ·

247 2470 310 2511 rio
348 2470 458 2513 nihil
499 2469 666 2525 patitur
704 2469 925 2521 Verbum,
961 2466 1073 2509 nihil
1111 2465 1223 2522 agit,
1265 2479 1354 2520 qua
1387 2463 1555 2515 vnitur,
1591 2463 1670 2505 sed
1705 2468 1876 2504 tantum

245 2546 441 2588 Trinitas
464 2546 562 2602 ipsa
585 2545 859 2589 ineffabilem
882 2544 1003 2586 illam
1028 2542 1238 2585 vnionem
1258 2541 1408 2584 efficit.
1433 2541 1634 2584 Verbum
1654 2538 1819 2593 alioqui
1848 2538 1853 2592 Ι

245 2622 354 2664 nihil
378 2623 499 2665 aliud
523 2637 657 2677 quam
682 2621 894 2664 terminat
916 2618 1283 2676 dependentiam,
1310 2632 1443 2673 quam
1469 2615 1656 2671 suscipit
1678 2616 1734 2658 ad
1764 2616 1856 2659 Ver

247 2700 351 2740 bum
372 2699 645 2742 humanitas.
670 2700 833 2742 Nonne
858 2697 965 2739 hinc
987 2696 1209 2752 colligere
1232 2703 1276 2739 et
1300 2702 1428 2750 potes
1450 2701 1496 2736 et
1519 2693 1659 2736 debes
1682 2706 1879 2736 amorem

248 2776 347 2825 Dei,
377 2776 449 2817 vbi
474 2776 547 2820 illa
572 2776 726 2818 videas
749 2777 896 2818 Deum
926 2774 972 2816 in
1002 2789 1050 2818 se
1079 2773 1327 2828 suscipere,
1346 2785 1480 2826 0quae
1512 2777 1556 2814 et
1588 2769 1742 2811 infima
1773 2775 1879 2811 sunt

246 2860 290 2892 et
322 2852 539 2908 principia
562 2853 766 2895 laborum
798 2866 849 2895 ac
881 2852 1106 2902 dolorum,
1133 2849 1330 2904 denique
1354 2847 1509 2890 mortis
1531 2846 1617 2890 Dei
1640 2845 1800 2902 ipsius?
1824 2846 1880 2887 Et

320 3031 335 3045 -ι
388 3019 498 3054 ieune
518 3030 574 3053 ms
585 3045 592 3054 .
