2028 3426
354 216 424 260 650
828 215 982 249 PA‘rms
1009 215 1254 250 HOERONYMI
1281 215 1434 251 NADAL

300 317 377 372 qui
402 325 498 361 erat
520 317 604 372 ipsi
627 332 682 360 eo
707 316 751 358 in
791 316 950 359 itinere
988 315 1141 359 socius
1177 325 1213 358 ³.
1262 318 1336 360 Ad
1358 319 1470 361 haec
1507 332 1611 361 cum
1651 326 1863 375 ageretur
1884 322 1940 364 de

304 395 493 437 formula
517 393 727 446 instituti,
754 408 844 448 quo
866 393 988 435 illam
1011 393 1107 437 sedi
1125 393 1398 449 apostolicae
1417 395 1634 439 offerrent
1655 397 1812 439 Patres
1829 411 1914 440 con
1930 421 1940 428 -

299 471 579 521 firmandam,
606 479 655 513 ut
679 471 725 512 in
749 486 796 513 re
820 469 1107 525 grauissima,
1134 471 1191 512 ad
1215 470 1440 514 internam
1471 473 1699 526 quandam
1732 473 1944 517 deuotio-

300 563 401 592 nem
420 556 556 603 atque
579 548 762 603 spiritus
785 561 969 589 sensum
993 547 1273 603 compositus
1298 549 1350 590 P.
1377 548 1585 604 Ignatius
1603 549 1738 593 enixe
1757 564 1810 592 ac
1831 565 1942 594 con-

300 624 474 668 firmate
499 624 744 680 postulauit
767 638 791 665 a
815 622 952 666 sociis
975 630 1025 665 ut
1064 624 1178 666 illud
1201 639 1366 669 nomen
1393 625 1615 669 Societati
1652 628 1871 679 facerent,
1897 627 1942 670 id

298 716 347 746 se
370 716 531 757 rogare
554 709 598 744 et
622 701 900 745 contendere
917 702 974 743 ab
992 701 1204 744 omnibus
1228 709 1276 745 ut
1300 701 1385 744 sibi
1405 703 1754 748 concederetur.
1778 705 1941 746 Eodem

300 779 411 821 illud
432 783 596 835 spectat
618 777 651 830 b,
678 792 782 820 cum
807 777 927 821 enim
952 777 1185 821 incidisset
1207 794 1372 832 sermo,
1395 788 1444 822 ut
1463 780 1530 831 fit,
1551 781 1608 823 de
1626 781 1809 825 nomine
1832 796 1942 824 con-

297 856 580 912 gregationis
604 863 800 908 nostrae,
827 863 927 911 post
959 855 1200 900 Societatis
1221 871 1286 899 sc.
1314 857 1720 909 confirmationem,
1747 867 1791 901 et
1814 859 1939 902 dice-

295 941 362 978 ret
385 933 582 988 quidam:
614 932 748 987 «quid
776 932 813 976 si
843 932 964 975 aliud
994 947 1159 977 nomen
1192 933 1410 978 Societati
1441 935 1717 978 faceremus»
1747 949 1935 992 respon-

293 1011 358 1053 dit
382 1011 515 1053 Pater
538 1017 691 1053 noster
713 1025 768 1054 ex
786 1009 924 1053 animi
941 1010 1188 1054 deuotione
1207 1018 1469 1054 constanter
1487 1011 1598 1054 illud
1616 1027 1782 1056 nomen
1803 1027 1910 1068 prae
1927 1038 1938 1045 ·

295 1095 361 1132 ter
383 1089 531 1130 Deum
556 1088 730 1129 nullum
754 1101 886 1143 posse
908 1086 1147 1130 immutare
1170 1094 1200 1130 ⁰.
1233 1087 1407 1141 Quibus
1426 1102 1481 1130 ex
1498 1089 1631 1131 rebus
1649 1089 1759 1132 satis
1783 1096 1937 1145 aperte

293 1179 533 1220 possumus
565 1163 819 1220 intelligere
856 1178 912 1206 ex
948 1164 1113 1206 diuina
1152 1165 1455 1219 inspiratione
1480 1165 1621 1209 fuisse
1651 1180 1676 1208 a
1700 1167 1799 1209 Deo
1823 1166 1933 1209 illud

291 1256 454 1284 nomen
477 1241 686 1283 societati
708 1242 984 1296 impositum.
1012 1241 1133 1286 Socii
1159 1241 1298 1298 igitur
1321 1256 1479 1285 sumus
1509 1241 1582 1285 Χ]
1605 1245 1715 1300 Jesu
1746 1258 1801 1286 ex
1833 1244 1937 1286 illu-

291 1319 370 1361 stri
394 1319 586 1373 quadam
612 1326 748 1373 atque
771 1318 935 1361 eximia
957 1318 1003 1361 in
1029 1334 1111 1362 nos
1133 1318 1418 1375 benignitate
1440 1334 1499 1377 ac*
1517 1319 1719 1376 gratia...

402 1430 428 1438 ..
457 1410 626 1452 magna
647 1403 692 1438 et
714 1395 872 1438 salutis
895 1404 940 1438 et
979 1396 1269 1452 perfectionis
1306 1403 1488 1440 nostrae
1527 1411 1629 1453 pars
1651 1397 1697 1439 in
1728 1397 1929 1440 iuuando

291 1473 493 1527 proximo
518 1472 767 1515 constituta
789 1473 862 1525 sit;
890 1473 1102 1528 quocirca
1124 1473 1197 1515 vbi·
1219 1474 1275 1516 ad
1295 1473 1542 1517 ministeria
1561 1474 1784 1517 mittimur
1807 1490 1831 1518 a
1856 1490 1935 1518 su-

291 1549 557 1604 perioribus,
602 1550 711 1604 nihil
752 1550 1074 1593 addubitemus
1111 1550 1220 1605 quin
1259 1551 1484 1593 maximus
1516 1551 1573 1593 sit
1597 1551 1728 1594 nobis
1752 1553 1934 1596 futurus

282 1632 536 1682 prouentus
558 1641 613 1669 ex
638 1627 887 1670 ministerio
910 1627 955 1670 in
979 1627 1251 1683 proximum,
1278 1630 1333 1670 ad
1356 1630 1442 1671 hoc
1465 1628 1584 1673 enim
1616 1644 1850 1682 uocamur,
1880 1631 1935 1673 ad

289 1706 375 1747 hoc
398 1709 582 1746 nostrae
606 1704 841 1761 religionis
859 1706 1023 1761 gratia
1041 1705 1223 1761 proprie
1240 1705 1366 1748 ducit
1383 1713 1428 1749 et
1446 1705 1589 1749 iuuat.
1613 1707 1798 1750 Memini
1822 1721 1930 1763 ego,

287 1796 390 1823 curn
415 1781 667 1824 insinuaret
690 1781 798 1824 mihi
822 1782 957 1826 Pater
972 1761 1207 1838 ‘Ignatius,
1234 1783 1292 1825 ad
1315 1782 1441 1826 initia
1465 1783 1552 1827 mei
1575 1784 1630 1826 ad
1655 1783 1929 1828 Societatem

287 1858 535 1913 ingressus,
557 1866 606 1900 ut
628 1858 1040 1914 praedicationibus
1058 1868 1103 1903 et
1126 1859 1331 1916 proxima
1361 1875 1544 1916 operam
1567 1861 1738 1912 darem,
1772 1870 1816 1905 et
1841 1875 1930 1918 ego

285 1934 632 1990 ineptitudinem
656 1950 801 1979 meam
824 1937 881 1978 de
899 1937 1011 1980 meis
1033 1936 1234 1992 peccatis
1257 1945 1302 1980 et
1331 1936 1509 1980 miseria
1539 1951 1825 1989 excusarem,
1852 1952 1901 1982 re
1920 1965 1928 1969 -

285 2011 520 2067 spondisse
549 2015 744 2057 Patrem:
775 2015 920 2066 «Hoc,
951 2013 1113 2069 inquit,
1157 2022 1287 2069 pacto
1327 2014 1551 2070 proficies,
1594 2014 1630 2057 si
1654 2016 1711 2057 ad
1735 2015 1926 2071 proximi

285 2089 476 2131 salutem
515 2091 767 2133 attendas».
810 2093 872 2135 Ut
903 2092 1044 2134 semel
1081 2091 1222 2147 igitur
1250 2091 1413 2143 dicam,
1455 2092 1608 2134 nullus
1645 2106 1730 2135 suo
1760 2092 1930 2135 iudicio

285 2166 505 2222 in[n]ixus
533 2168 657 2221 quod
690 2167 986 2223 imperfectus
1024 2168 1097 2220 sit,
1138 2169 1260 2223 quod
1290 2169 1471 2224 ineptus
1500 2170 1621 2224 quod
1652 2169 1696 2211 in
1727 2170 1929 2225 periculo

290 2252 512 2296 uersetur;
540 2245 612 2287 uel
645 2253 880 2300 grauetur,
909 2247 980 2290 uel
1007 2246 1210 2302 ambigat
1236 2246 1440 2302 proximo
1463 2246 1700 2299 inseruire3
1726 2248 1822 2298 sed,
1849 2261 1924 2290 ex-

285 2320 449 2376 plicata
472 2321 752 2365 cunscientia
775 2322 1010 2378 superiori,
1037 2323 1073 2365 si
1098 2322 1318 2375 mittatur,
1346 2338 1513 2379 magno
1537 2323 1689 2366 animo
1713 2338 1764 2366 ac
1797 2325 1928 2379 pleno

283 2399 432 2440 bonae
459 2398 554 2454 spei
593 2399 889 2455 aggrediatur
912 2415 1042 2456 opus:
1085 2401 1162 2444 fiet
1185 2416 1241 2444 ex
1264 2400 1483 2457 singulari
1515 2403 1627 2458 Jesu
1652 2400 1727 2445 Χ.ἰ
1758 2401 1924 2457 gratia,

286 2490 376 2530 qua
403 2490 530 2518 suam
571 2475 888 2531 complectitur
926 2477 1218 2529 Societatem,
1248 2471 1364 2521 utet
1388 2477 1500 2520 nihil
1539 2477 1839 2534 periclitetur,
1884 2487 1928 2522 et

285 2567 502 2609 magnum
532 2553 658 2596 breui
698 2562 970 2609 prouentum
1002 2555 1292 2610 perfectionis
1331 2563 1655 2611 consequatur,
1689 2557 1823 2598 modo
1856 2571 1927 2599 ra-

285 2629 452 2673 tionem
478 2630 713 2674 ministerii
732 2631 973 2675 Societatis
991 2633 1291 2688 amplectatur
1314 2641 1359 2676 et
1382 2632 1600 2688 imprimis
1624 2647 1712 2675 non
1740 2632 1923 2675 omittat

285 2708 491 2762 spiritum
517 2722 595 2764 per
618 2707 868 2752 orationem
893 2724 975 2751 suo
1000 2717 1205 2764 tempore
1224 2708 1560 2754 refocillare»...

356 2861 372 2876 a
400 2850 507 2884 Haec
541 2858 581 2894 15
614 2851 732 2886 verba
763 2849 1036 2897 praecedentia
1066 2850 1196 2885 deleta
1215 2856 1306 2886 sunt
1331 2862 1352 2885 a
1385 2851 1491 2894 Nat.‚
1522 2851 1588 2898 qui
1615 2851 1667 2886 ita
1687 2851 1859 2897 incoepit
1877 2863 1923 2886 ea

285 2909 506 2943 emendare:
530 2909 614 2945 Hoc
631 2921 718 2955 ego,
734 2921 833 2956 quae
852 2909 969 2944 etiam
988 2909 1228 2955 obliteravit,
1245 2916 1283 2945 et
1298 2921 1374 2945 non
1394 2910 1635 2945 emendavit.
1688 2931 1719 2936 —
1736 2913 1754 2937 b
1783 2911 1915 2946 Emen-

284 2966 415 3001 datum
442 2980 463 3002 a
489 2968 580 3003 Nat.
607 2980 655 3003 ex
683 2967 769 3015 Ego
792 2980 943 3015 quoque
967 2970 1022 3004 sic
1043 2969 1316 3004 commemini.
1381 2978 1443 2996 -c
1471 2969 1752 3005 praecedentia
1771 2971 1819 3005 ab
1839 2970 1917 3006 illis

286 3027 415 3061 verbis
439 3028 584 3062 Eodem
605 3028 711 3063 illud
727 3031 887 3075 spectat,
911 3028 1013 3064 linea
1037 3029 1291 3063 transversim
1317 3028 1446 3073 ducta,
1469 3028 1675 3064 obliterata
1696 3035 1799 3065 sunt.
