2028 3426
346 200 415 244 842
927 199 1063 234 Episr.
1093 199 1136 235 P.
1165 198 1316 234 NADAL

391 305 644 353 Postremo,
670 301 746 343 vbi
770 300 1039 345 electionem
1063 300 1204 356 liquet
1228 316 1328 346 esse
1350 301 1644 344 constitutam
1663 310 1786 346 recte
1804 311 1944 360 atque

297 379 455 423 ordine
498 394 553 422 ex
591 393 699 422 vera
737 392 1022 433 synceraque
1061 378 1446 434 contemplatione
1483 386 1619 434 atque
1647 393 1799 422 amore
1837 380 1944 425 finis

296 456 454 512 ipsius,
486 471 586 499 eam
618 455 904 508 electionem,
931 455 1107 498 etiamsi
1136 456 1301 498 mutari
1335 455 1493 511 possit,
1519 456 1777 509 confirmari
1806 456 1937 502 iube·

296 549 414 587 mus,
440 542 485 576 et
507 540 771 577 constanter
804 547 855 576 ac
886 541 1231 589 perseueranter
1257 533 1494 587 tuendum,
1520 534 1643 588 quod
1670 533 1677 591 Ι
1706 533 1777 590 pie
1800 542 1940 590 atque

297 619 476 654 maturo
499 610 688 653 consilio
710 610 918 653 videmus
942 624 1041 653 esse
1065 609 1320 660 definitum,
1353 610 1475 665 quod
1504 623 1662 653 verum
1686 618 1718 662 ³,
1745 618 1791 654 et
1813 612 1938 667 quod

295 689 368 730 illa
393 703 483 730 uon
506 687 563 730 sit
587 686 782 739 vocatio,
809 701 926 742 quae
947 696 1116 731 temere
1137 686 1385 742 suscipitur
1408 686 1441 729 ¹³.

385 767 541 820 Itaque
574 764 748 806 nullum
775 778 858 807 nos
887 778 1060 816 eorum,
1087 764 1162 819 qui
1194 771 1479 816 exercentur,
1517 764 1820 820 permittimus
1851 779 1940 808 suo

295 843 477 894 iudicio,
506 842 575 886 vel
599 841 644 884 in
675 841 1059 894 meditationibus,
1086 842 1157 884 vel
1190 840 1235 883 in
1269 841 1584 894 electionibus;
1622 857 1725 885 nam
1759 842 1935 886 etiamsi

296 919 611 963 meditationes
650 925 834 961 nostrae
872 933 928 961 ex
966 917 1211 974 euangelio
1249 918 1340 960 sint
1379 919 1669 975 desumptae,
1711 926 1806 961 tum
1842 926 1938 963 tota

293 996 508 1041 exercitia
532 997 588 1038 ab
613 1010 799 1038 romana
821 995 1014 1038 ecclesia
1037 996 1241 1050 probata,
1269 994 1375 1050 quia
1399 1003 1550 1039 tamen
1569 995 1770 1040 incidere
1788 1003 1940 1051 potest
2004 999 2009 1003 ’

293 1073 455 1129 quauis
477 1088 533 1115 ex
556 1087 693 1115 causa
716 1072 761 1114 in
785 1073 948 1115 harum
967 1086 1117 1116 rerum
1139 1072 1411 1116 tractatione
1430 1072 1744 1115 controuersia
1765 1072 1933 1127 aliqua,

294 1152 363 1194 vel
385 1149 624 1202 dubitatio,
650 1150 723 1193 vel
746 1163 886 1201 error,
915 1149 986 1192 vel
1009 1148 1253 1202 dificultas,
1280 1158 1518 1206 propterea
1543 1163 1778 1194 censorem
1798 1157 1843 1194 et
1861 1149 1908 1192 iu
1927 1177 1931 1180 -

292 1228 437 1270 dicem
462 1226 731 1271 adhibemus
754 1240 806 1269 ac
830 1227 1154 1278 consultorem,
1177 1226 1232 1268 ad
1256 1240 1390 1282 quem
1423 1227 1692 1279 referantur,
1719 1241 1835 1282 quae
1859 1240 1934 1270 ac-

291 1305 449 1348 cidunt
472 1304 516 1346 in
541 1303 770 1348 exercitiis
792 1303 959 1355 omnia,
987 1318 1076 1345 non
1101 1317 1154 1345 ea
1177 1304 1345 1355 solum,
1372 1318 1488 1358 quae
1511 1319 1536 1346 a
1554 1304 1674 1346 malo
1692 1303 1935 1348 videantur

291 1382 452 1438 spiritu
483 1382 658 1424 intrusa
681 1389 847 1433 astute,
876 1380 948 1425 194
981 1382 1061 1424 sed
1104 1381 1178 1423 illa
1208 1394 1405 1436 quoque,
1444 1395 1561 1436 quae
1591 1396 1616 1424 a
1646 1381 1933 1426 consolatore

291 1459 468 1516 spiritu,
495 1473 612 1514 quae
635 1458 873 1501 videantur
897 1473 995 1502 esse
1018 1457 1223 1501 deriuata
1255 1457 1494 1510 diuinitus,
1519 1460 1605 1501 hoc
1641 1457 1862 1513 siquidem
1886 1457 1932 1502 in

297 1549 346 1591 17
371 1535 665 1579 annotatione
688 1535 992 1591 praecipimus
1015 1543 1060 1579 et
1083 1537 1168 1577 hoc
1191 1536 1291 1578 loco
1314 1535 1358 1577 in
1383 1535 1721 1578 introductione
1744 1534 1929 1579 electio-

290 1629 399 1657 num
421 1614 719 1657 declaramus.
749 1614 922 1667 Itaque,
948 1613 984 1655 si
1008 1627 1142 1667 quem
1163 1612 1546 1668 deprehendimus
1563 1613 1671 1655 dum
1690 1619 1933 1656 exercetur

289 1691 462 1748 aperire
484 1705 533 1734 se
556 1691 675 1733 nolle
698 1690 977 1742 instructori,
1005 1692 1125 1732 hunc
1150 1690 1377 1734 hominem
1397 1689 1640 1742 reficimus,
1663 1689 1829 1734 necubi
1846 1704 1934 1732 suo

289 1769 432 1813 fretus
461 1767 628 1810 iudicio
661 1768 732 1810 vel
765 1766 998 1810 daemonis
1032 1767 1240 1811 illusione
1273 1768 1508 1822 deceptus,
1545 1767 1715 1809 incidat
1737 1767 1782 1808 in
1806 1781 1906 1810 erro

289 1861 400 1898 rem,
427 1860 480 1888 ac
503 1860 586 1887 nos
610 1845 730 1887 illius
758 1844 994 1888 videamur
1023 1844 1189 1888 erroris
1218 1859 1318 1888 esse
1356 1845 1708 1889 consentientes.
1743 1843 1791 1888 Si
1822 1843 1931 1899 quid

288 1930 439 1967 autem
464 1922 744 1974 instructori,
771 1922 891 1977 quod
916 1921 1098 1966 difficile
1122 1922 1196 1973 sit,
1231 1931 1384 1964 narrat
1409 1922 1484 1977 qui
1508 1929 1763 1971 exercetur,
1790 1922 1846 1964 de
1876 1935 1934 1964 eo

286 2000 535 2043 instructor
568 2000 639 2042 vel
668 2014 801 2042 suum
836 1998 1141 2055 praepositum
1175 1999 1442 2054 interrogat,
1471 2000 1541 2042 vel
1574 2007 1812 2042 externum
1847 1998 1930 2041 ali-

286 2091 420 2132 quem
444 2077 591 2119 virum
614 2084 659 2119 et
683 2077 868 2119 doctum
891 2083 935 2118 et
966 2076 1009 2117 in
1034 2075 1238 2119 oratione
1271 2075 1587 2120 exercitatum.
1625 2077 1754 2119 Haec
1787 2089 1927 2130 quum

286 2154 347 2197 ita
375 2154 482 2207 sint,
508 2160 687 2196 constat
715 2152 721 2210 Ι
750 2167 832 2195 nos
856 2152 1007 2195 omnia
1032 2152 1179 2196 media
1208 2152 1428 2197 adhibere
1466 2153 1522 2195 ad
1553 2152 1784 2204 exercitia,
1811 2166 1930 2207 quae

285 2233 340 2275 ad
364 2232 576 2287 pietatem
602 2230 760 2274 iuuare
784 2229 971 2285 possint:
993 2229 1163 2281 diuina,
1184 2230 1509 2282 ecclesiastica,
1532 2232 1747 2272 humana:
1770 2229 1930 2272 diuina

286 2308 467 2364 quidem
492 2322 619 2350 sacra
653 2306 883 2363 euangelii
908 2306 1201 2350 meditatione
1234 2314 1371 2361 atque
1400 2314 1787 2350 sacramentorum
1823 2321 1924 2359 vsu;

285 2385 608 2436 ecclesiastica,
635 2395 682 2426 vt
706 2384 782 2439 qui
807 2399 906 2427 eam
931 2383 1149 2427 rationem
1174 2383 1495 2427 exercitiorum
1520 2398 1781 2438 sequamur,
1809 2397 1929 2438 quae

285 2464 341 2505 ab
364 2463 557 2506 ecclesia
581 2477 765 2504 romana
787 2462 976 2517 probata
1008 2474 1060 2503 ac
1093 2461 1358 2503 confirmata
1395 2468 1463 2503 est
1497 2460 1734 2516 legittime3
1762 2461 1923 2502 huma-

284 2555 357 2591 na,
383 2540 457 2581 vbi
488 2539 826 2591 instructorem,
851 2539 1159 2582 consultorem
1193 2552 1245 2580 ac
1278 2537 1471 2581 iudicem
1503 2536 1731 2580 exercitiis
1764 2536 1924 2592 praefi·

285 2616 446 2659 cimus.

375 2695 444 2736 De
467 2692 706 2736 vocatione
729 2699 879 2735 autem
911 2691 969 2733 ita
1000 2690 1244 2747 loquimur,
1278 2699 1460 2747 propter
1488 2689 1771 2734 vocationem
1802 2689 1923 2732 illam

284 2770 605 2821 vniuersalem,
643 2784 731 2824 qua
764 2783 844 2824 per
875 2768 1168 2824 euangelium
1201 2775 1423 2810 vocantur
1455 2767 1665 2810 mortales
1693 2768 1750 2809 ad
1772 2767 1921 2823 legem

283 2846 387 2901 xpi.
421 2846 540 2897 Iesu,
577 2847 633 2888 ad
664 2847 812 2902 legem
836 2845 1021 2901 spiritus
1050 2844 1187 2896 vitae,
1215 2845 1271 2887 ad
1294 2845 1442 2900 legem
1466 2843 1511 2886 in
1534 2843 1747 2886 cordibus
1770 2841 1920 2886 homi-

354 3026 368 3040 :1
420 3012 598 3047 Obscure
615 3012 815 3058 scriptum.
871 3033 904 3037 —
918 3014 934 3039 b
958 3020 995 3047 11
1015 3013 1135 3047 verba
1151 3011 1423 3058 praecedentia
1443 3010 1480 3046 in
1498 3021 1618 3054 marg.
1635 3009 1766 3045 addita
1784 3020 1805 3044 a
1825 3009 1919 3046 Nat.
