2028 3426
343 230 411 266 594
815 219 970 254 PATms
997 218 1241 253 Hmnoumn
1267 217 1417 253 NADAL

385 369 464 411 6⁰9
992 377 1053 406 DE
1086 376 1230 406 ‘roms

385 479 458 521 Ad
499 486 628 520 tonos
667 478 818 520 nullus
856 484 945 528 eat,
986 475 1063 531 qui
1102 483 1352 531 occupatus
1390 475 1643 520 necessario
1675 475 1732 518 sit
1764 475 1811 518 in
1845 490 1928 519 suo

297 555 458 598 officio.
504 555 767 597 Praefectus
807 560 1017 595 tonorum
1056 551 1180 595 dabit
1219 553 1369 595 thema
1407 566 1488 608 pro
1525 551 1643 594 tonis
1679 552 1922 608 particula-

296 632 435 675 ribus.

383 709 682 752 Coadiutores
708 708 976 763 temporales
992 721 1084 749 non
1102 707 1186 749 erit
1204 720 1443 750 necessum
1462 706 1584 750 tonis
1602 707 1778 759 adesse;
1799 714 1926 762 pote-

297 794 402 829 runt
425 794 574 830 tamen
598 787 772 836 adesse,
799 799 889 826 non
915 785 1060 827 facere
1085 791 1216 826 tonos
1239 784 1310 826 vel
1333 783 1612 828 concionari.

386 863 555 906 Nouitii
585 870 796 918 poterunt
825 863 983 906 adesse
1021 861 1140 904 tonis
1176 860 1374 917 collegii,
1414 860 1500 903 nisi
1537 861 1694 904 eadem
1732 863 1843 904 hora
1881 861 1925 903 in

301 940 489 997 propriis
512 939 671 982 officiis
694 946 1042 995 occuparentur.

384 1017 498 1060 Toni
522 1017 567 1059 in
590 1016 797 1072 collegiis
819 1030 878 1059 ne
907 1015 1265 1059 intermittantur
1294 1016 1450 1060 haberi
1479 1015 1640 1060 diebus
1670 1016 1926 1067 dominicis,

297 1094 483 1146 scilicet,
510 1101 553 1138 et
577 1093 702 1137 festis
724 1101 826 1149 post
848 1092 1140 1135 meridianam
1164 1092 1380 1147 quietem,
1413 1107 1491 1149 per
1519 1100 1724 1148 quartam
1754 1101 1926 1148 partem

268 1160 273 1164 ⁴
298 1173 451 1224 horae;
477 1172 556 1214 sed
579 1177 728 1214 tamen
751 1184 938 1214 necesse
961 1184 1051 1212 non
1075 1178 1144 1212 est
1167 1177 1215 1211 vt
1239 1170 1283 1211 in
1306 1169 1405 1212 aliis
1434 1169 1679 1225 prouinciis
1708 1170 1781 1212 illa
1811 1169 1928 1213 actio

297 1250 366 1292 vel
391 1247 698 1304 pronuntiatio
720 1248 987 1299 adducatur,
1013 1261 1129 1302 quae
1157 1248 1272 1291 solet
1302 1248 1472 1290 Romae
1495 1247 1607 1291 fieri.
1640 1248 1722 1291 Sat
1743 1254 1842 1291 esto
1871 1247 1925 1299 si,

296 1327 463 1369 eisdem
488 1324 638 1368 verbis
661 1324 959 1376 conseruatis,
986 1324 1030 1366 in
1054 1325 1124 1367 his
1142 1324 1276 1376 tonis,
1297 1339 1411 1380 quos
1429 1324 1621 1367 dicimus
1643 1338 1924 1376 communes,

293 1405 365 1447 vel
386 1402 483 1445 aliis
505 1402 656 1446 verbis
678 1401 891 1445 adhibitis
915 1403 971 1445 ad
998 1401 1292 1445 imitationem
1325 1402 1652 1454 communium,
1687 1402 1733 1444 in
1764 1401 1835 1444 his
1860 1410 1925 1445 to-

293 1481 377 1531 nis,
403 1495 517 1534 quos
540 1479 833 1535 particulares
855 1479 1062 1531 dicimus,
1089 1479 1232 1522 nostri
1255 1479 1299 1521 in
1325 1479 1443 1522 tonis
1471 1486 1783 1532 exerceantur3
1821 1493 1926 1535 pro—

292 1557 515 1599 nuntiatio
548 1571 656 1601 vero
687 1556 761 1600 610
792 1565 836 1600 et
866 1556 989 1599 vocis
1018 1555 1376 1599 accommodatio
1398 1563 1443 1599 et
1465 1563 1559 1599 tota
1592 1556 1705 1599 ratio
1737 1555 1927 1599 actionis

293 1636 370 1677 fiat
400 1642 446 1676 vt
476 1634 721 1690 postulabit
750 1634 944 1678 nationis
982 1635 1052 1678 vel
1092 1634 1291 1690 regionis
1327 1641 1490 1676 natura
1527 1641 1572 1678 et
1610 1635 1914 1677 consuetudo.

294 1713 408 1754 Nam
447 1711 617 1767 primus
654 1719 793 1754 tonus
821 1719 838 1735 ³
865 1711 1090 1755 enuntiat.
1131 1711 1372 1754 Secundus
1409 1718 1560 1754 mouet
1595 1712 1785 1754 affectus
1818 1726 1915 1754 sua-

297 1789 426 1832 uiter.
454 1789 636 1831 Tertius
658 1789 869 1831 deterret.

382 1868 482 1910 Hae
505 1866 645 1922 igitur
670 1875 760 1910 tres
784 1866 1026 1910 varietates
1055 1867 1165 1908 fiant
1196 1873 1241 1907 vt
1269 1865 1413 1921 exigit
1435 1866 1635 1921 regionis
1657 1865 1858 1908 conditio
1881 1873 1925 1907 et

295 1957 424 1995 x·sus;
452 1943 616 1986 faciant
638 1957 746 1986 vero
778 1951 908 1986 tonos
937 1944 1028 1986 duo
1058 1944 1129 1985 vel
1153 1951 1258 1994 tres,
1284 1957 1366 1999 pro
1394 1943 1686 1987 multitudine
1715 1943 1922 1994 fratrum;

297 2034 379 2063 nec
402 2020 758 2063 intermittantur
776 2034 1040 2062 communes
1059 2019 1170 2072 toni,
1194 2020 1371 2062 tametsi
1391 2019 1672 2074 frequentius
1694 2020 1805 2062 fiant
1823 2034 1926 2075 par—

297 2096 523 2139 ticulares.

874 2231 934 2258 DE
970 2230 1356 2260 PROBATIONIBUS

384 2327 433 2380 Ii,
466 2326 542 2381 qui
573 2327 659 2369 iam
692 2335 796 2369 sunt
828 2327 870 2368 in
903 2329 1086 2370 domum
1111 2327 1304 2382 recepti,
1330 2327 1416 2369 nisi
1446 2327 1569 2370 omni
1601 2342 1655 2370 ex
1690 2335 1816 2383 parte
1839 2327 1928 2370 illis
1968 2378 1972 2387 y

299 2405 404 2446 fidat
441 2403 661 2460 superior,
703 2418 791 2446 non
832 2412 935 2447 eant
969 2404 1306 2460 peregrinatum
1338 2403 1355 2428 b
1382 2404 1488 2456 soli,
1521 2404 1650 2459 quasi
1679 2419 1759 2461 pro
1788 2419 1927 2460 expe-

292 2481 466 2523 rientia.
523 2537 526 2540 Α

381 2559 579 2613 Quando
608 2558 749 2600 nostri
779 2558 1143 2613 peregrinantur,
1177 2573 1266 2600 non
1295 2559 1463 2601 debent
1491 2558 1662 2601 diutius
1691 2558 1854 2601 morari
1878 2559 1922 2600 in

295 2634 607 2690 hospitalibus.
635 2633 829 2677 Visitare
855 2642 1003 2677 tamen
1027 2634 1230 2677 infirmos
1253 2636 1470 2679 deberent
1489 2636 1855 2690 quandocunque
1878 2635 1923 2677 in

294 2712 391 2767 ipso
413 2719 539 2755 recto
563 2711 619 2755 611
644 2710 1018 2766 peregrinationis
1042 2710 1201 2755 itinere
1230 2712 1511 2754 xenodochia
1535 2719 1841 2755 occurrerent.

381 2789 452 2829 Ad
475 2788 811 2831 inseruiendum
837 2787 1129 2829 xenodochiis
1147 2795 1191 2829 et
1209 2801 1306 2830 eam
1327 2788 1636 2843 probationem
1656 2789 1922 2844 explendam

293 2881 384 2907 non
414 2865 651 2921 negligant
684 2864 939 2919 superiores
973 2871 1150 2906 nostros
1189 2863 1381 2907 mittere:
1422 2879 1509 2919 qua
1547 2865 1592 2906 in
1633 2880 1679 2908 re
1712 2865 1821 2907 illud
1855 2873 1924 2908 est

362 3044 377 3057 .-.
405 3035 507 3066 totus
528 3044 598 3069 ms,
651 3033 717 3057 -1‚
740 3030 1044 3077 perigrinatum
1066 3030 1126 3065 hic
1145 3036 1184 3065 et
1203 3030 1296 3066 alias
1317 3043 1385 3068 ms,
