2028 3426
341 230 362 256 2
366 229 410 265 52
815 221 970 256 Pru-ms
997 221 1240 255 HlERONYffl
1267 219 1417 254 NADAL

383 334 452 377 24.
519 323 761 367 Gisbertus
786 323 917 365 faciat
946 329 1283 378 procuratorem
1316 323 1377 365 Μ.
1410 315 1631 378 Jacobum¹
1662 321 1926 377 Schipman‚

292 406 513 444 rectorem
537 401 861 452 louaniensem,
888 414 990 442 cum
1015 399 1230 442 facultate
1248 399 1539 452 sustituendi,
1561 407 1608 442 vt
1626 398 1828 455 resignet
1845 400 1929 442 ben

293 477 513 528 nefitium,
541 478 575 520 si
599 479 722 533 quod
745 479 896 528 habet;
924 478 1011 518 hoc
1040 475 1177 518 faciat
1205 487 1286 532 per
1313 475 1544 532 publicum
1574 475 1925 519 instrumentum

292 553 560 606 tabellionis;
586 562 630 597 et
653 554 817 597 scribat
841 553 951 608 ipse,
979 553 1049 596 vel
1072 558 1219 596 rector
1241 552 1338 596 eius
1360 552 1558 605 nomine,
1584 553 1756 597 litteras
1778 554 1835 596 ad
1859 567 1929 596 re-

290 636 461 673 ctorem
501 630 824 681 louaniensem,
866 629 1030 684 quibus
1064 629 1298 686 negotium
1337 637 1482 672 totum
1515 629 1725 686 explicet,
1761 644 1926 674 nomen

293 706 453 761 patris,
489 707 698 751 beneficii
729 715 773 750 et
803 706 975 759 oinnia;
1008 713 1052 750 et
1079 714 1148 749 est
1177 706 1468 750 scribendum
1498 721 1556 749 ne
1585 706 1809 762 resignet,
1842 706 1928 750 nisi

293 781 475 828 idoneo,

386 872 455 914 25.
523 861 848 916 lVolffgangus
870 860 1159 903 contineatur
1181 861 1227 902 in
1250 874 1332 903 sua
1354 861 1513 912 classe,
1534 875 1624 904 non
1643 860 1929 917 permittatur

291 938 355 982 ire
379 938 422 979 in
447 938 649 993 patriam.
685 937 1010 981 permittantur
1039 945 1189 981 autem
1218 937 1281 980 illi
1304 952 1413 981 suae
1444 938 1655 991 fabricae,
1681 938 1930 981 dummodo

257 1005 259 1010 ’
290 1029 380 1057 non
403 1016 591 1058 afferant
614 1014 837 1070 impensas
860 1014 1053 1070 collegio
1076 1015 1266 1073 alicuius
1290 1015 1520 1059 momenti.
1548 1017 1619 1068 Et,
1651 1015 1688 1059 si
1717 1015 1826 1070 quid
1858 1016 1919 1058 fa-

287 1091 502 1143 bricetur,
529 1099 713 1135 curetur
735 1099 782 1133 vt
805 1091 915 1134 illud
938 1091 1081 1147 possit
1103 1107 1202 1135 esse
1224 1092 1324 1135 vsui
1347 1092 1555 1149 collegio.

379 1169 448 1211 26.
517 1170 746 1211 Mattheus
769 1168 949 1211 docebit
972 1168 1017 1210 in
1039 1183 1122 1211 sua
1139 1169 1298 1212 classe.

379 1257 451 1298 27.
517 1244 770 1288 Consiliarii
793 1252 899 1288 sunt
922 1244 1040 1288 idem
1063 1253 1108 1290 et
1130 1247 1288 1290 eodem
1309 1246 1461 1289 modo.

379 1324 449 1364 28.
516 1321 792 1365 Admonitor
814 1321 871 1364 sit
896 1322 1001 1365 Pisa
1024 1324 1044 1364 ¹.

378 1412 448 1456 29.
514 1399 743 1451 sindicus,
771 1400 1023 1444 Arboreus.

378 1491 447 1532 30.
516 1478 570 1521 P.
598 1476 701 1519 Pisa
723 1475 781 1518 sit
803 1476 1105 1520 confessarius
1123 1476 1340 1528 omnium,
1367 1476 1452 1519 nisi
1475 1491 1589 1532 quos
1611 1477 1696 1520 sibi
1723 1486 1926 1522 reseruet

288 1554 547 1610 superior...

378 1644 448 1686 32.
515 1632 748 1674 Ponantur
764 1630 985 1687 imagines
1003 1630 1048 1673 in
1071 1631 1239 1676 culina.

378 1723 448 1763 33.
514 1709 721 1752 Gallinae
743 1723 800 1752 ne
818 1715 972 1752 errent
989 1708 1036 1750 in
1052 1708 1166 1752 atrio
1184 1709 1380 1766 collegii,
1396 1710 1476 1754 sed
1494 1716 1677 1766 paretur
1695 1709 1780 1753 illis
1797 1710 1927 1752 locus

287 1794 538 1842 separatus,
566 1785 641 1827 vbi
660 1801 752 1828 non
775 1785 865 1828 sint
888 1785 934 1828 in
958 1785 1101 1828 oculis
1124 1786 1341 1829 omnium.

380 1876 448 1917 34.
517 1863 912 1918 Quemadmodum
945 1864 1115 1906 Romae
1146 1863 1214 1916 fit,
1250 1863 1329 1905 fiat
1362 1878 1450 1906 vna
1487 1863 1763 1908 bibliotheca
1800 1878 1924 1907 com-

288 1940 451 1992 munis,
478 1940 562 1983 alia
585 1947 773 1992 secreta3
799 1946 843 1982 et
874 1946 1026 1983 tamen
1054 1940 1307 1983 communis
1335 1942 1408 1992 sit,
1443 1955 1576 1996 quarn
1609 1941 1706 1984 fieri
1740 1941 1922 1997 poterit,

288 2018 503 2072 locuples.

379 2105 451 2148 35.
517 2095 796 2137 Consulatur
819 2093 1038 2145 medicus,
1064 2101 1128 2146 vt,
1159 2102 1398 2150 postquam
1429 2109 1512 2138 nec
1545 2094 1809 2139 cereuisiam
1839 2109 1923 2138 nec

289 2170 443 2212 vinum
468 2178 617 2226 potest
640 2171 795 2215 bibere
818 2170 1064 2222 Mattheus,
1087 2171 1301 2214 conficiat
1325 2171 1387 2213 illi
1410 2186 1573 2226 aquam
1598 2172 1668 2216 vel
1691 2187 1747 2215 ex
1769 2180 1919 2224 aneto,

289 2248 360 2289 vel
383 2255 489 2299 etc.;
516 2256 564 2289 vt
587 2248 683 2303 ipse
704 2247 831 2291 sciet.

379 2325 448 2377 36.
515 2325 802 2368 Examinator
830 2325 1046 2367 librorum
1074 2324 1174 2377 erit,
1207 2324 1282 2379 qui
1314 2339 1369 2368 ex
1400 2326 1663 2369 doctoribus
1697 2325 1923 2382 theologis

290 2408 397 2443 tunc
429 2402 642 2457 temporis
671 2402 755 2446 erit
777 2403 993 2446 decanus.
1027 2402 1164 2456 Quod
1193 2401 1229 2444 si
1259 2412 1419 2445 neuter
1448 2402 1505 2445 sit
1523 2404 1748 2455 decanus,
1774 2411 1818 2446 et
1841 2418 1921 2446 ue-

291 2477 415 2520 niant
444 2479 498 2520 ad
530 2493 611 2520 nos
640 2479 696 2520 ad
726 2466 1048 2522 examinandos
1077 2478 1215 2521 libros
1248 2479 1427 2532 latinos,
1469 2479 1611 2535 primo
1645 2480 1921 2523 examinabit

291 2556 340 2598 P.
366 2554 485 2607 Pisa3
507 2555 581 2596 illo
599 2557 802 2607 absente,
826 2557 877 2598 P.
894 2556 1162 2599 Theodorus
1182 2556 1212 2608 3;
1234 2556 1519 2611 germanicos
1540 2559 1590 2599 P.
1607 2558 1921 2600 Theodorus...

376 2644 447 2684 42.
514 2632 871 2684 Diligentissime
895 2639 1097 2684 curetur,
1123 2639 1187 2684 vt,
1215 2646 1304 2675 non
1328 2632 1500 2675 diutius
1524 2647 1658 2688 quam
1682 2647 1918 2677 necessum

290 2708 438 2759 fuerit,
471 2709 525 2750 ad
556 2708 706 2750 cibum
735 2709 1006 2751 sumendum
1036 2708 1189 2751 domui
1218 2708 1382 2760 absint,
1419 2717 1463 2752 et
1495 2710 1811 2754 examinentur
1845 2710 1920 2753 vbi

290 2784 519 2836 redierint,
546 2785 809 2840 praesertim
833 2800 972 2841 quum
996 2785 1223 2829 abfuerint
1246 2785 1432 2837 diutius,
1458 2794 1506 2827 vt
1530 2787 1822 2843 intellegatur
1844 2787 1920 2830 vbi

292 2860 473 2912 fuerint,
496 2861 602 2915 quid
625 2861 818 2917 egerint,
845 2861 1085 2918 separatim
1109 2877 1218 2906 vero
1239 2877 1319 2918 per
1342 2862 1529 2906 socium.

360 2968 366 2985 ¹
423 2967 467 3001 P.
494 2968 716 3012 Alphonsus
736 2967 913 3003 Pisanus.

359 3029 370 3046 '-'
424 3027 623 3061 Peltanus.
