2028 3426
678 238 1106 276 INSTRUCTIONES—61
1592 245 1661 281 429

171 342 509 386 Authoritatem
533 342 707 384 dandae
730 339 955 383 facultatis
979 341 1035 381 ad
1057 339 1318 382 scribendas
1339 337 1493 380 literas
1516 338 1600 379 sibi
1630 352 1709 380 ex-

85 418 383 463 traordinarie
406 418 671 468 reseruabit,
692 417 917 459 ordinarie
940 431 1048 460 vero
1074 415 1198 458 dabit
1220 423 1383 458 rector.

174 498 323 538 Tanto
347 495 559 551 pauciora
581 494 665 536 sibi
689 494 956 545 reseruabit,
977 500 1146 548 quanto
1169 491 1337 535 maiore
1368 492 1552 541 talentO,
1580 490 1711 532 habi-

85 573 211 616 litate
233 581 278 616 et
301 572 466 628 agendi
490 571 662 614 ratione
685 571 914 626 praeditus
940 570 1074 614 fuerit
1096 577 1261 612 rector.

175 650 278 691 Non
301 649 379 690 fiat
401 662 609 690 annonae
633 647 830 702 prouisio
854 662 1018 702 magna
1046 647 1091 688 in
1122 646 1389 701 quantitate,
1417 644 1501 687 nisi
1531 658 1586 686 ex
1616 643 1717 685 eius

86 740 329 768 consenSU.

175 801 298 845 Nihil
321 801 600 853 aedificetur,
627 800 713 843 nisi
735 801 792 843 de
815 800 911 844 eius
934 801 1181 842 voluntate.

175 880 288 931 Nee,
314 878 400 920 nisi
423 892 477 920 eo
500 878 687 929 sciente,
714 876 991 932 poenitentia
1013 877 1144 918 detur
1161 874 1536 918 extraordinaria.

175 956 306 1010 Quae
336 969 442 997 vero
472 953 628 997 haberi
656 954 818 996 debeat
847 952 1214 1004 extraordinaria,
1247 968 1302 996 ex
1333 951 1474 1006 ipsius
1505 949 1721 1006 pendebit

92 1032 277 1075 iudicio.

179 1108 252 1153 l58
277 1112 461 1152 Praeter
485 1110 615 1161 haee,
641 1107 857 1162 quicquid
880 1107 1042 1150 rectori
1064 1106 1291 1148 videbitur
1320 1105 1501 1147 difficile
1531 1113 1608 1146 aut
1637 1105 1722 1146 du—

89 1187 230 1238 bium,
263 1193 341 1228 aut
370 1185 585 1229 momenti
613 1184 808 1235 maioris,
840 1183 885 1226 id
913 1183 1009 1239 ipse
1037 1183 1293 1225 inconsulto
1323 1182 1723 1237 superintendente

91 1277 182 1306 non
205 1270 328 1319 aget.
1271 1242 1274 1247 Ι

180 1341 312 1394 Quae
334 1338 686 1381 extraordinarie
709 1337 794 1379 sibi
817 1337 1196 1392 superintendens
1213 1335 1481 1386 reservabit,
1503 1350 1555 1378 ea
1573 1341 1724 1385 erunt,

93 1430 208 1471 quae
229 1416 404 1459 videret
434 1430 526 1457 non
555 1429 638 1457 suo
667 1414 824 1457 ordine
853 1413 1080 1469 progredi,
1112 1420 1189 1454 aut
1218 1412 1387 1467 exiguo
1419 1425 1523 1452 cum
1558 1411 1724 1461 fructu3

37 1530 44 1538 ,
92 1492 244 1547 itaque
266 1491 587 1536 reformatione
609 1505 759 1546 egere.
794 1490 878 1532 His
906 1489 1162 1531 immediate
1195 1488 1428 1530 intendere
1461 1488 1513 1530 ad
1548 1495 1728 1542 tempus

94 1570 279 1612 deberet
301 1569 356 1610 ad
380 1567 756 1624 gubernationem
773 1566 1074 1621 dirigendam.

182 1646 351 1688 Contra
388 1659 509 1696 vero,
551 1659 667 1698 quae
703 1643 789 1686 sibi
826 1642 1050 1684 ordinarie
1088 1649 1290 1685 reseruat
1328 1640 1729 1695 superintendens,

48 1721 50 1724 ’
102 1735 429 1775 nonnunquam
454 1720 603 1775 aliqua
624 1719 874 1762 committet
897 1718 1058 1761 rectori
1082 1718 1298 1773 gerenda.

188 1799 244 1840 Et
265 1799 378 1840 haec
401 1799 623 1840 hactenus
646 1797 703 1839 de
724 1794 1045 1838 reseruatione.
1266 1849 1270 1852 Ι

185 1876 286 1917 Non
309 1873 461 1917 audiet
483 1873 860 1928 superintendens
882 1871 1190 1913 confessiones
1209 1870 1446 1921 ordinarie3
1468 1877 1594 1912 extra
1611 1868 1727 1910 ordi-

44 1952 45 1956 ’
97 1966 199 1995 nem
224 1958 390 2000 tamen,
415 1950 492 1991 vbi
515 1949 706 2004 aliquem
737 1949 890 1991 credat
919 1947 1120 1990 adiutum
1151 1947 1220 1998 iri,
1252 1947 1289 1988 si
1317 1946 1401 2001 ipsi
1433 1946 1724 1996 confiteatur,

43 2022 45 2025 ¹
103 2027 230 2070 illum
254 2027 421 2070 audiet.

189 2105 370 2147 Habeat
402 2102 650 2158 peculiares
689 2102 1020 2153 obseruatores,
1062 2100 1138 2155 qui
1179 2106 1353 2143 secrete
1391 2099 1538 2154 ipsum
1578 2099 1733 2140 admo-

30 2203 38 2226 ε
102 2187 240 2224 neant
261 2181 318 2223 de
339 2180 474 2223 rebus
497 2178 695 2234 collegii,
723 2192 774 2220 ac
796 2177 1081 2233 peculiariter
1103 2177 1159 2219 de
1183 2184 1356 2219 rectore
1380 2183 1424 2218 et
1442 2175 1732 2224 officialibus,

101 2264 146 2299 et
169 2257 213 2298 hi
236 2257 326 2299 sint
348 2254 667 2312 probatissimi,
693 2254 767 2298 159
791 2269 848 2297 ne
872 2268 949 2309 per
965 2253 1218 2296 libertatern
1241 2252 1376 2294 huius
1399 2251 1736 2294 obseruationis

105 2333 390 2376 occasionem
416 2332 638 2387 accipiant
660 2330 1021 2386 imperfectionis&
1032 2329 1078 2371 in
1102 2328 1379 2372 obedientia.

195 2411 296 2466 Ipse
320 2424 426 2451 vero
449 2407 827 2463 superintendens
849 2421 947 2450 sese
970 2412 1210 2460 componat
1234 2406 1290 2447 ad
1315 2405 1569 2460 exemplum
1601 2403 1738 2445 totius

104 2486 414 2542 perfectionis,
442 2500 558 2540 quae
580 2486 636 2526 ad
659 2484 876 2527 rationem
899 2482 1036 2525 nostri
1067 2482 1261 2524 instituti
1283 2490 1328 2524 et
1354 2495 1507 2524 verum
1530 2480 1627 2522 eius
1650 2480 1736 2534 spi-

105 2563 239 2605 ritum
263 2570 307 2607 et
330 2562 521 2618 gratiam
541 2561 765 2617 exigatur.
794 2560 882 2602 Hic
899 2574 1006 2602 vero
1025 2559 1225 2614 spiritus,
1251 2560 1363 2601 haec
1381 2557 1541 2612 gratia,
1565 2563 1608 2599 et
1628 2555 1737 2597 ratio

105 2640 249 2683 nostri
285 2638 481 2681 instituti
518 2637 743 2693 religiosa,
783 2636 958 2679 etiamsi
995 2635 1151 2678 sentiri
1188 2634 1333 2689 magis
1373 2632 1529 2688 spiritu
1576 2630 1739 2673 mentis

107 2723 286 2759 nostrae
319 2722 364 2758 et
403 2715 539 2757 corde
570 2713 778 2769 intelligi,
821 2727 955 2767 quam
993 2711 1144 2755 verbis
1179 2710 1392 2765 explicari
1429 2708 1583 2763 possit,
1619 2707 1738 2749 illam

108 2800 259 2836 tamen
280 2791 519 2847 intelliget,
546 2790 622 2846 qui
645 2789 729 2833 Dei
747 2789 895 2845 gratia
913 2795 1104 2831 vocatus
1122 2788 1178 2829 ad
1197 2786 1486 2836 Societatem,
1506 2784 1549 2825 in
1568 2782 1737 2837 simpli-

109 2868 244 2911 citate
265 2867 412 2910 cordis
434 2867 503 2909 sui
526 2867 693 2909 deuote
715 2866 834 2908 illam
858 2864 1097 2919 recipiens,
1122 2862 1239 2904 votis
1264 2862 1556 2909 confirmans,
1579 2873 1737 2913 opera-

111 2944 308 2987 tionibus
337 2936 495 2999 plenae
523 2940 894 2992 mortificationis‚
926 2938 1208 2983 obedientiae
1237 2946 1280 2979 et
1313 2935 1579 2978 humilitatis
1608 2949 1738 2977 exer-

46 3052 50 3080 7
110 3034 234 3074 cenS,
267 3021 323 3062 ad
352 3020 564 3063 maiorem
593 3018 677 3061 Dei
708 3017 912 3073 gloriam,
945 3015 1341 3071 proximorumque
1374 3011 1608 3054 Vtilitatem
1636 3010 1740 3052 dili-
