2028 3426
549 276 781 314 ORATIONIS
807 286 1248 323 OBSERVArioNEs—7o
1595 281 1665 326 723

86 379 193 431 tius,
219 379 327 420 illud
346 378 550 434 gaudere
574 377 843 433 opprobriis,
864 378 938 421 illa
954 379 1136 422 deuotio
1154 379 1397 434 singularis
1419 396 1528 437 erga
1546 383 1713 426 beatis-

88 455 246 498 simam
271 454 522 510 Virginem,
554 453 629 496 illa
656 454 839 497 deuotio
868 455 924 496 ad
952 462 1149 508 sanctos,
1179 455 1290 498 illud
1319 457 1495 511 placere
1525 466 1643 510 vota,
1676 459 1713 501 si

86 532 190 587 quis
218 531 275 574 sit
304 530 558 586 religiosus,
590 530 701 571 illud
730 531 907 585 placere
930 530 1014 572 sibi
1044 530 1198 574 viuere
1220 533 1390 586 absque
1412 541 1614 589 peccato,
1641 535 1714 577 illa

86 608 274 652 deuotio
297 607 340 649 in
367 606 623 662 recipiendo
645 614 976 650 sacramentum
999 608 1319 663 poenitentiae,
1344 610 1417 652 ille
1439 625 1599 653 sensus
1622 611 1715 667 spi-

92 685 265 728 ritualis
288 691 332 727 et
355 683 574 728 recreatio
597 683 774 726 interna
797 683 843 725 in
867 684 1203 736 communione,
1230 685 1341 727 illud
1364 700 1512 730 amare
1541 688 1715 732 sincere

91 761 313 812 inimicos,
332 761 406 803 illa
423 759 605 802 deuotio
624 761 680 802 ad
697 760 950 811 ecclesiam,
970 761 1237 803 catholicam
1256 769 1302 804 et
1319 763 1625 818 apostolicam,
1646 779 1716 806 ro-

94 825 288 890 manam,
314 837 388 881 ille
411 851 570 879 sensus
593 836 875 880 obedientiae
898 837 954 878 ad
977 852 1201 879 summum
1232 839 1506 893 pontificem,
1539 840 1612 882 illa
1640 841 1716 883 de-

97 915 219 957 uotio
248 914 473 957 ordinaria
503 914 548 955 in
577 919 658 959 387
687 913 1203 975 missae-celebratione,
1236 915 1280 956 in
1310 915 1407 958 eius
1435 916 1568 959 etiam
1592 917 1717 959 audi-

95 991 232 1042 tione,
258 1000 303 1034 et
326 991 409 1033 alia
433 990 778 1046 quamplurima,
805 990 937 1032 simul
959 992 1080 1045 quod
1098 991 1208 1033 nihil
1227 992 1356 1035 nobis
1374 992 1542 1035 conscii
1559 993 1715 1045 simus,

95 1083 260 1124 magna
293 1074 399 1110 sunt
432 1075 702 1123 argumenta
734 1074 779 1109 et
810 1067 943 1122 signa
971 1067 1244 1110 inhaerentis
1277 1069 1466 1124 gratiae:
1504 1072 1615 1113 haec
1648 1086 1720 1113 re-

94 1152 250 1187 creant
272 1144 481 1195 animam,
513 1150 558 1186 et
586 1158 741 1199 pacem
772 1143 833 1185 illi
867 1143 1125 1196 conciliant,
1158 1153 1202 1187 et
1230 1145 1356 1199 quasi
1384 1146 1646 1188 conuiuium
1674 1146 1721 1188 in

91 1221 244 1263 anima
266 1221 511 1264 celebrant:
538 1220 645 1276 quid
667 1220 858 1276 amplius
880 1220 1074 1274 quaeris,
1101 1221 1268 1265 anima?
1286 1237 1372 1278 age
1390 1224 1446 1266 de
1464 1223 1535 1265 his
1553 1223 1721 1278 gratias

98 1301 211 1349 DeO,
238 1306 282 1342 et
304 1299 360 1340 ad
383 1297 596 1349 maiorem
620 1297 666 1339 in
689 1297 784 1339 dies
809 1304 852 1339 te
875 1296 1173 1341 humilitatem
1193 1313 1402 1354 compara
1420 1299 1463 1341 in
1484 1302 1623 1355 Xpo.,
1646 1301 1722 1355 qui

65 1391 73 1398 “
99 1377 222 1418 hunc
245 1378 423 1417 hortum
454 1374 706 1418 delitiarum
738 1374 1040 1429 orbi‘parauit
1072 1382 1213 1418 morte
1242 1390 1324 1418 sua
1353 1392 1433 1431 pro
1462 1377 1553 1419 vita
1589 1385 1719 1421 tua...

187 1458 271 1498 432
305 1452 470 1496 Selecti
499 1466 660 1495 sensus
689 1451 872 1507 spiritus
900 1459 945 1494 et
973 1452 1255 1504 deuotiones,
1291 1468 1380 1507 quo
1413 1453 1533 1495 omni
1572 1455 1721 1497 studio

99 1529 284 1585 spiritus
307 1529 688 1572 contendendum:

189 1606 383 1650 Deuotio
412 1605 457 1647 in
488 1605 727 1649 Societatis
764 1605 1019 1647 institutum
1050 1613 1095 1647 et
1127 1606 1443 1650 obedientiam.
1480 1609 1529 1649 In
1559 1622 1720 1650 nomen

57 1695 59 1697 ·
95 1686 221 1740 Jesu.
247 1685 295 1725 In
321 1696 555 1738 personam
579 1681 775 1737 Spiritus
798 1682 958 1724 sancti.
987 1684 1035 1724 ln
1060 1682 1281 1738 virginem
1306 1683 1507 1726 Mariam.
1544 1686 1596 1727 In
1621 1699 1725 1740 pas-
1767 1740 1771 1744 .

101 1760 271 1802 sionem
283 1759 388 1815 Xpi.
411 1761 459 1801 In
471 1758 788 1801 eucharistiam
802 1767 1077 1802 reseruatam
1090 1759 1135 1801 in
1147 1760 1350 1803 ecclesia.
1374 1761 1420 1802 In
1434 1761 1720 1816 decalogum,

100 1836 236 1879 etiarn
269 1835 573 1891 spiritualiter.
606 1835 656 1877 In
693 1835 939 1878 orationem
978 1851 1057 1890 pro
1095 1836 1330 1878 animabus
1369 1837 1632 1892 purgatorii.
1675 1838 1724 1879 In

103 1912 321 1955 rosarium
345 1912 465 1955 vitae
488 1911 594 1967 Xpi.
621 1913 668 1954 In
693 1911 911 1954 rosarium
935 1911 1124 1967 virginis
1147 1913 1328 1956 Mariae.
1365 1915 1416 1955 In
1448 1913 1642 1956 missam.
1677 1916 1725 1956 In

103 1990 355 2045 symbolum
389 1988 508 2031 fidei.
546 1990 595 2030 In
623 1989 874 2032 orationem
904 1989 1189 2031 dominicam.
1215 1995 1300 2035 433
1330 1991 1500 2032 Contra
1528 1991 1726 2034 haereti-

99 2080 196 2118 cos;
223 2067 302 2108 sed
323 2065 532 2121 primum,
553 2073 602 2107 vt
618 2072 959 2116 conuertantur,
981 2065 1329 2117 commiserati03
1355 2067 1475 2119 dein,
1496 2074 1544 2109 vt
1567 2068 1725 2109 aduer-

105 2157 182 2185 sus
203 2142 302 2184 illos
325 2143 563 2193 scribatur,
591 2149 638 2183 vt
660 2142 955 2185 confutentur
977 2149 1023 2184 et
1047 2144 1399 2185 confundantur.

194 2221 243 2261 In
267 2228 427 2261 terram
462 2225 682 2261 sanctam.
715 2219 789 2260 Ad
822 2218 1068 2260 audiendas
1099 2219 1418 2270 confessiones,
1451 2227 1496 2261 et
1524 2220 1726 2263 Societa-
1783 2222 1785 2225 ’

106 2296 162 2338 tis
184 2296 360 2351 priuata
382 2295 683 2337 ministeria...
1697 2283 1700 2295 ’

139 2382 145 2388 ’
193 2377 280 2417 434
312 2374 381 2415 Da
404 2386 583 2427 operam
608 2378 656 2412 vt
678 2385 733 2412 ex
756 2385 864 2414 vero
886 2378 931 2414 et
953 2371 1111 2412 humili
1135 2386 1270 2414 sensu
1299 2371 1479 2415 diuinae
1507 2373 1726 2427 operatio-

107 2449 175 2491 nis
198 2448 243 2490 in
268 2455 310 2490 te
333 2447 546 2503 opereris;
574 2462 681 2489 num
705 2447 750 2488 id
772 2447 1054 2503 intelligebat
1078 2450 1129 2490 P.
1157 2448 1375 2503 Ignatius,
1402 2449 1507 2490 dum
1531 2448 1724 2490 dicebat:

108 2525 182 2567 «in
205 2525 399 2567 Domino
421 2531 621 2575 nostro»,
646 2523 719 2566 cui
752 2524 867 2567 adde
899 2538 1081 2566 sensum
1116 2524 1261 2566 meriti
1294 2524 1400 2580 Xpi.
1431 2525 1562 2567 Adde
1594 2524 1726 2566 etiam

108 2616 240 2644 «cum
265 2603 430 2656 Xpo.»;
457 2607 501 2643 et
523 2600 568 2642 hi
600 2615 762 2644 sensus
794 2596 977 2656 spiritus
999 2600 1035 2642 si
1065 2616 1152 2643 non
1183 2602 1465 2656 contingant,
1500 2601 1728 2656 persuasio

110 2685 260 2721 tamen
283 2678 357 2720 illa
380 2677 492 2722 sit...

581 2804 630 2832 IN
662 2803 743 2832 DIE
777 2803 979 2832 NATALIS
1014 2804 1108 2832 XPI.
1146 2803 1260 2841 JESU

200 2907 697 2951 Oratio—Historiam
735 2907 859 2950 dabit
895 2907 1028 2951 lectio
1060 2906 1284 2961 euangelii
1318 2913 1363 2948 et
1400 2910 1483 2951 437
1520 2905 1728 2961 imaginis

108 2991 397 3039 conspectus,
422 2983 611 3039 simplici
634 2984 740 3027 item
764 2999 867 3026 cum
891 2999 1039 3026 rerum
1064 2982 1422 3026 consideratione
1444 2983 1595 3024 locum
1619 2997 1728 3024 con-

115 3061 327 3116 templare
350 3062 592 3112 Nazareth,
625 3060 671 3102 in
694 3060 813 3102 tribu
844 3061 1064 3111 Zabulon,
1093 3060 1214 3101 iuxta
1237 3065 1432 3100 montem
1456 3059 1657 3110 Thabor,
1683 3059 1726 3101 in
