2028 3426
567 217 902 254 ANNOTATioNEs
929 226 1157 254 COMMUNES
1168 240 1195 245 —
1207 219 1253 265 64
1604 221 1673 257 633

182 320 346 362 Danda
369 333 521 375 opera,
543 326 588 362 et
609 320 731 362 omni
753 319 903 362 studio
921 321 1287 364 contendendum
1311 329 1356 365 et
1379 324 1646 375 curandum,
1671 331 1718 365 ut

93 397 256 438 domus
278 396 555 451 probationis
584 396 816 451 erigantur
844 411 946 439 cum
982 397 1231 440 redditibus
1264 398 1320 440 ad
1353 413 1449 441 eam
1480 399 1713 451 rationem,

96 487 230 527 quam
253 487 342 528 ego
365 487 499 528 saepe
522 473 732 528 explicui,
760 473 837 515 ubi
859 473 1031 517 scilicet
1054 482 1070 498 ³
1091 474 1240 516 omnia
1263 489 1399 529 opera
1422 475 1581 517 domus
1610 491 1716 531 pro—

96 550 239 592 fessae
278 549 410 604 plene
448 556 744 593 exerceantur
781 563 835 592 ex
869 550 1152 605 probatione,
1178 551 1265 592 hoc
1295 558 1379 602 est,
1413 565 1490 606 per
1519 566 1613 602 eos,
1641 552 1716 606 qui

94 625 281 681 professi
306 627 456 668 adhuc
479 641 569 668 non
594 634 715 678 sunt,
743 626 886 681 qualis
908 633 977 669 est
995 626 1180 669 fundata
1198 626 1394 671 Villareii
1415 627 1459 668 in
1480 627 1712 683 Hispania.

95 704 255 744 Posset
278 702 412 746 etiam
436 702 609 745 institui
641 703 802 745 domus
830 703 1125 758 probationis,
1158 703 1204 745 in
1234 718 1320 759 qua
1350 704 1480 759 plane
1509 703 1715 747 viuerent

93 793 148 822 ex
177 779 493 834 eleemosynis,
525 793 641 833 quae
675 794 763 822 non
789 780 937 823 minus
964 779 1048 835 ipsi
1078 787 1380 835 prouenturae
1413 780 1582 835 sperari
1610 795 1715 835 pos-

88 861 212 908 sunt,
240 870 372 911 quam
402 855 610 898 domibus
633 858 955 911 professorum,
987 857 1143 900 eadem
1173 856 1292 900 enim
1315 857 1560 912 praestabit
1583 855 1714 898 mini-

91 932 225 974 steria
248 933 408 975 domus
430 932 707 988 probationis
731 940 867 988 atque
890 934 1089 988 professa
1111 932 1146 978 b.

180 1009 487 1068 Prouinciales
511 1009 555 1051 in
578 1010 824 1053 Germania
847 1017 1036 1065 possunt
1064 1025 1164 1054 esse
1192 1026 1247 1054 ex
1281 1009 1366 1052 alia
1395 1009 1592 1061 natione;
1625 1023 1715 1051 non

92 1092 181 1127 tam
214 1085 341 1128 facile
370 1094 588 1130 rectores:
620 1094 664 1129 et
694 1101 784 1129 non
814 1094 1003 1142 possunt
1032 1094 1224 1139 tantum,
1255 1087 1335 1129 sed
1363 1087 1529 1129 debent
1557 1085 1710 1138 etiam3

91 1176 210 1215 nam,
246 1170 423 1218 praeter
455 1163 563 1205 alias
596 1162 833 1216 Vtilitates,
868 1163 943 1206 'illa
972 1163 1105 1207 etiam
1134 1163 1442 1219 consequitur,
1473 1169 1522 1204 vt
1551 1162 1625 1216 qui
1660 1177 1714 1206 ex

87 1239 317 1294 germanis
346 1247 479 1283 erunt
507 1239 655 1282 idonei
685 1241 742 1281 ad
772 1241 996 1296 gerendas
1023 1240 1296 1296 prouincias,
1328 1239 1357 1282 ii
1380 1241 1584 1282 conferre
1606 1253 1714 1294 ope-

90 1330 160 1358 ras
183 1329 288 1358 suas
311 1323 524 1371 poterunt
546 1317 601 1358 ad
625 1315 869 1359 iuuandam
892 1317 1152 1361 ministeriis
1174 1316 1414 1361 Societatis
1437 1315 1641 1358 miseram
1661 1329 1713 1357 ac

86 1391 393 1435 calamitosam
419 1392 646 1436 nationem
670 1400 700 1434 0.

176 1468 264 1511 Vbi
288 1469 568 1511 fundandum
593 1469 834 1525 collegium
858 1469 1070 1524 occurrit,
1097 1477 1338 1524 antequam
1369 1468 1609 1524 recipiatur
1639 1468 1712 1509 uel

85 1544 253 1599 aliquid
277 1547 579 1600 promittatur,
607 1560 698 1588 non
727 1553 796 1589 sat
825 1557 892 1590 est
921 1548 1088 1590 habere
1118 1546 1193 1602 qui
1223 1546 1395 1602 possint
1428 1546 1606 1597 docere,
1632 1544 1712 1587 sed

85 1629 262 1677 oportet
285 1623 451 1665 habere
482 1622 558 1677 qui
583 1624 696 1666 bene
725 1622 920 1665 instituti
949 1623 1150 1666 moribus
1179 1630 1223 1666 et
1255 1622 1473 1678 religione
1503 1623 1618 1663 bene
1641 1635 1710 1662 or-

86 1697 178 1741 nati
201 1699 305 1750 sint,
332 1707 376 1741 et
400 1699 552 1743 idonei
575 1700 631 1742 ad
654 1700 1001 1755 gubernandum
1024 1700 1284 1756 collegium,
1310 1707 1395 1744 etc.
1422 1698 1456 1741 d.

173 1775 306 1818 Fiant
339 1775 578 1819 missiones
612 1791 666 1819 ex
700 1775 905 1832 collegiis
937 1776 1226 1828 Germaniae,
1269 1782 1317 1818 ut
1355 1776 1500 1818 solent
1535 1789 1590 1817 ex
1624 1772 1710 1815 Hi·-

85 1852 284 1908 spaniae.
1245 1849 1249 1853 ’

174 1930 370 1984 Quando
388 1930 520 1971 datur
542 1929 678 1972 alicui
701 1929 933 1981 uiaticum,
955 1936 1172 1984 quantum
1197 1929 1242 1971 id
1260 1929 1333 1982 sit,
1359 1927 1708 1984 significandum

83 2012 153 2048 est
175 2004 252 2056 illi,
279 2007 335 2047 ad
358 2020 491 2060 quem
516 2006 724 2058 mittitur,
752 2013 801 2048 ut
832 2006 946 2049 sciat
969 2021 1077 2048 num
1107 2006 1294 2049 nimium
1328 2007 1510 2061 profuse
1538 2019 1708 2060 expen-

84 2081 213 2133 derit,
239 2089 284 2124 et
307 2082 415 2137 quid
438 2082 658 2137 reliquum
682 2083 775 2125 fiat.

173 2158 383 2202 Scribant
411 2166 613 2202 rectores
643 2159 680 2200 si
709 2158 785 2214 qui
814 2159 904 2201 sint
934 2159 1118 2211 turbati,
1151 2167 1197 2201 et
1225 2159 1453 2214 quomodo
1490 2159 1704 2210 habeant,

81 2248 200 2289 quos
223 2234 362 2277 scitur
384 2250 475 2277 non
498 2236 642 2279 solere
671 2249 770 2278 esse
792 2234 986 2290 quietos.

173 2311 302 2354 Ratio
325 2319 393 2356 est
416 2311 691 2355 instituenda
714 2313 1093 2366 quemadmodum
1125 2313 1316 2367 probare
1344 2311 1567 2367 possimus
1597 2325 1704 2365 ope-

83 2403 154 2431 ras
176 2396 351 2431 nostras
374 2389 418 2431 in
442 2396 532 2431 tam
556 2388 709 2430 multis
732 2388 934 2444 collegiis
957 2378 1003 2432 et
1025 2396 1114 2431 tam
1141 2388 1275 2431 uariis
1302 2387 1577 2440 ministeriis,
1602 2401 1703 2429 cum

83 2465 175 2507 sint
197 2465 405 2521 permulti
430 2465 673 2507 imbecilles
696 2472 741 2507 et
769 2465 934 2520 quibus
962 2479 1119 2520 parum
1143 2465 1309 2507 confidi
1339 2464 1495 2520 possit,
1529 2463 1601 2505 alii
1624 2463 1703 2505 de—

83 2541 186 2585 fessi
215 2551 259 2586 et
289 2542 416 2597 quasi
446 2542 610 2584 defecti
640 2541 827 2594 uiribus,
863 2549 908 2584 et
939 2542 1071 2597 pauci
1106 2542 1182 2597 qui
1216 2541 1365 2584 idonei
1398 2540 1502 2596 sint,
1539 2539 1703 2595 quibus

80 2618 318 2663 missiones
341 2619 559 2662 committi
583 2618 770 2673 possint,
796 2618 926 2673 pauci
949 2618 1025 2673 qui
1048 2618 1332 2674 superiorum
1357 2631 1521 2659 munus
1543 2628 1702 2670 gerere

151 2791 168 2808 a
217 2780 326 2815 Hane
351 2780 578 2826 particulam
610 2779 756 2814 addidit
789 2779 876 2813 Nat.
929 2781 995 2806 -b
1023 2778 1172 2812 Natalis
1206 2788 1320 2811 manu
1350 2774 1494 2817 addita,
1522 2785 1543 2807 a
1570 2773 1701 2807 verbis

79 2839 210 2884 qualis
228 2839 495 2885 estfundata;
511 2850 610 2885 quae
634 2838 791 2885 quidem
815 2842 929 2872 antea
953 2837 1006 2872 ita
1025 2848 1045 2871 a
1063 2837 1220 2872 librario
1240 2834 1382 2879 scripta
1401 2833 1567 2867 fuerant:
1581 2831 1633 2877 fit
1650 2831 1702 2865 si-

15 2897 17 2899 ’
81 2898 163 2932 mul
187 2899 354 2933 alantur
378 2899 526 2933 nouitii
548 2910 593 2933 ex
618 2898 818 2932 dotatione
843 2899 880 2932 et
903 2896 1153 2941 eleemosynis
1177 2893 1421 2938 conquisitis,
1475 2900 1536 2917 —0
1564 2891 1597 2924 A
1617 2901 1700 2925 ver-

80 2955 140 2992 bis
156 2960 192 2992 et
218 2969 295 2992 non
316 2959 481 3002 possunt
506 2956 655 2991 Natalis
675 2967 790 2990 manu
808 2954 938 2990 addita
952 2960 1062 2989 sunt.
1118 2955 1181 2980 -d
1210 2952 1356 2988 Ultima
1381 2958 1400 2994 5
1427 2951 1545 2984 verba
1571 2948 1701 2983 addita

79 3020 170 3050 sunt
187 3026 209 3051 a
226 3016 316 3051 Nat.
