2028 3426
593 274 866 308 MONUMENTA
892 272 1106 306 ITALIAE—
1114 281 1133 315 5
1564 281 1627 316 109

841 427 878 468 ὖ

542 507 876 559 MICHAELIS
921 516 1181 559 GISLERII

180 625 525 656 CARDINALIS
564 624 954 654 ALEXANDRINI
996 622 1543 652 INTERROGATIONES

402 701 500 731 CUM
521 702 561 730 Ρ.
584 700 887 730 BOBADILLAE
911 699 1323 729 RESPONSIONIBUS

525 801 684 838 ROMAE,
710 800 731 836 7
758 800 1014 826 SEPTEMBMS
1044 799 1132 835 1557
1153 791 1161 810 ¹
1184 816 1194 825 .

137 992 223 1035 Die
242 1003 266 1045 7
291 990 571 1046 Septembris
593 998 610 1015 ³
639 1000 748 1044 1557
771 988 1056 1032 examinatus
1077 987 1294 1044 magister
1317 987 1566 1030 Bobadilla.

142 1070 190 1110 In
210 1067 364 1124 primis
388 1066 554 1109 iurauit
577 1081 626 1109 se
648 1066 760 1108 nihil
783 1065 1009 1108 dicturum
1035 1067 1090 1108 de
1112 1064 1197 1116 his,
1224 1058 1279 1107 de
1302 1063 1467 1120 quibus
1491 1064 1677 1107 interro—

57 1155 206 1203 gatur,
232 1145 329 1188 aliis
351 1143 484 1187 sociis
507 1152 584 1186 aut
606 1142 828 1198 personis,
854 1149 944 1184 etc.

143 1224 210 1265 2.⁰
272 1221 444 1264 Iurauit
467 1235 516 1263 se
544 1221 770 1263 dicturum
801 1218 1036 1280 ueritatem
1073 1219 1128 1262 de
1163 1218 1373 1261 omnibus
1401 1225 1446 1260 et
1484 1217 1677 1273 singulis

56 1298 504 1355 interrogationibus,
529 1297 614 1340 sibi
639 1296 768 1339 factis
791 1311 870 1352 per
891 1310 989 1346 nos,
1016 1295 1141 1345 iuxta
1169 1309 1295 1337 suam
1328 1294 1672 1345 conscientiam,

59 1383 103 1421 et
124 1375 291 1418 iurauit
313 1390 391 1431 per
413 1374 498 1440 Dei
521 1373 773 1429 euangelia.

143 1454 209 1507 3.⁰
272 1451 376 1494 Fuit
399 1451 443 1493 in
462 1450 616 1506 primis
639 1450 944 1505 interrogatus
968 1464 1106 1504 quare
1135 1450 1373 1504 petebatur
1401 1448 1582 1491 licentia
1607 1456 1675 1490 to-

56 1529 138 1573 ties
161 1544 184 1571 a
209 1530 310 1573 S.¹¹¹⁰
327 1530 386 1571 D.
407 1529 536 1579 Nr0.,
559 1535 607 1569 ut
623 1528 751 1570 fieret
774 1526 1022 1582 capitulum
1040 1525 1086 1567 in
1105 1524 1341 1580 Hispania,
1362 1535 1448 1567 etc.
1472 1526 1679 1580 Respon-

58 1605 118 1648 dit
139 1606 262 1660 quod
285 1604 472 1647 remittit
494 1619 543 1647 se
565 1603 729 1656 causis,
756 1618 871 1658 quae
899 1602 1072 1658 possint
1095 1601 1246 1657 colligi
1271 1617 1325 1646 ex
1356 1615 1569 1657 processu
1593 1615 1676 1643 suo

55 1689 340 1738 praesentato
365 1681 496 1723 nobis
518 1680 565 1723 in
587 1679 765 1736 scriptis
788 1680 820 1722 ².
848 1678 1024 1722 Deinde
1047 1678 1233 1730 addidit,
1256 1680 1377 1733 quod
1400 1693 1577 1733 semper
1596 1677 1678 1719 fuit

56 1759 138 1802 sibi
159 1765 368 1814 suspecta
390 1757 463 1800 illa
484 1757 743 1812 importuna
767 1756 997 1807 instantia,
1021 1755 1215 1799 maxime
1233 1762 1471 1810 procurata
1492 1770 1569 1810 per
1588 1762 1677 1796 tres

41 1827 115 1880 ⁹de
136 1835 379 1886 Societate,
405 1834 540 1877 etiam
563 1849 666 1876 cum
689 1833 902 1890 practica.

142 1914 268 1964 Item,
294 1911 379 1953 fuit
402 1912 709 1966 interrogatus
731 1909 1036 1965 supradietus,
1063 1924 1118 1951 an
1143 1910 1292 1951 bullae
1315 1915 1359 1951 et
1387 1908 1674 1950 constitutio-

57 2003 135 2032 nes
171 1996 215 2030 et
252 1987 579 2030 declarationes
616 1986 852 2042 indigeant
889 1985 1222 2030 reformatione.
1263 1985 1519 2040 Respondit
1560 1985 1679 2038 quod

123 2105 141 2122 a
191 2095 302 2129 Prius
323 2094 515 2136 Octobris,
536 2093 639 2140 quod
658 2094 907 2128 obliteratum
923 2092 1011 2128 fuit.

125 2189 135 2209 ¹
186 2190 243 2224 Ex
262 2189 482 2235 apographo
500 2199 659 2233 coaevo,
681 2187 721 2222 in
739 2187 873 2222 codice
895 2188 954 2222 De
978 2187 1094 2222 rebus
1123 2198 1265 2234 congr.
1295 2198 1390 2233 gen.
1414 2187 1448 2221 I-
1461 2187 1504 2227 V,
1536 2185 1680 2232 duplici

58 2248 138 2295 fol.‚
156 2249 214 2295 62,
235 2247 373 2293 63⁷(25‚
396 2249 492 2292 147).
516 2247 577 2281 Ad
599 2248 671 2282 hoc
696 2252 991 2281 monumentum
1015 2245 1313 2291 intelligendum
1337 2245 1492 2290 juvabit
1511 2245 1558 2279 ad
1578 2256 1683 2279 men-

43 2297 136 2343 „tem
159 2319 357 2352 revocare⁷
381 2318 480 2353 quae
504 2306 654 2341 Natalis
679 2306 718 2341 in
749 2305 829 2340 suis
858 2304 1200 2350 Eplzemeridibus,
1233 2306 1309 2340 vol.
1331 2305 1380 2348 ΙΙ,
1400 2315 1521 2351 pagg.
1547 2304 1604 2347 56,
1622 2311 1683 2348 57,

58 2367 116 2401 his
134 2367 263 2402 verbis
281 2371 446 2401 enarrat:
468 2366 625 2411 «Itaque
643 2364 693 2400 de
720 2364 882 2399 consilio
912 2365 1070 2399 patrum
1101 2363 1224 2398 adiuit
1249 2364 1412 2398 Paulum
1443 2363 1486 2399 P.
1508 2364 1678 2408 Laynes,

51 2420 154 2472 ‘quae
171 2425 414 2461 turbaverint
444 2424 646 2459 Bobadilla
671 2429 710 2458 et
729 2423 905 2467 Pontius,
926 2429 1059 2469 petere
1090 2435 1112 2457 a
1130 2422 1399 2467 Sanctissimo,
1419 2433 1487 2468 pro
1519 2421 1603 2456 eius
1623 2433 1681 2456 sa-

47 2485 214 2531 pientia,
234 2490 276 2519 vt
293 2485 392 2519 hanc
421 2495 578 2519 causam
597 2483 829 2528 intelligere,
852 2487 892 2517 et
910 2482 1044 2517 fouere
1069 2482 1306 2517 Societatem
1322 2493 1366 2515 ac
1385 2493 1453 2516 sua
1472 2480 1681 2515 clementia

61 2555 232 2579 recreare
251 2544 416 2589 [vellet].
436 2543 612 2587 Benigne
631 2541 780 2577 audiuit
797 2542 956 2586 Paulus,
975 2546 1021 2576 et
1031 2540 1227 2587 pollicitus
1252 2546 1312 2575 est
1330 2552 1372 2575 se
1397 2539 1585 2575 Societati
1604 2551 1679 2573 non

59 2601 292 2640 defuturum:
319 2601 535 2637 nominaret
566 2601 681 2636 Pater
711 2600 879 2635 vicarius
907 2601 1075 2646 aliquem
1093 2599 1347 2645 cardinalem,
1368 2610 1437 2645 per
1460 2610 1576 2644 quem
1595 2598 1679 2643 ipse

61 2661 108 2696 de
125 2661 184 2697 his
201 2663 318 2697 rebus
343 2665 612 2706 cognosceret.
639 2661 737 2695 Eum
769 2659 880 2694 nobis
905 2658 987 2694 fore
1013 2658 1278 2704 gratissimum
1309 2657 1526 2704 (respondit
1550 2658 1682 2700 Pater)

61 2731 175 2767 quem
193 2721 313 2767 ipsius
332 2720 518 2755 sanctitas
536 2718 774 2764 designaret.
796 2720 864 2754 Est
883 2718 1111 2763 designatus
1126 2729 1147 2752 a
1165 2718 1286 2752 Paulo
1301 2717 1588 2753 alexandrinus.
1610 2715 1683 2749 Hic

62 2779 291 2815 amicissime
309 2779 511 2814 nobiscum
542 2779 668 2823 egit...
701 2778 836 2813 Voluit
866 2788 1001 2812 omnes
1031 2777 1167 2812 Patres
1198 2776 1331 2811 audire
1363 2776 1682 2811 alexandrinus...

32 2833 34 2835 ’
64 2837 216 2873 Auditis
235 2837 414 2873 omnibus
433 2837 627 2882 Patribus,
648 2847 725 2871 non
745 2837 909 2871 obscure
929 2835 1171 2870 intellectum
1191 2840 1251 2870 est
1272 2835 1366 2870 nihil
1386 2834 1489 2869 aliud
1514 2833 1685 2868 cardina-

64 2896 138 2932 lem
156 2908 204 2932 ex
224 2896 327 2931 omni
357 2895 509 2931 actione
538 2895 759 2940 collegisse,
786 2906 901 2941 quam
926 2894 1123 2940 prophane
1150 2905 1194 2929 ae
1219 2893 1405 2929 seditiose
1433 2894 1562 2937 egisse
1589 2891 1688 2926 duos

64 2965 241 3001 proceres
260 2955 501 2990 Bobadillam
522 2960 562 2989 et
579 2954 833 2989 Pontium...»

132 3017 145 3036 “²
195 3015 280 3050 Hoc
298 3014 523 3049 Bobadillae
542 3014 742 3060 scriptum,
759 3012 799 3048 ni
817 3012 986 3048 fallimur
1004 3018 1078 3057 est,
1098 3011 1201 3059 quod
1219 3011 1332 3055 infra,
1359 3012 1431 3046 sub
1454 3020 1612 3045 numero
1630 3021 1688 3044 se-

65 3073 211 3119 quenti,
239 3073 483 3110 exhibemus,
