2028 3426
381 238 429 273 66
956 239 1136 276 Nori-rm
1163 247 1354 276 conicum

333 341 452 378 dines
471 346 658 390 receptas
684 346 724 378 et
755 342 796 379 P.
818 341 972 380 Natalis
999 342 1287 379 ordinationes.
1322 341 1405 380 lnc.
1426 341 1658 388 ‚«Se?1alese
1685 353 1765 379 vna
1797 341 1970 380 tabla...»

333 412 430 450 Des.
453 429 472 445 <‹
543 424 586 449 se
607 412 729 450 mude
751 413 853 450 cada
870 425 1073 450 semana.»

413 484 445 521 F
449 483 499 521 ol.
527 484 616 533 ogr,
643 484 919 521 testimonium
946 485 1229 533 apographum
1256 484 1298 522 P.
1326 484 1490 522 Polanci
1520 484 1720 521 facultatis
1749 468 1986 522 concessae

332 555 373 592 P.
395 555 525 592 Natali
558 567 580 592 a
615 555 805 592 cardinali
835 555 1117 592 Alexandrino
1145 567 1218 603 pro
1245 555 1357 593 libris
1387 555 1599 604 prohibitis
1625 555 1809 605 legendis
1843 554 1895 592 ab
1923 550 1975 602 iis*

332 627 468 672 sociis,
486 638 578 664 cum
595 626 745 674 quibus
766 627 1022 675 praepositus
1044 627 1244 676 generalis
1263 627 1385 664 talem
1406 627 1638 664 facultatem
1665 626 1970 664 communican-

331 698 427 735 dam
449 704 644 735 censeret.
666 698 816 735 Datum
838 699 910 735 fuit
927 698 992 735 die
1013 708 1060 747 23
1080 698 1210 736 Martii
1237 699 1348 746 1560.
1370 699 1453 736 Ine.
1472 699 1597 736 «Para
1617 698 1654 735 el
1675 698 1804 735 Padre
1825 695 1976 747 doctor*
2020 700 2021 704 ’

335 769 369 806 T
375 781 486 806 orres
507 781 571 806 em
592 769 863 807 Lisboa.—-El
886 769 1020 807 Padre
1036 775 1212 807 maestro
1232 770 1426 808 Nadal...»
1445 770 1542 807 Des.
1565 769 1669 807 «Por
1684 769 1902 807 comissic'm
1918 768 1981 806 de

333 845 501 878 nuestro
523 841 652 878 Padrc
673 841 892 888 prcpdsito.
911 841 1013 888 Juan
1035 841 1086 877 dc
1103 841 1319 879 Polanco.»
1965 890 1968 895 .

411 912 498 949 Fol.
520 912 613 960 63v‚
638 912 815 949 «Pontos
846 924 926 959 que
955 925 980 949 o
1002 912 1044 950 P.
1065 912 1217 950 Mestre
1238 913 1369 950 Nadal
1390 924 1454 950 me
1481 913 1562 950 deu
1588 924 1654 949 em
1673 912 1845 949 Euora.»
1869 911 1952 950 Sun

331 983 464 1031 capita
485 983 702 1030 quaedam,
723 994 796 1020 scu
817 984 1012 1031 principia
1039 983 1302 1032 perfectionis
1327 984 1554 1033 religiosae,
1580 983 1631 1020 ad
1655 983 1873 1031 ,hispanam
1898 982 1965 1041 lin*
2011 1006 2014 1012 -

328 1066 451 1104 guam
473 1065 683 1099 conversa,
706 1065 813 1105 quae
835 1055 1001 1102 quidem
1022 1055 1124 1092 inter
1151 1055 1247 1092 alias
1263 1055 1559 1097 *instructiones
1589 1054 1631 1092 P.
1665 1054 1819 1091 Natalis
1845 1054 1939 1092 latin
1964 1058 1967 1063 '
2004 1059 2011 1078 '·

325 1137 513 1162 sermone
534 1126 573 1162 in
599 1125 691 1163 Cod.
725 1124 843 1163 Vatia.
871 1133 895 1175 7
913 1126 1179 1174 reperiuntur;
1200 1139 1282 1164 non
1308 1132 1444 1164 tamen
1465 1127 1612 1172 omnia,
1634 1126 1707 1163 sed
1733 1130 1890 1163 tantum
1922 1135 1936 1164 1
2008 1110 2009 1113 Ἴ

331 1197 463 1244 priora
485 1198 693 1245 principia,
715 1197 779 1234 hic
801 1197 1013 1235 habentur.
1035 1197 1273 1235 Notandum
1292 1210 1414 1246 porro
1441 1202 1502 1235 est
1522 1209 1576 1234 ex
1602 1198 1678 1235 hac
1705 1197 1941 1235 instruction
1951 1186 1973 1230 ·-.⁷
1999 1218 2008 1259 '.

329 1268 482 1305 Natalis
503 1268 719 1316 desumpta
740 1268 865 1305 fuisse
887 1269 1090 1316 quaedam
1111 1280 1232 1306 aurea
1251 1269 1511 1314 documenta,
1532 1280 1638 1316 quae
1659 1280 1681 1306 a
1696 1268 1799 1306 Vcn.
1821 1268 1863 1306 P.
1883 1266 1959 1309 Lus'
1999 1274 2010 1310 ,’

330 1339 481 1376 dovico
503 1340 555 1376 de
577 1339 613 1376 la
636 1339 790 1376 Puente
810 1340 914 1377 Ven.
943 1340 1049 1377 Patri
1082 1340 1324 1378 Balthassari
1359 1340 1530 1378 Alvarez
1558 1341 1598 1377 in
1632 1341 1719 1388 ejus
1743 1340 1825 1377 vita
1862 1339 1979 1378 ειῒῐῐί

333 1410 524 1457 buuntur‚
546 1423 651 1458 quac
682 1411 822 1448 videre
843 1412 995 1459 poteris
1028 1412 1131 1449 inter
1159 1400 1422 1449 monumenta
1448 1423 1502 1448 ex
1529 1411 1741 1449 codicibus
1760 1411 1971 1448 Vaticani'
2013 1408 2014 1412 ’

328 1482 428 1519 infra
450 1482 706 1530 proferenda.
723 1481 829 1519 Vide
855 1481 947 1521 Cod.
983 1482 1102 1521 Vatz'c.
1120 1492 1161 1531 3,
1190 1483 1255 1521 fol.
1284 1493 1382 1522 101v
1404 1488 1444 1520 et
1465 1494 1564 1531 seq.;
1585 1488 1625 1520 et
1655 1481 1748 1520 Cod.
1782 1481 1903 1520 Vatic.
1929 1488 1963 1532 7,

322 1565 414 1603 pag.
441 1555 512 1600 565
535 1559 575 1590 et
595 1565 694 1601 seq„
714 1554 783 1591 ubi
810 1573 822 1585 ‹«
833 1553 980 1592 Omnia
1001 1566 1055 1591 ex
1076 1555 1216 1603 spiritu
1236 1555 1326 1602 Dei,
1347 1566 1401 1592 ex
1422 1555 1559 1601 corde,
1581 1559 1621 1591 et
1640 1554 1831 1602 practice,
1852 1553 1946 1604 cogi
1987 1546 2013 1611 ζ’,

322 1631 421 1671 tare,
442 1625 598 1672 audire,
619 1631 659 1663 et
678 1625 807 1673 loquiz
838 1626 961 1663 docet
980 1626 1022 1664 P.
1045 1625 1211 1673 Natalis3
1233 1632 1272 1663 ct
1293 1638 1347 1664 ex
1372 1627 1461 1675 ipso
1481 1625 1745 1674 probabiliter
1770 1627 1872 1663 haec
1892 1626 1945 1665 de
1987 1614 2007 1654 ἵ

321 1696 520 1745 prompsit
547 1697 588 1734 P.
626 1697 725 1735 Balt.
760 1696 942 1735 Alvarez.
970 1697 1063 1735 Hoc
1093 1703 1229 1735 autem
1259 1698 1530 1747 fragmentum
1557 1697 1662 1735 illius
1691 1698 1965 1736 instructioni
1989 1686 1998 1726 ’ψ

323 1768 429 1805 Patri
451 1767 704 1806 Gundisalvo
725 1769 810 1805 Vaz
830 1768 1020 1806 traditum
1048 1768 1171 1806 fuisse
1207 1769 1367 1806 Evorae
1396 1769 1690 1815 existimamus,
1711 1769 1775 1806 cui
1809 1769 1943 1817 praeci
1987 1799 1996 1818 ·,

321 1851 403 1887 pua
422 1851 496 1887 pro
517 1840 711 1888 regimine
732 1840 967 1888 provinciae
987 1840 1185 1877 lusitanae
1212 1840 1459 1877 documenta
1486 1840 1528 1877 P.
1556 1839 1711 1877 Natalis
1746 1841 1941 1890 consigna
1962 1863 1964 1868 ·
1991 1860 1994 1870 ·

322 1911 391 1947 vit.
412 1910 494 1947 Inc.
520 1910 677 1947 «Hazer
701 1910 822 1947 todas
848 1910 906 1948 las
941 1921 1058 1948 cosas
1079 1911 1101 1947 a
1128 1911 1256 1948 maior
1281 1911 1408 1960 gloria
1435 1910 1486 1947 de
1517 1910 1655 1948 Dios.»
1683 1911 1779 1949 Des.
1811 1927 1877 1949 «...
1899 1922 1967 1967 ses
1990 1956 1993 1959 ,

323 1982 507 2029 superior
529 1981 580 2018 de
600 1982 638 2018 la
659 1981 886 2019 charidad.»

401 2052 487 2089 Fol.
522 2053 700 2101 64r-67r‚
731 2054 960 2090 continetur
978 2058 1277 2100 transumptum
1305 2063 1504 2090 coaevum
1537 2054 1805 2091 attestationis
1832 2053 1962 2098 sacta.
1983 2048 1991 2062 ”

320 2135 344 2160 a
361 2123 403 2161 P.
421 2124 565 2161 Lainio
587 2124 638 2160 de
660 2125 785 2161 choro
807 2129 847 2160 et
867 2124 919 2161 de
939 2124 1208 2172 perpetuitate
1224 2124 1442 2172 praepositi
1463 2125 1676 2174 generalis,
1692 2124 1768 2162 sub
1788 2130 1916 2162 morte
1948 2116 1958 2143 ·.

324 2194 434 2232 Pauli
455 2195 523 2232 IV.
545 2196 637 2232 Hoc
659 2195 894 2243 exemplum
915 2196 1200 2243 transcriptum
1221 2195 1502 2233 existimamus
1523 2207 1577 2232 ex
1597 2196 1639 2233 P.
1661 2196 1814 2234 Natalis
1837 2198 1936 2234 scho
1955 2215 1962 2226 ι
1980 2214 1993 2249 ,ss'

321 2266 393 2312 liis,
414 2266 498 2312 ubi,
519 2272 562 2303 ut
588 2267 753 2315 proprio
779 2267 870 2303 loco
905 2266 1095 2312 diximus,
1123 2265 1235 2316 (tom.
1267 2267 1295 2304 Ι.
1323 2251 1487 2304 'Notitia
1515 2267 1701 2313 codicum,
1736 2279 1829 2317 pag:
1858 2254 1991 2309 XLV(

289 2338 294 2345 '
322 2337 441 2387 XLVI)
463 2338 634 2375 habetur
653 2338 761 2375 aliud
781 2343 1079 2385 transumptum
1101 2338 1225 2386 ipsius
1246 2338 1493 2376 documenti.
1514 2338 1596 2383 Ine.
1627 2338 1773 2376 «Anno
1794 2332 1955 2377 Domi·
1975 2344 1985 2385 ῑ,

329 2418 490 2456 1559...»
515 2410 611 2447 Des.
636 2425 653 2443 «
725 2409 974 2458 apostolicae
991 2410 1206 2446 notarius.»
1230 2410 1376 2447 Manus
1397 2410 1553 2447 eadem.
1577 2404 1585 2413 ’

404 2481 491 2518 Fol.
519 2481 696 2530 67r-68r,
715 2481 885 2519 traditur
909 2482 1118 2518 instructio
1148 2481 1199 2518 dc
1219 2487 1404 2529 tempore
1424 2487 1464 2518 et
1482 2482 1559 2519 ritu
1588 2482 1863 2519 renovationis
1881 2493 1950 2523 νο
1981 2517 1983 2520 ,

318 2558 464 2598 torum,
486 2552 562 2590 sub
585 2554 663 2590 hoc
683 2553 809 2590 titulo:
834 2552 1014 2589 «Ordem
1038 2552 1090 2589 de
1110 2561 1338 2600 renouacao
1359 2552 1411 2589 de
1431 2557 1588 2590 votos.»
1612 2552 1790 2590 Tantum
1816 2553 1903 2590 titul

319 2624 494 2660 lusitano
515 2635 702 2661 sermone
723 2606 895 2672 scriptus
915 2629 988 2669 est;
1011 2628 1170 2660 caetera
1191 2623 1412 2671 hispanice.
1434 2624 1517 2661 Inc.
1549 2624 1659 2661 «Los
1686 2624 1894 2672 professos
1921 2639 1948 2667 ,ῃ
1973 2633 1981 2674 Ἀ

317 2695 639 2733 coadiutores...»
663 2695 758 2732 Des.
873 2694 1105 2732 costumbre
1127 2695 1178 2731 dc
1195 2695 1230 2731 la
1252 2694 1426 2743 iglesia.»
1451 2695 1597 2732 Manus
1617 2695 1774 2733 eadem.

397 2766 428 2802 F
433 2766 484 2803 ol.
505 2766 690 2815 68v-72r‚
710 2765 883 2803 habetur
902 2765 1036 2802 versio
1057 2766 1265 2813 hispanica
1285 2765 1515 2814 regularum
1535 2778 1609 2803 seu
1629 2766 1866 2804 instruction

314 2849 336 2874 a
358 2837 488 2874 Natali
509 2838 548 2874 in
575 2836 666 2875 Cod.
700 2837 820 2875 Vatic.
847 2844 881 2887 7,
903 2848 994 2886 pag.
1030 2845 1102 2883 150
1136 2841 1176 2874 et
1209 2848 1308 2884 seq.‚
1335 2837 1586 2883 inserta1·um;
1615 2849 1722 2885 quae
1749 2837 1803 2875 ibi
1826 2837 1947 2876 latin

314 2919 502 2946 sermone
522 2910 785 2957 reperiuntur.
808 2908 968 2946 Titulus
989 2913 1061 2945 est:
1086 2907 1261 2945 «Officio
1288 2907 1353 2945 del
1384 2908 1745 2956 superintendente
1772 2909 1838 2946 del
1865 2907 1941 2948 col

313 2981 418 3029 legio
440 2980 515 3017 sub
537 2980 820 3028 compendio.»
844 2980 926 3017 Inc.
952 2979 1149 3016 «Procure
1171 2990 1251 3027 que
1280 2979 1382 3016 cada
1403 2991 1550 3017 vno...»
1580 2979 1687 3021 Des:
1711 2995 1771 3018 «...
1793 2980 1936 3028 speci

311 3054 390 3090 lem
411 3057 523 3102 gerat
544 3063 716 3090 curam.»

1943 2902 1973 3174 Quas-ua..
1948 2758 1977 2888 ..55455-
1968 2680 1981 2741 5,
