2028 3426
322 237 391 273 310
794 240 946 274 Parius
973 238 1214 272 HiERoNYffl
1242 236 1394 271 NADAL

747 396 889 427 COADI
899 395 1082 424 VTORES
1116 392 1434 424 TEMPORALES

364 507 433 551 52.
501 496 770 538 Valentinus
794 495 1001 538 Holfeldt
1022 494 1187 537 missus
1210 501 1278 538 est
1301 494 1594 549 Tyrnauiam.

366 584 435 628 53.
495 576 696 631 Joannes
714 573 886 624 Helles,
902 586 1088 622 sueuus,
1109 570 1222 613 nihil
1240 570 1366 623 noui,
1386 570 1607 626 nisiquod
1625 571 1759 615 etiam
1780 572 1909 615 faber

277 651 515 703 murarius,
541 659 584 694 et
610 651 790 692 futurus
812 650 1098 691 hortulanus.

364 739 433 781 54.
496 728 695 785 Jacobus
719 727 881 770 Schalz
904 725 1068 768 missus
1091 733 1159 770 est
1187 727 1402 782 pragam.

366 815 436 858 55.
504 803 860 858 Christophorus
885 802 1048 846 Michel
1073 801 1185 845 nihil
1209 802 1334 845 noui.

364 882 433 935 56.
494 883 693 938 Joannes
733 879 1039 923 Bernardinus
1070 879 1238 937 Juliani
1277 879 1441 923 missus
1479 887 1548 924 est
1587 880 1776 922 Romam
1816 881 1905 923 hoc

276 958 546 1014 Septembri.

365 1045 434 1088 57.
501 1035 698 1090 Joannes
721 1034 1002 1086 Dominicus,
1028 1034 1308 1088 veronensis,
1335 1034 1498 1077 missus
1521 1041 1589 1077 est
1614 1035 1819 1077 Romam.

365 1113 435 1166 58.
504 1112 876 1154 Bartholomaeus
898 1111 1104 1155 Vuidner
1126 1111 1490 1154 subsacristanus
1513 1119 1596 1155 est.

367 1200 435 1245 59.
503 1189 763 1244 Stephanus
788 1188 1064 1244 Rodriguez‚
1090 1189 1238 1232 Gerez
1260 1189 1317 1233 de
1339 1189 1381 1231 la
1403 1189 1642 1239 Frontem,
1663 1187 1903 1244 hispanus,

283 1266 515 1322 ingressus
538 1272 606 1309 est
629 1265 901 1309 Societatem
931 1280 1050 1308 anno
1087 1267 1196 1320 1563
1230 1267 1414 1309 Romae.
1445 1265 1571 1310 Fecit
1600 1264 1765 1308 ibidem
1798 1273 1907 1308 uota

281 1343 326 1384 in
352 1343 465 1385 festo
489 1341 753 1385 natiuitatis.
780 1342 885 1385 Fuit
907 1356 1060 1394 cocus,
1086 1342 1266 1395 ianitor,
1299 1342 1640 1394 credentiarius,
1670 1342 1905 1398 dispensa-

285 1427 369 1462 tor.
390 1421 490 1476 Jam
515 1426 582 1462 θεῖ
605 1426 734 1462 sutor
755 1426 801 1462 et
823 1419 1066 1463 calefactor
1088 1421 1488 1476 hypocaustorum.

366 1497 436 1539 6ο.
496 1498 697 1553 Joannes
722 1496 925 1552 Baptista
949 1496 1211 1550 Octauiani,
1237 1496 1435 1540 lucensis
1452 1498 1709 1547 hetruscus,
1730 1495 1909 1552 ingres--

279 1587 356 1616 sus
379 1580 448 1615 est
471 1572 742 1617 Societatem
766 1575 940 1617 Romae
961 1588 1080 1616 anno
1104 1575 1229 1631 1569.
1255 1573 1382 1617 Fecit
1403 1573 1570 1617 ibidem
1598 1581 1720 1626 uota,
1745 1573 1910 1616 fortas-

276 1650 336 1693 sis
359 1657 464 1706 post
486 1657 680 1705 quatuor
710 1665 904 1694 menses.
937 1650 1042 1693 Fuit
1064 1665 1218 1703 cocus,
1250 1656 1442 1707 emptor,
1467 1649 1811 1703 credentiarius,
1837 1650 1906 1692 di—

275 1735 526 1783 spensator,
551 1727 844 1780 sacristanus3
870 1742 992 1770 nunc
1015 1727 1152 1772 etiam
1175 1728 1459 1784 dispensator
1481 1735 1526 1772 et
1549 1727 1774 1771 cellarius.

363 1805 434 1847 61.
503 1806 761 1848 Matthaeus
783 1805 974 1847 Krabler
995 1813 1040 1848 et
1068 1805 1293 1857 Aichach,
1326 1806 1541 1857 bauarus,
1574 1805 1810 1860 ingressus
1838 1813 1908 1847 est

273 1881 546 1926 Societatem
571 1883 749 1938 Pragae
773 1896 891 1925 anno
920 1883 1045 1937 1563.
1072 1882 1198 1926 Fecit
1218 1890 1324 1925 uota
1342 1882 1547 1926 Viennae
1564 1881 1610 1924 in
1629 1882 1745 1925 festo
1763 1889 1906 1925 trans-

274 1958 562 2015 figurationis
584 1958 768 2001 Domini
791 1974 910 2002 anno
933 1960 1004 2002 66:
1030 1959 1203 2002 studuit
1226 1975 1306 2016 per
1329 1959 1527 2002 medium
1550 1974 1720 2002 annum
1750 1959 1795 2002 in
1820 1959 1883 2003 So

273 2036 453 2080 cietate:
479 2036 567 2078 iam
591 2043 660 2079 est
683 2050 838 2079 cocus.

995 2163 1183 2194 NOVITII

364 2263 436 2305 62.
503 2261 863 2318 Christophorus
885 2262 1122 2305 Haidornn
1145 2276 1201 2306 ex
1225 2263 1444 2318 Lijchnis‚
1471 2263 1649 2314 slesius‚
1670 2262 1911 2319 ingressus

274 2346 342 2381 est
376 2339 651 2383 Societatem
684 2340 889 2384 Viennae
917 2339 1039 2384 circa
1069 2341 1234 2383 festum
1261 2339 1574 2383 conuersionis
1601 2339 1746 2383 sancti
1777 2339 1906 2383 Pauli

274 2430 394 2458 anno
423 2417 548 2471 1565.
576 2418 789 2460 Nondum
814 2416 922 2460 fecit
946 2424 1067 2460 uota:
1094 2424 1163 2461 est
1186 2425 1345 2461 sartor.

361 2493 432 2547 63.
500 2493 796 2537 Sebastianus
824 2493 1126 2548 Tinnewaldt,
1151 2494 1545 2550 branspergensis,
1574 2501 1809 2550 prutenus,
1836 2509 1907 2538 re-

275 2577 435 2625 ceptus
453 2578 521 2614 est
539 2571 583 2613 in
602 2571 875 2616 Societatem
894 2571 1098 2616 Viennae
1115 2586 1234 2614 anno
1258 2585 1273 2615 Ι
1283 2572 1384 2626 566,
1405 2573 1432 2615 6
1451 2572 1680 2615 Octobris:
1702 2573 1904 2616 nondum

276 2646 381 2689 fecit
405 2655 527 2690 uota:
554 2655 623 2691 est
644 2649 886 2692 subcocus.

451 2787 511 2816 niz
546 2787 778 2818 PERsoms
813 2789 1081 2820 DEFVNCTIS
1115 2789 1165 2820 IN
1198 2789 1439 2820 COLLEGIO
1475 2789 1734 2820 VIENNENSI

660 2865 820 2903 USQUE
842 2867 904 2896 AD
928 2867 1096 2897 ANNUM
1126 2854 1237 2907 1566
1261 2867 1522 2897 INCLUSIUE

371 2975 404 3003 1.
472 2962 713 3006 Vdalricus
752 2966 1028 3020 Porthijser‚
1070 2981 1262 3019 sueuus,
1305 2966 1524 3023 magister
1562 2965 1904 3023 grammaticeS,

275 3037 386 3080 obiit
408 3038 479 3082 die
504 3051 556 3093 25
581 3040 687 3084 Maii
712 3056 832 3085 anno
863 3044 987 3097 1565.
