2028 3426
721 211 1149 247 INSTRUCTIONEs-—61
1632 212 1698 257 537

122 311 293 356 sionem
317 312 574 368 generalem
597 311 686 354 sint
708 312 972 367 paratiores,
993 312 1254 368 praesertim
1277 312 1321 354 in
1345 312 1572 368 ingressu,
1594 322 1642 356 vt
1659 316 1744 357 hoc

118 388 476 445 experimentum
494 389 551 433 de
567 388 642 431 illo
659 396 808 431 sumat
829 389 1047 441 Societas,
1072 389 1191 444 quod
1214 396 1363 444 potest
1383 389 1586 445 legitime
1603 405 1657 433 ex
1675 391 1744 444 4⁰

117 465 267 521 capite
290 464 524 517 examinis,
549 465 683 508 etiam
706 472 948 521 antequam
972 465 1018 508 in
1035 466 1308 510 Societatem
1327 465 1585 521 recipiatur.
1607 468 1743 521 Quod

119 542 156 585 si
178 542 407 586 videretur
429 542 647 598 superiori
670 542 928 585 consultum
950 551 999 585 vt
1021 542 1182 598 aliquis
1206 542 1376 586 tamdiu
1399 542 1443 584 in
1468 543 1609 598 prima
1637 559 1742 599 pro-

118 619 305 663 batione
328 634 421 662 non
443 618 766 671 contineretur,
793 619 913 674 quali
936 619 982 662 in
1011 633 1179 675 genere
1209 626 1342 662 erunt
1371 619 1573 662 fortassis
1606 620 1742 676 aliqui

116 709 171 738 ex
194 695 279 747 his,
307 695 384 750 qui
407 695 452 738 in
482 695 766 739 coadiutores
796 697 1063 751 temporales
1096 696 1392 752 recipiuntur,
1427 697 1499 738 vel
1531 696 1736 747 iuuenes,

113 764 202 814 illis
224 786 306 814 nec
329 772 558 815 dabuntur
579 772 808 823 exercitia,
835 786 918 816 nec
940 779 1029 820 464
1053 774 1152 828 plus
1176 772 1387 828 temporis
1410 773 1741 828 praescribetur

115 848 284 904 primae
304 848 598 904 probationis,
625 863 759 904 quam
784 863 874 904 quo
896 840 1095 893 breuiter
1118 864 1198 905 pro
1222 863 1376 892 eorum
1399 855 1535 905 captu
1564 849 1738 892 institui

115 932 304 981 possunt
325 932 371 968 et
393 925 575 969 debent.
1292 929 1295 932 ⁴

200 1001 248 1046 Si
270 1002 347 1056 qui
369 1001 530 1044 nouitii
551 1009 658 1044 sunt
675 1002 859 1058 recepti,
880 1017 971 1045 non
988 1003 1131 1045 solum
1154 1002 1417 1058 parentibus
1440 1017 1531 1045 non
1561 1002 1738 1045 dissen-

51 1119 55 1122 ,
110 1078 346 1142 fientibus,
371 1078 443 1121 vel
465 1078 600 1121 etiam
623 1078 824 1122 fortassis
847 1079 1017 1133 iuuitis‚
1050 1079 1129 1122 sed
1158 1079 1291 1123 etiam
1326 1078 1732 1130 consentientibus,

111 1154 139 1196 ii
163 1155 199 1198 si
223 1155 330 1210 quid
353 1156 523 1198 habent
545 1171 598 1199 ex
622 1155 902 1211 parentibus,
930 1157 1050 1210 quod
1072 1156 1179 1212 ipsis
1208 1157 1376 1199 donare
1404 1155 1547 1198 nolint
1576 1170 1735 1211 paren-

111 1238 193 1283 tes,
220 1232 264 1274 id
293 1239 362 1275 est
390 1232 475 1274 illis
503 1233 625 1274 bona
652 1232 741 1274 fide
778 1232 1122 1285 restituendum,
1162 1232 1296 1274 etiam
1329 1231 1366 1274 si
1399 1233 1570 1274 nudum
1605 1232 1734 1275 nobis

108 1308 250 1350 filium
273 1323 405 1351 suum
430 1309 751 1363 relinquerent.
777 1310 879 1351 Non
902 1309 1196 1364 intelligimus
1218 1316 1367 1353 tamen
1390 1316 1626 1365 propterea
1648 1309 1732 1350 iuri

98 1393 206 1437 suo,
233 1385 269 1428 si
291 1386 410 1440 quod
435 1385 518 1441 ipsi
541 1386 760 1441 competit
782 1386 826 1427 in
850 1385 979 1428 bonis
1008 1385 1245 1440 quibusuis
1272 1385 1567 1437 secularibus,
1600 1386 1731 1427 noui-

109 1461 219 1504 tium
242 1464 402 1506 cedere
424 1463 605 1507 debere.

193 1539 413 1595 Magister
441 1539 717 1582 nouitiorum
747 1540 1007 1582 facultatem
1045 1539 1098 1582 iis
1135 1539 1241 1581 dare
1279 1538 1446 1594 poterit
1482 1539 1730 1581 communi-

103 1615 234 1658 candi
273 1616 554 1671 frequentius
591 1616 636 1658 in
675 1616 947 1672 septimana,
987 1615 1152 1671 quibus
1191 1615 1462 1659 indicauerit
1500 1616 1726 1672 expedire,

103 1706 191 1747 qua
212 1691 259 1734 in
281 1707 330 1736 re
351 1692 496 1748 magis
519 1699 723 1748 spectare
745 1693 880 1736 debet
909 1692 1223 1736 necessitatem
1255 1707 1389 1747 quarn
1420 1693 1725 1736 deuotionem.

190 1769 238 1814 Si
267 1769 375 1824 quid
402 1770 651 1825 parandum
681 1777 750 1813 est
778 1763 841 1811 rei
879 1769 1068 1811 alicuius
1102 1769 1333 1820 momenti,
1370 1769 1415 1811 in
1452 1769 1728 1812 nouitiorum
1779 1755 1783 1759 .

101 1853 359 1889 nostrorum
387 1860 534 1898 Vsum,
567 1846 611 1888 id
644 1860 734 1888 non
773 1847 829 1888 ab
867 1845 964 1902 ipso
1002 1843 1279 1902 probationis
1317 1846 1477 1888 domus
1511 1846 1728 1902 magistro

100 1937 156 1966 ex
177 1937 241 1974 se,
266 1924 344 1966 sed
368 1937 393 1965 a
416 1922 645 1978 superiore
669 1923 864 1979 collegii,
890 1924 962 1966 vel
994 1923 1155 1965 domus
1188 1922 1337 1977 parari
1369 1923 1438 1965 vel
1475 1923 1562 1966 emi
1595 1937 1728 1965 cura-

99 1998 236 2041 bitur.

183 2079 268 2121 465
293 2076 385 2128 Illa,
411 2090 526 2130 quae
544 2076 600 2118 ad
619 2075 926 2131 probationem
951 2082 1155 2131 spectant
1177 2083 1449 2128 nostrorum,
1476 2090 1592 2130 quae
1625 2076 1725 2130 qui-

95 2152 196 2195 dem
221 2152 445 2195 ordinaria
467 2152 573 2204 sint,
599 2153 738 2196 libere
760 2152 806 2194 in
830 2152 925 2208 ipsa
946 2153 1224 2208 probationis
1247 2154 1395 2206 domo,
1422 2160 1466 2197 et
1488 2152 1725 2208 disponere

94 2234 140 2271 et
161 2229 376 2283 perficere
399 2229 562 2284 poterit
585 2229 858 2271 nouitiorum
882 2229 1113 2285 magister,
1136 2230 1181 2271 in
1199 2229 1408 2272 omnibus
1428 2237 1578 2272 tamen
1597 2244 1622 2271 a
1640 2244 1723 2271 suo

95 2304 314 2359 superiori
337 2305 626 2360 dependebit.

181 2382 383 2435 Quaeret
408 2389 557 2425 rector
585 2382 883 2425 communiter
913 2367 1113 2426 secundo
1145 2397 1327 2438 quoque
1359 2397 1530 2435 mense,
1572 2390 1650 2424 aut
1687 2381 1723 2423 si

92 2458 337 2501 necessitas
359 2466 438 2501 aut
461 2458 638 2501 occasio
661 2459 706 2501 id
729 2460 944 2514 postulet,
972 2459 1252 2514 frequentius
1275 2459 1429 2510 etiam,
1456 2474 1481 2501 a
1504 2458 1722 2513 magistro

89 2547 170 2577 seu
193 2536 422 2589 praefecto
454 2535 746 2587 nouitiorum,
784 2550 892 2578 num
925 2535 1133 2579 videatur
1166 2550 1219 2578 ex
1259 2536 1442 2578 nouitiis
1480 2535 1718 2589 quisquam

90 2608 297 2653 instituto
326 2618 481 2654 nostro
514 2611 709 2667 ineptus,
742 2627 798 2656 ne
838 2619 1016 2668 tempus
1054 2612 1100 2654 in
1138 2612 1212 2654 illo
1252 2620 1296 2655 et
1333 2626 1468 2667 opera
1503 2610 1719 2652 inutiliter

92 2693 367 2741 conteratur,
393 2694 437 2731 et
459 2687 643 2744 aptioris
666 2689 792 2730 locus
815 2676 1095 2744 occupeturs

172 2764 345 2806 Domus
367 2764 659 2820 probationis,
685 2765 723 2807 si
747 2764 881 2808 fuerit
903 2772 1108 2820 separata
1132 2765 1312 2807 omnino
1337 2779 1361 2806 a
1391 2762 1596 2817 collegio,
1633 2774 1716 2803 nec

84 2840 244 2881 rectori
266 2840 445 2896 collegii
468 2841 603 2884 fuerit
620 2841 840 2891 subiecta,
861 2856 940 2897 per
959 2856 1090 2883 suum
1109 2842 1386 2897 praefectum
1407 2840 1567 2881 domus
1587 2837 1715 2879 noui-

84 2916 245 2959 tiorum
268 2917 610 2972 gubernabitur,
636 2918 712 2973 qui
734 2919 819 2960 sub
842 2932 891 2960 se
913 2917 1098 2960 habebit
1121 2917 1386 2972 magistrum
1415 2914 1710 2957 nouitiorum.

81 2993 350 3036 Huiusmodi
373 2995 556 3036 domum
578 2994 853 3037 nouitiorurn
887 3009 977 3036 non
1011 2995 1147 3036 habet
1185 2993 1334 3035 adhuc
1372 2991 1588 3041 Societas,
1631 2991 1712 3042 sed
