2028 3426
663 230 1042 264 INSTRUCTmNEs—
1050 226 1092 261 61
1580 220 1645 266 431

154 333 315 376 Danda
337 337 571 388 praeterea
593 336 662 373 est
684 344 837 385 opera,
870 343 926 372 ne
954 343 1034 384 per
1056 327 1340 370 consultores
1369 324 1441 366 vel
1471 321 1698 379 generalis

66 410 137 454 vel
155 407 443 465 prouincialis
465 406 735 463 impediatur
758 405 1067 449 subordinatio
1089 401 1375 447 obedientiae
1398 407 1443 443 et
1466 401 1698 456 guberna—

68 485 202 528 tionis
223 484 418 541 collegii.
441 484 649 527 Pendent
673 482 792 526 enim
816 489 963 526 rector
985 489 1030 525 et
1052 480 1126 524 alii
1149 492 1306 523 omnes
1328 476 1508 532 collegii
1532 475 1698 518 officia-

68 563 132 622 les
164 569 209 606 et
240 568 462 618 quotquot
488 560 536 602 in
564 575 618 603 eo
645 559 823 611 viuunt,
857 574 882 601 a
910 557 1327 614 superintendente,
1360 553 1434 596 hic
1464 568 1490 595 a
1515 551 1699 608 prouin-

31 667 36 699 2
69 638 169 682 ciali
190 639 262 681 vel
284 637 500 694 generali.
527 636 650 679 Nihil
673 635 813 692 igitur
835 650 933 678 sese
960 635 1171 690 ingerant
1199 633 1256 674 ad
1283 646 1352 683 ea,
1379 645 1494 685 quae
1526 630 1584 671 ad
1612 643 1700 684 gu-

69 714 378 759 bernationem
416 712 597 768 collegii
630 712 840 763 attinent,
875 711 1174 762 consultores,
1199 723 1284 753 nec
1313 707 1429 750 alius
1460 705 1699 761 quispiam,

24 787 26 794 ⁸
70 798 247 847 praeter
269 806 366 844 eos,
391 791 448 833 ad
470 805 583 846 quos
606 789 653 831 in
675 803 759 831 suo
784 788 928 844 gradu
946 787 1142 847 pertinet
1163 784 1451 842 gubernatio,
1477 789 1523 826 et
1545 782 1701 825 memi-

70 867 219 910 nerint
236 882 393 910 omnes
411 867 612 922 regulae,
629 879 743 920 quae
761 864 978 920 praecipit
995 871 1044 905 vt
1060 863 1211 906 nullus
1228 876 1329 906 sese
1346 859 1493 903 officio
1512 858 1703 902 alterius

72 944 265 1000 ingerat.

159 1020 233 1065 163
257 1019 472 1075 Quotidie
495 1020 551 1061 ad
579 1033 628 1062 se
657 1024 790 1060 vocet
821 1024 1041 1061 rectorem
1069 1015 1464 1072 superintendens,
1490 1020 1540 1055 vt
1567 1012 1705 1056 intel—

73 1097 186 1153 ligat
208 1097 589 1152 quemadmodum
613 1095 778 1138 habeat
800 1094 1088 1150 gubernatio.

162 1175 307 1217 Vocet
330 1173 464 1216 etiam
487 1186 814 1226 nonnunquam
837 1171 1090 1213 ministrum
1112 1178 1156 1212 et
1179 1168 1540 1221 subministrum,
1571 1173 1620 1209 vt
1652 1167 1708 1209 de

74 1250 183 1306 ipsis
205 1250 316 1292 sciat
340 1249 448 1304 quid
470 1256 671 1305 geratur,
698 1248 806 1303 quid
827 1247 1127 1292 desideretur.

163 1329 309 1370 Vocet
332 1326 574 1381 aliquando
598 1333 642 1368 et
664 1324 774 1368 alios
798 1324 1030 1380 primarios
1055 1326 1214 1366 Patres
1238 1329 1282 1366 et
1301 1323 1477 1372 fratres,
1499 1335 1525 1362 a
1543 1319 1709 1375 quibus

74 1404 300 1460 intelligat
324 1403 434 1458 quid
457 1408 634 1458 agatur.

151 1482 344 1524 'Habeat
368 1494 474 1523 suos
497 1479 780 1523 consultores
802 1485 846 1522 et
863 1493 952 1520 non
971 1477 1148 1520 omittat
1165 1477 1294 1519 iuxta
1311 1475 1533 1518 rationem
1552 1473 1709 1518 Socie-

77 1557 196 1610 tatis,
222 1572 299 1600 eos
322 1557 366 1599 in
391 1571 438 1599 re
461 1555 592 1612 graui
621 1556 872 1598 consulere.

32 1692 35 1693 ⁷
166 1635 402 1677 Incumbat
431 1633 478 1675 in
507 1647 606 1676 eam
636 1615 919 1688 potissimum
948 1637 1137 1686 partem,
1164 1629 1201 1672 si
1233 1643 1368 1684 quam
1391 1627 1629 1683 continget
1666 1625 1711 1667 in

39 1759 41 1761 ,
79 1711 271 1767 collegio
293 1712 498 1754 laborare
522 1724 574 1752 ac
598 1724 734 1765 egere
757 1708 914 1752 maiori
937 1706 1372 1763 superintendentia.

167 1788 216 1832 Si
239 1788 314 1843 qui
338 1788 429 1830 sint
453 1786 621 1833 tentati⁴
635 1787 708 1830 vel
726 1785 930 1841 inquieti,
952 1799 1108 1829 eorum
1125 1783 1365 1840 specialem
1384 1789 1514 1839 gerat
1532 1795 1706 1823 curam.

169 1864 334 1908 Videat
356 1871 404 1905 vt
426 1863 662 1920 prouideat
683 1862 1076 1918 superintendens,
1102 1869 1147 1905 et
1174 1849 1355 1915 quidem
1383 1859 1626 1914 diligenter
1658 1871 1711 1899 ac

28 1948 35 1954 '
81 1941 269 1992 solicite,
301 1949 349 1982 vt
378 1955 506 1983 suam
534 1939 736 1982 obtineat
764 1922 1082 1981 authoritatem
1105 1944 1252 1980 rector
1279 1936 1326 1978 in
1358 1950 1441 1978 suo
1479 1934 1631 1977 officio
1668 1940 1713 1977 et

45 2008 51 2018 ἶ
83 2019 243 2072 gradu,
267 2031 382 2059 neue
400 2017 472 2060 vel
490 2015 651 2071 pusillo
669 2016 747 2058 fiat
763 2014 913 2057 animo
930 2014 976 2056 in
996 2013 1071 2058 164
1087 2013 1434 2069 gubernatione,
1455 2012 1528 2054 vel
1544 2010 1713 2053 subditi

23 2098 50 2148 Is
83 2094 232 2136 minus
254 2093 315 2135 illi
337 2094 655 2147 obsequentes:
683 2091 883 2134 officium
907 2090 1046 2146 igitur
1067 2104 1200 2132 suum
1223 2088 1400 2132 curabit
1428 2087 1714 2143 superinten-

37 2207 39 2209 .
83 2171 195 2213 dens
222 2178 270 2212 vt
298 2177 547 2224 exequatur
575 2175 722 2212 rector
754 2169 887 2223 pleno
917 2167 1099 2222 quidem
1133 2166 1246 2217 iure,
1287 2166 1368 2209 sed
1406 2165 1715 2221 dependenter

36 2247 43 2277 ἶ
85 2255 249 2298 tamen,
276 2245 661 2300 quemadmodum
684 2251 728 2287 et
748 2243 919 2286 dictum
942 2244 1165 2286 hactenus
1187 2250 1272 2295 est,
1299 2249 1343 2285 et
1366 2241 1517 2284 statim
1541 2240 1717 2282 dicetur

28 2338 30 2341 ·
86 2323 131 2364 in
154 2322 421 2378 compendio
444 2336 552 2364 vsus
574 2320 711 2363 officii
735 2320 941 2364 rectoris.
1321 2315 1323 2317 ’

173 2399 426 2441 Discrimen
448 2397 651 2448 rectoris,
679 2397 754 2439 vbi
776 2404 843 2440 est
865 2396 910 2438 in
933 2378 1126 2452 collegio
1149 2394 1544 2451 superintendens,
1572 2400 1617 2436 et
1636 2391 1717 2433 mi-

44 2479 47 2538 J
88 2475 231 2526 nistri,
258 2474 333 2516 vbi
356 2489 445 2517 non
468 2481 536 2516 est
557 2473 949 2529 superintendens,
970 2472 1034 2514 sic
1052 2471 1194 2527 accipi
1212 2478 1374 2526 potest.
1398 2472 1565 2514 Rector
1584 2483 1717 2511 suum

45 2579 54 2604 χ
89 2552 273 2614 habebit·
295 2551 511 2602 officium,
537 2565 626 2605 quo
649 2549 712 2591 vti
741 2550 892 2602 debet,
923 2550 1044 2604 quod
1071 2548 1309 2590 immutare
1338 2561 1429 2589 non
1458 2552 1607 2601 potest
1640 2559 1718 2586 su—

90 2628 423 2683 perintendens,
449 2628 529 2670 sed
550 2626 700 2682 potius
722 2640 811 2683 quo
837 2633 884 2669 vt
908 2632 1057 2667 Vtatur
1086 2631 1239 2668 rector
1267 2624 1402 2667 debet
1432 2621 1720 2677 superinten-

40 2699 51 2733 Ῠ
89 2706 208 2748 dere.
236 2706 389 2758 Itaque
413 2704 534 2758 quod
556 2703 756 2746 officium
778 2704 942 2745 habeat
965 2710 1111 2745 rector
1133 2702 1178 2743 id
1196 2715 1287 2742 non
1304 2699 1412 2742 facit
1430 2698 1719 2753 superinten—

92 2781 219 2831 dens,
245 2781 324 2823 sed
355 2779 736 2834 quemadmodum
765 2778 965 2820 officium
994 2791 1127 2820 suum
1156 2782 1406 2830 exequatur
1436 2771 1719 2828 praescribit,

36 2911 39 2916 ¹
92 2855 177 2898 nisi
199 2857 319 2911 quod
342 2855 426 2897 sibi
447 2855 597 2910 aliqua
619 2861 822 2897 reseruat
840 2853 1081 2904 ordinarie,
1102 2852 1250 2907 aliqua
1268 2847 1637 2893 extraordinarie.
1659 2849 1723 2889 At

45 2925 47 2928 ’
93 2931 293 2975 minister
309 2933 482 2975 nullum
508 2932 599 2975 fere
621 2930 758 2974 habet
781 2930 996 2981 officium,
1019 2929 1139 2983 quod
1158 2942 1241 2970 suo
1260 2927 1357 2969 iure
1380 2931 1524 2981 gerat,
1547 2931 1721 2966 tantum

96 3010 162 3050 est
190 3023 409 3064 organum
439 3007 626 3051 rectoris
657 3014 702 3050 et
730 3005 1012 3051 executionis
1042 3004 1114 3048 155
1149 3002 1286 3045 officii
1323 3000 1514 3045 rectoris
1553 2999 1725 3042 instru—
