2028 3426
741 233 1180 277 SUPPLEMENTUM—zf,
1661 233 1729 278 865

143 336 348 389 nitatem,
388 335 519 390 siqua
537 343 772 380 creaturae
804 334 932 377 initio
954 335 1122 378 donata
1139 342 1263 386 sunt,
1296 334 1333 377 si
1361 336 1417 377 ad
1447 349 1545 378 earn
1574 337 1777 379 confera-

143 428 258 465 mus,
285 427 418 468 quam
457 427 578 455 nunc
601 411 823 463 obtinent,
864 426 1016 455 nonne
1038 418 1221 466 propter
1253 411 1447 454 hominis
1470 419 1705 467 peccatum
1728 412 1775 454 in

141 489 340 532 deterius
363 490 607 544 collapsam
626 503 726 532 esse
748 496 885 543 atque
902 488 1186 530 immutatam
1208 495 1382 532 certum
1406 490 1494 532 est?
1519 490 1635 531 Tum
1659 488 1695 531 si
1720 491 1776 531 ad

139 568 275 611 finem
299 580 350 608 ac
373 565 716 622 perfectionem,
744 580 878 621 quem
901 572 1111 620 expectat
1144 572 1368 616 creatura,
1409 580 1508 608 eam
1533 580 1770 621 compare-

141 658 257 695 mus,
290 642 547 698 ingemiscit
581 650 626 685 et
654 642 844 698 parturit
875 650 1082 686 creatura
1112 642 1256 684 omnis
1282 656 1424 696 usque
1448 644 1596 684 adhuc
1630 644 1656 693 ¹,
1691 657 1772 684 cu-

140 719 267 775 piens
289 719 468 763 liberari
486 734 510 761 a
533 719 753 763 seruitute
771 719 1071 774 corruptionis
1093 718 1140 760 in
1163 719 1417 762 libertatem
1449 719 1644 762 filiorum
1667 720 1769 762 Dei.

142 798 198 838 Et
221 797 334 839 haec
356 796 537 851 quidem
556 811 695 851 quum
719 796 781 839 ita
803 797 908 848 sint,
937 804 1061 839 tanta
1083 803 1152 838 est
1174 796 1259 838 Dei
1290 796 1613 851 omnipotentis
1642 797 1769 839 boni⁴

141 881 225 926 tas,
252 880 299 914 vt
321 887 449 915 suam
488 872 701 916 virtutem
724 872 946 915 infinitam
973 874 1030 916 ad
1062 873 1160 915 illas
1194 872 1573 928 imperfectiones,
1596 874 1652 914 ad
1675 873 1773 915 illas

142 949 457 1005 corruptiones
476 950 836 992 manutenendas
859 964 908 993 se
945 950 1124 1005 ingerat
1154 957 1290 1004 atque
1313 949 1512 992 insinuet
1536 949 1773 1005 benignis-

140 1027 265 1078 sime,
299 1027 305 1084 Ι
332 1033 380 1068 vt
418 1026 493 1080 qui
517 1026 563 1068 in
588 1027 723 1069 rebus
748 1026 960 1068 omnibus
983 1034 1051 1068 est
1076 1041 1155 1082 per
1178 1026 1496 1082 praesentiam,
1523 1026 1772 1081 potentiam

141 1110 277 1158 atque
299 1103 557 1154 essentiam,
590 1103 722 1145 simul
752 1102 797 1144 in
831 1103 915 1145 illis
953 1110 1180 1158 operatur,
1207 1103 1253 1144 in
1275 1103 1388 1157 ipso,
1415 1118 1469 1145 ex
1494 1102 1591 1158 ipso
1616 1117 1667 1145 ac
1690 1118 1772 1158 per

143 1180 290 1235 ipsum
317 1180 529 1222 vniuersa
552 1186 763 1222 constant
793 1187 838 1223 et
859 1180 991 1222 fiunt.

235 1257 554 1312 Contemplare
578 1256 717 1312 igitur
739 1256 1138 1300 clementissimum
1168 1258 1367 1314 Patrem,
1393 1266 1615 1300 rectorem
1644 1256 1774 1312 spiri-

148 1341 293 1385 tuum,
320 1333 433 1377 coeli
458 1341 693 1388 terraeque
722 1334 939 1376 factorem
969 1333 1210 1384 infinitum,
1243 1348 1333 1375 non
1362 1333 1407 1374 in
1431 1333 1607 1389 angelis
1630 1334 1774 1376 solum

143 1424 244 1454 esse
267 1418 311 1454 et
335 1409 527 1465 operari,
554 1425 643 1452 non
666 1411 711 1451 in
734 1410 881 1452 anima
906 1417 1080 1452 tantum
1105 1418 1240 1465 atque
1263 1410 1542 1452 humanitate
1565 1409 1654 1462 XJ,
1682 1424 1773 1452 non

144 1488 188 1528 in
212 1486 378 1530 vnione
401 1488 545 1529 solum
569 1486 869 1542 hypostatica,
897 1501 987 1529 non
1017 1487 1060 1529 in
1085 1487 1274 1542 Virgine
1297 1492 1470 1537 θεοτοκῷ,
1490 1502 1580 1530 non
1604 1487 1647 1528 in
1672 1488 1773 1543 glo-

141 1564 206 1606 ria
229 1572 274 1607 et
297 1563 445 1619 gratia
469 1564 633 1616 solum,
660 1577 776 1618 quae
798 1563 1103 1606 nobilissimae
1126 1571 1232 1606 sunt
1250 1572 1499 1615 creaturae,
1521 1565 1599 1607 sed
1623 1564 1666 1606 in
1687 1564 1771 1606 im—

144 1640 470 1695 perfectissima
483 1654 662 1695 quaque
681 1648 903 1692 creatura,
919 1648 1055 1694 atque
1073 1640 1400 1684 abiectissimas
1412 1655 1614 1695 quasque
1631 1640 1769 1684 actio-

141 1731 238 1768 nes,
259 1724 305 1761 et
328 1731 442 1769 esse,
470 1724 514 1760 et
536 1717 726 1772 operari3
747 1725 791 1759 et
815 1731 907 1759 non
931 1718 986 1759 ad
1011 1732 1063 1760 ea
1085 1717 1267 1771 quidem
1291 1717 1482 1773 operari,
1503 1732 1619 1772 quae
1642 1732 1770 1765 suam

140 1793 463 1849 perfectionem
493 1793 723 1845 obtinent,
764 1794 834 1836 vel
865 1808 998 1848 quam
1030 1795 1085 1836 ab
1115 1794 1243 1854 initio
1282 1803 1572 1850 acceperunt,
1608 1795 1687 1838 sed
1717 1795 1773 1838 ad

141 1870 242 1912 illas
265 1870 385 1925 ipsas
408 1884 555 1913 rerum
582 1869 960 1925 imperfectiones,
994 1877 1088 1913 tum
1118 1878 1300 1926 propter
1329 1871 1526 1926 ipsarum
1558 1871 1772 1914 vilitatem

140 1947 212 1989 vel
235 1946 552 1990 necessitatem
575 1953 797 1998 extantes,
826 1954 920 1988 tum
943 1946 1076 1990 etiam
1109 1956 1292 2002 propter
1321 1954 1556 2002 peccatum
1590 1955 1772 1990 contra-

141 2031 252 2076 ctas,
285 2037 338 2066 ac
370 2023 572 2078 proinde,
603 2022 686 2063 235
716 2031 873 2066 contra
897 2038 1031 2078 quam
1055 2025 1181 2067 Deus
1204 2024 1437 2076 voluisset,
1464 2024 1687 2076 inductas;
1716 2025 1771 2066 ad

139 2101 222 2142 has
244 2099 385 2155 igitur
408 2114 533 2142 suam
559 2099 754 2143 demittit
783 2100 1130 2143 immensitatem
1159 2100 1356 2153 virtutis,
1383 2102 1439 2143 ad
1466 2103 1578 2143 haec
1608 2115 1655 2143 se
1683 2102 1772 2142 hu-

141 2175 296 2219 miliat.
324 2175 448 2230 Quid
471 2177 591 2230 quod
614 2177 671 2219 ad
693 2184 901 2219 naturam
925 2177 1160 2219 daemonis
1184 2179 1560 2229 conseruandam,
1586 2179 1643 2220 ad
1665 2179 1772 2220 sub-

143 2252 374 2304 stantiam,
408 2254 466 2294 ad
493 2253 803 2308 operationum
834 2253 931 2296 eius
969 2255 1334 2309 nephandarum,
1368 2255 1424 2298 ad
1453 2269 1770 2309 peruersorum

138 2329 376 2372 hominum
416 2343 468 2371 ac
496 2329 780 2381 delictorum,
815 2329 981 2384 quibus
1019 2331 1166 2373 Deum
1199 2329 1346 2386 ipsum
1375 2332 1628 2382 offendunt,
1660 2332 1770 2373 sub—

138 2406 328 2448 stantias
352 2419 566 2461 praesens
588 2413 726 2461 atque
741 2406 927 2449 intimus
946 2420 1028 2448 suo
1046 2406 1207 2462 illapsu
1231 2408 1357 2449 adest
1375 2415 1511 2461 atque
1534 2410 1766 2462 operatur?

227 2482 343 2526 Vide
372 2489 541 2537 quanta
577 2491 760 2538 propter
799 2490 843 2526 te
880 2484 1007 2525 Deus
1040 2482 1151 2538 agit,
1188 2482 1324 2524 immo
1362 2498 1469 2525 vero
1507 2498 1639 2538 quarn
1678 2498 1768 2526 non

139 2565 307 2612 quanta
324 2559 357 2613 ⁴³,
384 2573 518 2613 quam
541 2558 753 2611 demisse,
775 2573 909 2613 quam
928 2559 1174 2603 humiliter.
1195 2561 1251 2601 Et
1271 2567 1318 2602 tu
1339 2559 1448 2601 nihil
1466 2561 1550 2603 hac
1569 2561 1768 2604 clemen—

139 2634 215 2687 tia,
237 2636 323 2678 hac
341 2635 505 2678 amoris
524 2635 837 2691 exuperantia⁷
857 2636 1100 2692 quicquam
1124 2636 1380 2680 moueberis
1398 2637 1454 2679 ad
1476 2651 1691 2689 amorem,
1712 2638 1768 2680 ad

137 2726 272 2766 quem
305 2719 373 2754 tot
411 2711 624 2755 funiculis
654 2720 698 2756 te
727 2712 783 2754 ad
812 2727 862 2756 se
892 2720 982 2755 tam
1012 2712 1200 2756 attrahit
1228 2714 1514 2757 vehementer
1558 2713 1768 2757 coelestis

141 2789 295 2830 Pater?

226 2865 289 2907 At
311 2863 386 2908 ille
408 2864 585 2921 (inquis)
609 2865 719 2907 nihil
748 2865 793 2907 in
823 2865 912 2918 his,
938 2865 1103 2920 quibus
1124 2866 1313 2919 laborat,
1345 2865 1456 2908 nihil
1488 2865 1680 2910 discedit
1710 2867 1768 2910 ab

208 2971 217 2991 ¹
270 2972 394 3018 Rom„
415 2973 519 3014 VIII,
540 2981 597 3008 22.

207 3032 221 3051 ‘2
273 3031 424 3075 «Quam
442 3042 518 3066 non
535 3037 717 3078 quanta»,
736 3031 774 3067 id
793 3040 867 3078 est,
889 3044 1025 3079 «quam
1043 3032 1214 3078 humilia,
1236 3043 1350 3078 quarn
1369 3031 1575 3069 demissa».

317 3094 430 3124 Emsr.
454 3095 491 3123 P.
516 3096 650 3131 Naum„
672 3104 751 3125 τοΜ.
777 3096 841 3125 IV.
1555 3098 1590 3125 56
