2028 3426
465 284 736 319 MONUMENTA
762 291 1016 318 PRolecmE
1043 282 1354 328 AUSTR1AE-—49
1604 283 1671 328 293

90 383 329 440 periorem,
355 385 440 425 hoc
464 390 531 426 est
555 398 579 424 a
602 384 742 425 choro
765 382 964 425 inferiori
986 397 1195 438 superne,
1223 389 1405 426 uerrant
1424 382 1556 424 simul
1574 384 1714 425 sacri-

87 467 251 503 stanus
268 470 313 503 et
335 460 712 503 subsacristanus.

182 538 312 592 Quae
337 536 556 592 pecuniae
579 536 623 577 in
653 537 819 591 templo
855 535 1165 587 inueniuntur,
1191 549 1266 578 eas
1295 536 1468 578 deferat
1497 534 1711 576 sacristass

92 628 177 655 nus
200 613 256 654 ad
271 613 550 668 praefectum
574 612 807 664 ecclesiae,
834 627 949 667 quae
970 612 1006 654 si
1026 612 1190 655 fuerint
1207 611 1375 667 insigni
1394 625 1598 662 numero,
1627 626 1712 666 pu—

88 690 381 732 blicabuntur
415 704 491 744 per
519 688 900 741 concionatorem,
932 697 976 733 et
1006 690 1250 732 reddentur
1279 689 1336 745 ei,
1364 688 1438 743 qui
1478 687 1610 743 signa
1640 689 1712 731 uel

91 765 308 822 marsupii
332 767 405 808 uel
429 766 612 822 generis
635 773 842 808 monetae
863 765 1111 818 exhibebit3
1137 772 1182 807 et
1210 764 1246 807 si
1275 765 1426 806 nullus
1455 764 1711 806 inuenietur

91 842 316 894 dominus,
348 841 683 898 dispensabitur
710 855 762 883 ea
791 841 980 896 pecunia
1012 840 1283 897 pauperibus
1321 856 1376 884 ex
1407 848 1550 896 parte,
1583 850 1627 883 et
1655 855 1710 882 ex

89 927 216 975 parte
246 919 411 974 poterit
440 919 584 974 accipi
612 934 692 974 pro
720 919 924 970 ecclesia3
955 918 991 961 si
1018 933 1173 973 parum
1208 917 1342 961 fuerit
1379 916 1614 973 pecuniae,
1656 932 1710 959 ex

86 1011 143 1040 ea
164 1002 377 1052 poterunt
399 995 486 1038 erni
509 1010 672 1051 scopae
694 1010 773 1051 pro
796 996 1016 1038 uerrenda
1040 995 1245 1038 ecclesia.

183 1074 315 1128 Quae
333 1071 556 1128 pecuniae
579 1074 823 1116 offerentur
846 1072 1090 1114 sacristano
1113 1071 1374 1126 simpliciter
1398 1085 1477 1126 pro
1500 1070 1707 1120 ecclesia,

92 1163 170 1191 eas
193 1149 356 1205 poterit
387 1149 483 1205 ipse
514 1149 734 1204 accipere,
759 1156 804 1190 et
833 1149 938 1191 dare
966 1149 1210 1203 praefect03
1237 1147 1273 1189 si
1302 1148 1358 1189 ad
1393 1146 1561 1201 aliquid
1591 1147 1704 1189 refe-

89 1232 250 1268 runtur
280 1226 501 1281 pecuniae
530 1225 650 1277 illae,
686 1226 758 1268 uel
795 1224 943 1279 aliquo
972 1224 1153 1268 nornine
1190 1224 1493 1275 dantur,=hoc
1530 1231 1598 1265 est
1627 1238 1708 1278 pro

87 1296 188 1354 hac,
216 1303 289 1344 uel
311 1302 385 1344 illa
414 1287 478 1354 re,
511 1309 618 1350 etc.,
645 1316 734 1343 non
763 1301 951 1356 accipiet
977 1300 1266 1352 sacristanus,
1292 1300 1371 1342 sed
1399 1299 1573 1343 iubebit
1603 1313 1706 1342 eum

82 1385 340 1433 expectare,
366 1386 411 1422 et
434 1379 599 1422 referat
621 1379 676 1421 de
698 1392 751 1420 ea
772 1393 819 1420 re
842 1378 897 1419 ad
920 1378 1213 1432 praefectum,
1241 1377 1316 1431 qui
1339 1376 1375 1418 si
1398 1377 1564 1418 habeat
1585 1376 1706 1417 diffi-

83 1454 296 1496 cultatem
320 1454 533 1509 aliquam,
559 1469 650 1497 non
680 1453 870 1509 accipiat
906 1461 1145 1508 antequam
1169 1468 1262 1496 rem
1290 1459 1487 1508 exponat
1517 1452 1698 1503 rectori,

83 1537 131 1573 et
152 1532 208 1573 ab
230 1546 283 1573 eo
307 1532 566 1574 facultatem
591 1530 799 1586 accipiat.

172 1607 430 1650 Constituat
448 1607 737 1663 prouincialis
759 1621 848 1663 quo
870 1607 1025 1650 ordine
1047 1606 1135 1649 sint
1158 1605 1349 1648 uocandi
1372 1604 1429 1648 ad
1452 1604 1701 1648 confessio-

84 1697 164 1726 nes
186 1683 432 1727 audiendas
451 1684 728 1727 confessarii.

172 1759 425 1816 Diligenter
464 1767 593 1804 curet
625 1759 928 1816 prouincialis,
960 1767 1009 1801 ut
1045 1759 1306 1803 confessarii
1342 1766 1600 1801 nostrorum
1634 1758 1714 1820 in·-

81 1843 337 1890 struantur,
370 1851 459 1879 non
493 1837 637 1879 solum
669 1837 714 1878 in
743 1852 911 1893 genere
948 1837 1003 1878 de
1030 1837 1229 1892 perfecta
1256 1835 1431 1879 ratione
1459 1835 1698 1878 exercendi

83 1927 216 1955 suum
239 1928 421 1964 munus,
447 1914 527 1957 sed
552 1913 881 1969 particulariter
902 1913 1034 1957 etiam
1052 1914 1108 1955 de
1125 1907 1406 1969 singulorum
1425 1911 1697 1963 defectibus,

78 1997 127 2033 et
148 1989 321 2033 idoneis
345 1990 552 2032 remediis
577 1991 921 2043 admoneantur,
945 1998 989 2033 et
1012 1990 1122 2032 illud
1140 2004 1197 2032 ne
1214 1989 1390 2031 omittat
1413 1988 1498 2031 illis
1521 1987 1699 2044 signifi-

75 2080 196 2118 care,
224 2074 273 2108 ut
295 2074 557 2109 assuescant
581 2081 738 2110 omnes
760 2066 1090 2122 particulariter
1110 2066 1156 2108 in
1179 2065 1428 2116 indiuiduo,
1455 2072 1499 2108 et
1528 2080 1583 2108 ex
1612 2079 1695 2106 nu-

76 2158 199 2188 mero
223 2150 530 2198 peccatorum,
560 2145 708 2198 quoad
730 2143 827 2187 eius
848 2144 944 2188 fieri
968 2143 1145 2199 poterit,
1170 2142 1391 2195 confiteri;
1418 2149 1462 2185 et
1485 2141 1522 2184 si
1544 2141 1590 2183 id
1607 2156 1699 2183 non

75 2219 264 2276 possint,
285 2227 334 2261 ut
353 2221 510 2263 saltem
531 2220 829 2274 frequentiam
846 2221 1013 2272 dicant,
1034 2228 1078 2262 et
1096 2219 1331 2262 definitum
1351 2227 1546 2274 tempus.
1570 2219 1697 2262 Haec

78 2298 442 2339 obseruabuntur
464 2296 600 2339 etiam
627 2296 672 2339 in
695 2298 906 2349 externis,
933 2298 1079 2352 quoad
1102 2296 1197 2339 fieri
1220 2295 1399 2352 poterit.

166 2375 296 2417 Esset
320 2373 444 2426 utile,
471 2373 507 2416 si
534 2373 823 2429 prouincialis
844 2374 1100 2417 institueret
1121 2374 1284 2416 librum
1307 2373 1520 2423 scribere,
1544 2371 1588 2413 in
1608 2386 1697 2426 quo

73 2450 351 2494 describeret
393 2449 677 2506 singulorum
721 2432 1015 2507 collegiorum
1058 2451 1369 2500 fundationes,
1414 2448 1693 2499 dotationes,

80 2527 394 2583 obligationes,
422 2542 512 2570 uno
536 2528 652 2580 loco;
679 2535 723 2571 et
751 2527 943 2583 singulis
969 2527 1326 2578 fundationibus,
1353 2534 1460 2577 etc.,
1490 2531 1593 2580 post
1617 2524 1698 2566 ali—

80 2611 189 2659 quot
217 2603 422 2659 paginaS,
455 2604 698 2659 subjiceret
719 2604 978 2659 catalogum
1009 2603 1206 2646 omnium
1232 2605 1416 2645 Patrum
1442 2608 1486 2645 et
1510 2603 1695 2643 fratrum

78 2680 361 2736 singulorum
386 2681 698 2736 collegiorum,
724 2681 768 2723 in
793 2695 882 2736 quo
905 2681 1111 2735 catalogo
1134 2695 1186 2723 ea
1209 2679 1357 2721 omnia
1381 2676 1694 2720 describeren-

76 2763 167 2811 tur,
193 2772 308 2813 quae
329 2759 385 2800 ad
404 2757 712 2813 cognitionem
735 2759 917 2801 Patrum
935 2764 980 2800 et
998 2758 1182 2799 fratrum
1203 2757 1417 2806 facerent,
1439 2768 1521 2795 nec
1546 2760 1695 2795 essent

79 2841 270 2887 secreta,
296 2841 383 2878 etc.

167 2911 435 2954 Consultum
460 2911 636 2954 uidetur
669 2918 717 2952 ut
745 2910 1032 2966 prouincialis
1059 2910 1121 2952 ita
1148 2908 1386 2950 distribuat
1414 2920 1517 2948 suas
1542 2904 1694 2947 uisita-

73 2986 244 3037 tiones,
279 2994 326 3028 ut
355 3001 457 3029 cum
487 2987 679 3042 primum
708 2986 962 3030 discesserit
992 2989 1043 3028 P.
1077 2984 1270 3032 Natalis,
1306 2982 1491 3037 incipiat
1518 2980 1693 3023 discur—

10 3094 21 3106 .
76 3076 176 3105 rere
197 3076 278 3118 per
297 3075 327 3116 4
349 3062 434 3106 ista
457 3063 663 3119 collegia,
690 3071 738 3105 ut
760 3077 878 3117 quae
899 3061 1131 3105 constituit
1155 3063 1206 3103 Ρ.
1234 3058 1405 3102 Natalis
1426 3063 1692 3112 exequatur,
