2028 3426
359 225 433 271 464
838 228 993 263 PA’rms
1020 227 1263 262 Humommi
1288 227 1441 263 NADAL

400 329 718 374 Confessarius
747 329 1005 380 Societatis,
1032 343 1121 372 non
1145 306 1290 371 solum
1313 329 1369 372 de
1402 329 1455 372 iis
1494 329 1779 386 interrogare
1817 331 1954 376 debet

312 413 507 457 nostros,
533 420 649 461 quae
673 405 926 449 necessaria
948 413 1055 448 sunt
1078 413 1156 449 aut
1178 405 1303 449 Vtilia
1326 406 1381 448 ad
1405 420 1703 463 progressum
1726 407 1886 451 salutis
1908 416 1953 452 et
1994 399 2004 473 ἕ.

311 483 617 538 perfectionis,
651 498 784 539 quam
814 482 1005 538 professi
1033 498 1208 535 sumus,
1246 485 1331 526 hoc
1361 492 1446 535 est,
1473 484 1530 527 de
1553 483 1769 527 omnibus
1791 499 1952 541 supra·

310 559 457 611 dictis,
478 567 586 612 eto,
608 561 687 603 sed
707 561 841 603 etiam
865 559 917 612 is,
939 560 1015 616 qui
1033 561 1294 616 confitetur,
1312 575 1367 603 ex
1391 560 1678 617 obligatione
1701 575 1858 604 verum
1884 563 1950 605 fa·

310 639 394 680 teri
415 638 549 681 debet
571 638 627 679 de
650 652 702 680 ea
725 637 860 679 etiam
885 637 1263 693 transgressione,
1290 639 1347 679 ob
1371 652 1505 692 quam
1529 637 1741 682 Societas
1764 639 1820 685 ad
1843 653 1950 695 pec-
1994 641 2019 681 ='.:

310 722 461 756 catum
486 728 577 756 non
600 714 788 770 obligat.
815 715 927 758 Fere
950 714 1068 758 enirn
1094 714 1160 767 fit,
1186 722 1233 756 vt
1257 729 1346 757 non
1371 713 1548 758 desinat
1572 729 1672 759 esse
1692 724 1947 770 peccatum,
1990 714 2018 765 ’ξ’

310 793 430 846 quod
448 792 504 833 ad
528 791 647 846 ipsos
665 791 842 842 attinet,
863 791 940 846 qui
959 792 1081 846 quod
1099 792 1318 835 deberent
1338 806 1427 834 non
1446 793 1712 844 obseruant,
1735 792 1950 848 quoniam
1995 799 2006 854 ξ

309 884 390 911 sua
409 870 540 924 culpa
563 870 653 911 fere
671 876 778 911 sunt
801 868 845 910 in
865 884 917 912 ea
936 869 1241 924 negligentes
1266 870 1496 912 Accusate
1520 877 1674 913 autem
1695 873 1782 915 274
1806 869 1949 912 anim-
1999 860 2002 905 ἶ

308 947 517 988 aduertat
556 946 863 989 confessarius
902 946 1284 1002 quemadmodum
1317 946 1632 1001 unusquisque
1670 946 1868 998 incedat,
1904 955 1950 991 et

310 1037 422 1078 quas
455 1023 511 1066 ad
552 1037 621 1066 res
653 1022 895 1079 praecipue
926 1022 984 1066 sit
1016 1023 1277 1075 inclinatus,
1313 1031 1391 1066 aut
1425 1023 1585 1076 facilis,
1622 1031 1668 1066 et
1701 1023 1746 1066 in
1783 1024 1949 1078 quibus

312 1100 606 1156 periclitetur.
634 1102 789 1155 Atque
811 1102 897 1143 hoc
915 1100 959 1142 in
980 1100 1259 1144 Vniuersum.

397 1177 532 1232 Quod
556 1178 613 1219 ad
636 1177 905 1233 particulare
928 1177 1104 1229 attinet,
1130 1185 1261 1233 roget
1279 1178 1582 1222 confessarius
1600 1178 1880 1234 superiorem
1901 1187 1945 1222 et
1993 1201 1998 1206 ·

307 1241 530 1310 intelligat
554 1253 719 1309 quibus
742 1254 787 1296 in
811 1254 946 1298 rebus
969 1254 1258 1310 negligenter
1280 1261 1444 1310 agatur
1469 1255 1610 1307 domi,
1637 1262 1682 1299 et
1713 1255 1759 1298 in
1783 1255 1948 1310 quibus

307 1331 526 1373 consistat
549 1331 847 1387 negligentia,
880 1331 957 1386 qui
985 1331 1075 1374 sint
1105 1331 1417 1392 negligentes,
1437 1332 1585 1387 deque
1615 1332 1669 1375 iis
1699 1331 1948 1388 interroget

308 1408 594 1452 confitentes
616 1409 789 1452 Omnes
808 1422 915 1452 vero
934 1408 1202 1465 interroget,
1220 1409 1277 1452 de
1295 1408 1462 1464 quibus
1477 1423 1568 1452 non
1588 1409 1723 1451 fuerit
1740 1424 1944 1462 securus,

306 1485 362 1527 de
395 1485 840 1537 conuersationibus,
866 1492 943 1528 aut
976 1485 1229 1541 colloquiis,
1266 1500 1379 1541 quae
1412 1486 1657 1529 habuerint
1694 1487 1834 1538 domi,
1876 1493 1946 1534 vel

307 1561 433 1604 foris.
466 1563 603 1617 Quod
625 1562 662 1605 si
685 1560 944 1618 periculum*
961 1571 1167 1618 apertum
1191 1562 1342 1605 videat
1367 1562 1540 1619 peccati
1573 1564 1789 1615 mortalis,
1826 1566 1946 1619 quod

286 1636 396 1681 ‘non
425 1639 654 1693 vitauerit,
686 1639 804 1682 norit
833 1654 988 1682 casum
1018 1654 1117 1684 esse
1147 1648 1444 1684 reseruatum.
1479 1640 1526 1684 Si
1558 1639 1665 1684 item
1690 1641 1944 1696 periculum

307 1716 489 1771 aliquod
526 1717 599 1769 sit,
635 1724 680 1759 et
717 1717 840 1759 dicat
876 1716 1182 1760 confessarius
1220 1717 1472 1770 confitenti,
1512 1726 1560 1759 vt
1595 1718 1652 1760 ab
1685 1718 1946 1760 huiusmodi
1987 1738 1990 1740 v

306 1793 651 1837 conuersatione
674 1793 913 1846 abstineat,
936 1808 1082 1849 neque
1107 1801 1259 1836 tamen
1282 1794 1506 1837 confitens
1523 1793 1806 1849 acquiescat,
1827 1794 1948 1838 dicat

304 1870 362 1922 ei,
383 1878 431 1912 vt
455 1870 736 1925 superiorem
760 1871 1052 1914 confessurus
1075 1871 1207 1913 adeat
1236 1872 1263 1922 ¹,
1285 1870 1390 1925 quia
1407 1870 1553 1914 cernit
1573 1886 1679 1915 eum
1697 1885 1747 1914 se
1765 1872 1946 1915 confes—

305 1947 423 1989 sario
447 1961 535 1989 non
566 1947 802 2002 proficere.
835 1948 1060 1990 Aduertat
1088 1954 1240 1990 autem
1269 1948 1489 2003 superior,
1515 1956 1563 1990 vt
1592 1955 1716 2003 petat
1743 1963 1799 1991 ex
1832 1962 1945 1991 con-

307 2024 478 2075 sitente,
501 2038 589 2079 qua
607 2039 663 2067 ex
680 2038 817 2067 causa
834 2024 1137 2067 confessarius
1154 2023 1253 2068 eius
1270 2039 1374 2068 eum
1393 2024 1549 2069 audire
1567 2025 1786 2076 renuerit,
1808 2025 1943 2081 eique

306 2100 554 2144 remedium
580 2100 809 2156 praebeat,
831 2109 918 2144 etc.
945 2101 1068 2145 Idem
1090 2100 1224 2144 faciet
1247 2101 1571 2153 confessarius,
1597 2105 1681 2148 275
1704 2115 1843 2156 quum
1867 2103 1946 2145 ali·
1981 2144 1985 2150 ,

305 2177 404 2233 quis
427 2177 705 2232 superiorem
728 2178 851 2220 adire
874 2177 1067 2222 voluerit
1085 2179 1142 2220 ob
1165 2191 1320 2220 casum
1345 2193 1399 2221 ex
1423 2178 1709 2222 confessione
1734 2192 1943 2222 reserua—

305 2264 415 2305 tum,
447 2255 532 2296 hoc
562 2261 629 2296 est
662 2268 751 2297 non
782 2255 1037 2298 necessario
1059 2261 1360 2305 reseruatum,
1393 2255 1473 2298 sed
1505 2261 1680 2297 tantum
1711 2256 1770 2297 ob
1800 2256 1944 2299 maius

302 2333 488 2383 bonum,
516 2333 601 2373 hoc
625 2342 693 2374 est
717 2331 835 2375 dicet
857 2332 1107 2375 confitenti:
1135 2333 1261 2388 «Ego
1283 2331 1615 2376 confessionem
1639 2340 1764 2376 tuam
1784 2334 1938 2386 audio,

302 2419 350 2451 vt
372 2407 580 2464 proficias
603 2415 647 2451 et
670 2409 725 2450 ad
749 2409 1071 2463 perfectionem
1091 2408 1414 2464 promouearis,
1438 2416 1485 2451 tu
1510 2422 1619 2452 vero
1643 2409 1688 2451 id
1712 2424 1801 2452 non
1822 2410 1936 2466 agis:
1968 2411 1974 2417 “

302 2501 441 2542 quare
463 2487 671 2531 existimo
694 2485 922 2541 expedire,
953 2493 1000 2527 vt
1029 2485 1251 2541 superiori
1280 2485 1555 2537 confitearis,
1580 2493 1625 2529 et
1654 2487 1711 2529 ab
1741 2501 1795 2529 eo
1829 2500 1940 2529 con-

304 2564 539 2607 fessarium
559 2571 733 2619 petas».
763 2562 952 2617 Reliqua
971 2569 1182 2618 petantur
1199 2577 1256 2605 ex
1275 2561 1448 2618 regulis
1466 2563 1802 2615 communibus,
1823 2577 1939 2618 quae

305 2642 362 2683 ad
383 2639 645 2685 confessarii
671 2639 1052 2695 interrogationes
1075 2638 1284 2681 attinent.

303 2762 595 2792 INSTRUCTIO
628 2761 839 2799 PATRUM,
867 2760 948 2798 QUI
990 2760 1206 2790 AUDIUNT
1231 2759 1591 2790 CONFESSIONES
1624 2761 1935 2799 NOSTRORUM,

482 2839 559 2868 VBI
587 2837 891 2868 PRAESERTIM
925 2836 1243 2866 DIFFICL'LTAS
1277 2836 1457 2873 ALIQUA
1484 2836 1762 2867 OBUENERIT

392 2930 692 2975 Confessariis
725 2931 915 2974 reddant
948 2928 1165 2971 rationem
1192 2929 1247 2983 <si
1281 2928 1356 2983 qui
1391 2929 1480 2971 sint
1507 2929 1795 2986 difficiliores)
1828 2944 1937 2973 suae

320 3086 324 3090 ὓ
352 3039 359 3057 ¹
414 3039 501 3083 Jam
521 3037 568 3072 ad
588 3038 659 3072 hoc
678 3036 842 3082 obligari
862 3035 1010 3082 nequit.
1033 3035 1132 3070 Vide
1153 3046 1242 3081 pag.
1265 3044 1349 3080 402,
1369 3040 1501 3071 annot.
1526 3044 1556 3070 1.
