2028 3426
552 213 784 251 ORATIONIS
810 219 1252 256 OBSERVA‘rioNEs—7o
1598 211 1666 256 695

175 314 522 360 Accommodari
554 320 765 370 poterunt
787 311 1000 356 exercitia
1023 311 1260 355 Societatis
1289 311 1557 363 lutheranis,
1590 320 1638 353 vt
1668 311 1713 352 in

87 393 419 437 vniuersalibus
441 391 712 443 consistunt,
733 404 817 433 nec
834 396 952 432 esset
970 401 1158 431 necesse
1176 389 1440 443 generalem
1464 387 1714 430 confessio-

87 486 190 515 nem
220 471 382 523 facere,
415 483 499 513 nec
528 466 846 513 eucharistiam
880 478 1074 517 sumere3
1113 470 1288 506 tantum
1323 463 1500 518 spiritui
1535 463 1716 505 Domini

88 562 188 592 sese
212 547 425 598 subdant,
451 554 496 590 et
517 544 751 597 ecclesiae3
777 544 936 587 saltem
960 541 1022 583 illi
1045 540 1222 597 spiritui
1245 555 1303 583 ne
1332 547 1605 594 repugnent,
1637 541 1716 582 sed

87 623 337 667 consistant
360 623 618 678 quaerendo
641 621 880 664 ueritatem
899 619 943 661 in
963 633 1032 670 eo,
1055 619 1176 672 quod
1194 616 1325 659 nobis
1342 624 1386 658 et
1403 616 1489 658 illis
1511 630 1716 658 commu-

87 715 159 744 ne.
185 701 287 743 Vna
308 701 436 751 fides,
462 698 607 754 inquit
632 698 818 749 Paulus,
844 711 983 738 vnum
1007 694 1230 750 baptisma
1253 702 1284 735 a:
1312 706 1625 747 quaecumque
1648 699 1716 734 est

86 776 226 833 igitur
248 777 294 818 in
316 776 506 819 ecclesia
527 774 614 819 Dei
636 775 765 826 fides,
790 788 879 816 vna
909 780 994 823 est,
1026 786 1078 814 ea
1107 785 1216 815 vero
1247 769 1469 812 catholica
1500 776 1567 811 est
1595 769 1715 810 haud

86 853 238 906 dubie,
271 867 411 908 quare
439 853 709 908 figmentum
739 858 807 894 est
836 850 1177 892 lutheranorum
1215 861 1263 890 se
1300 860 1378 902 per
1416 844 1546 887 aliam
1584 845 1716 886 fidem

87 930 334 973 iustificari.

175 1006 379 1050 Virtutes
400 1006 509 1048 dant
532 1005 726 1060 quietem
757 1011 801 1048 et
830 1017 988 1059 pacem
1024 999 1280 1044 christianis
1310 1006 1493 1054 propter
1525 997 1714 1040 coniun—

87 1083 298 1137 ctionem,
323 1097 457 1138 quam
480 1083 649 1124 habent
671 1095 774 1123 cum
797 1080 927 1122 donis
949 1087 993 1122 et
1018 1078 1215 1121 motione
1233 1076 1432 1132 spiritus.

177 1160 349 1203 Orabat
386 1159 567 1214 quidam
604 1157 622 1182 ¹³
660 1159 716 1201 ad
754 1157 1011 1199 interiorem
1050 1155 1220 1198 aditum
1255 1153 1310 1197 ΙΙ7
1349 1152 1442 1194 diui
1482 1149 1713 1194 Laurentii

87 1246 212 1280 extra
249 1250 424 1278 muros:
465 1235 606 1279 sensit
643 1241 793 1277 autem
836 1232 1167 1288 ingredientem
1204 1229 1411 1285 spiritum
1449 1227 1631 1270 Domini
1670 1227 1715 1268 in

87 1313 397 1358 Germaniam.
424 1313 546 1355 Ante
568 1318 861 1366 conspectum
884 1324 991 1352 vero
1013 1308 1110 1352 eius
1133 1307 1356 1362 diffugere
1374 1307 1604 1354 demones,
1626 1313 1714 1346 tre—

89 1390 316 1434 mebunde
337 1389 592 1444 dissipatos:
617 1388 789 1430 vtinam
811 1387 856 1429 id
879 1394 1031 1428 nostra
1054 1391 1203 1427 aetate
1224 1383 1474 1424 videamus.

177 1469 226 1510 In
255 1467 367 1510 aede
397 1468 454 1509 D.
488 1464 744 1510 Sebastiani
776 1465 832 1507 ad
869 1463 1171 1506 Catacumbas
1210 1468 1226 1485 ⁰
1258 1475 1360 1502 cum
1395 1466 1540 1501 oraret
1579 1457 1712 1508 idem,

89 1545 369 1586 confortatus
395 1541 493 1601 [est]
515 1541 650 1585 etiam
668 1555 759 1583 non
780 1539 1028 1596 vulgariter
1047 1553 1072 1580 a
1089 1537 1301 1589 Domino,
1323 1534 1571 1578 ministerio
1590 1533 1714 1576 Petri

90 1629 135 1664 et
159 1619 305 1673 Pauli,
332 1621 388 1662 ad
409 1618 665 1661 institutum
690 1616 929 1661 Societatis
952 1631 1007 1659 ex
1029 1617 1196 1666 fructu,
1224 1613 1301 1668 qui
1324 1628 1379 1656 ex
1402 1612 1498 1667 ipsa
1520 1624 1716 1666 prouen-

88 1704 218 1740 turus
241 1703 308 1740 est
330 1695 547 1739 ecclesiae
569 1694 674 1750 Xpi.
701 1696 857 1749 Itaque
879 1691 1160 1748 intelligebat
1183 1690 1296 1733 nihil
1325 1689 1478 1731 Vtilius
1506 1702 1638 1744 posse
1667 1701 1714 1730 se

86 1787 242 1829 agere,
268 1787 402 1828 quam
425 1771 842 1822 constitutionibus,
868 1768 1038 1825 regulis
1061 1768 1270 1823 primum,
1297 1768 1403 1809 dare
1431 1779 1628 1820 operam,
1663 1771 1712 1805 vt
1765 1751 1768 1755 ¹

87 1864 223 1905 quam
246 1848 612 1892 emendatissime
640 1848 850 1897 edantur,
883 1853 978 1888 turn
1006 1852 1054 1886 vt
1086 1844 1419 1886 illustrarentur
1454 1841 1635 1883 scholiis
1670 1847 1714 1883 et

85 1927 218 1982 plena
241 1927 319 1968 fiat
342 1924 537 1968 instituti
560 1924 698 1966 totius
720 1921 1038 1966 manifestatio.

176 2001 505 2045 Considerabat
527 2001 644 2043 idem
664 2014 715 2042 ac
733 1999 971 2050 sentiebat,
993 1998 1070 2053 qui
1087 1996 1252 2039 mortui
1271 2003 1375 2038 sunt
1395 2010 1449 2038 ex
1467 1993 1712 2044 Societate,

87 2093 167 2134 per
188 2081 272 2121 hos
294 2093 319 2121 e
341 2079 467 2121 coelo
490 2076 648 2133 augeri
671 2076 1001 2120 Societatem...

177 2155 232 2200 Ι2Ι
267 2157 333 2197 Ex
361 2155 498 2197 nimia
525 2154 718 2198 lectione
747 2153 1034 2197 ethnicorum
1063 2151 1107 2193 in
1137 2148 1482 2192 humanioribus
1509 2147 1649 2191 literis
1672 2155 1716 2188 et

87 2232 301 2276 orationis
323 2240 484 2275 ornatu
507 2230 757 2286 comparari
780 2231 893 2273 solet
915 2229 1135 2285 quaedam
1165 2226 1381 2269 orationis
1410 2225 1591 2280 quidem
1619 2224 1710 2274 lux,

87 2310 167 2352 sed
188 2323 304 2364 quae
327 2309 469 2364 pariat
485 2315 794 2363 contemptum
813 2305 1111 2361 simplicitatis
1128 2303 1419 2353 christianae,
1441 2302 1515 2343 uel
1533 2300 1715 2343 omnino

87 2385 302 2428 iudicium
325 2385 510 2427 inducat
541 2384 788 2436 diuersum,
819 2398 954 2438 quam
985 2379 1106 2437 duod
1135 2395 1248 2436 pura
1273 2380 1440 2422 veritas
1468 2386 1513 2420 et
1544 2377 1713 2431 simpli-

87 2463 198 2506 citas
220 2462 398 2518 xpiana.
425 2469 559 2513 amat,
581 2469 626 2505 et
647 2462 767 2504 vnde
786 2460 1033 2515 periculum
1055 2458 1112 2500 sit
1131 2473 1188 2501 ne
1205 2457 1251 2498 in
1269 2470 1463 2499 errorem
1483 2454 1583 2508 quis
1600 2453 1711 2494 inci-

87 2540 178 2584 dat.
220 2541 342 2583 Idem
380 2538 622 2582 discrimen
659 2538 773 2580 solet
800 2552 958 2592 parere
989 2535 1124 2579 lectio
1158 2534 1297 2576 nimia
1328 2534 1400 2574 vel
1438 2529 1710 2574 stul22dium

88 2616 394 2672 philosophiae
416 2616 716 2659 ethnicorum.
729 2648 756 2656 ..

176 2692 225 2734 In
248 2692 454 2748 legendis
476 2691 710 2747 scripturis
733 2692 806 2735 uel
828 2688 1070 2734 recitandis
1098 2688 1219 2730 horis
1250 2685 1479 2729 canonicis
1508 2682 1711 2725 adhiberi

89 2770 224 2814 debet
246 2768 402 2811 similis
423 2783 584 2811 sensus
606 2767 790 2823 spiritus
813 2781 864 2810 ac
887 2765 1071 2808 deuotio
1096 2764 1242 2806 cordis
1266 2762 1344 2814 illi,
1370 2775 1502 2815 quam
1528 2758 1712 2801 coniici-

88 2860 189 2888 mus
210 2852 408 2899 sanctos,
434 2845 597 2900 quibus
620 2844 869 2899 scripturae
892 2842 1228 2891 reuelabantur,
1255 2837 1468 2881 adhibere
1486 2836 1643 2879 solitos
1665 2835 1710 2876 in

159 3022 176 3039 a
224 3012 450 3059 bauptisma
468 3023 539 3047 ms.
591 3014 657 3039 —b
683 3012 842 3057 quidem
863 3022 933 3046 ms.
986 3030 1007 3034 —
1033 3020 1048 3037 c
1078 3008 1332 3044 Caiecumbas
1352 3017 1422 3041 ms.
