2028 3426
337 186 406 221 638
808 185 963 221 Pmms
990 185 1234 220 HOERONYMI
1261 183 1411 219 NADAL

287 298 446 345 ceptus
469 297 661 340 nostros,
687 296 731 332 et
755 288 818 331 sic
842 301 1083 343 possumus
1105 286 1256 330 dicere
1278 300 1378 330 esse
1409 286 1548 329 uerba
1571 285 1917 341 cogitationum,

287 367 360 411 251
378 374 425 408 vt
444 366 623 422 quando
642 365 803 420 aliquis
819 379 888 416 ea,
910 376 1027 420 quae
1044 362 1251 418 concepit
1272 363 1344 406 uel
1363 361 1591 418 intelligit,
1604 361 1796 418 explicat
1814 376 1921 406 uer-

286 443 371 496 bis3
398 444 471 487 uel
493 451 599 486 sunt
624 443 667 485 in
690 441 997 485 declaratione
1019 440 1207 484 aliorum
1228 440 1487 491 uerborum,
1510 446 1559 481 ut
1576 446 1682 481 sunt
1701 439 1919 495 interpre-

285 520 478 565 tationes
500 521 749 576 scripturae
772 531 816 563 et
838 518 1115 570 huiusmodi,
1136 532 1252 573 quae
1274 524 1464 573 possunt
1487 515 1575 559 dici
1594 517 1734 560 uerba
1752 517 1920 560 uerbo-

285 612 400 650 rum3
442 598 514 641 uel
552 597 830 653 explicamus
870 596 988 639 facta
1025 595 1124 638 siue
1161 609 1298 650 opera
1330 594 1519 637 aliorum
1551 593 1623 637 uel
1657 600 1832 646 nostra,
1864 593 1921 636 ad

285 675 464 717 laudern
489 674 686 725 Domini,
713 682 756 717 et
778 673 864 716 ista
884 680 1073 728 possunt
1091 671 1178 714 dici
1198 673 1337 714 uerba
1358 672 1578 714 factorum
1597 670 1694 714 siue
1712 684 1918 726 operum:

285 759 330 795 et
354 750 576 806 quamuis,
605 759 652 793 ut
675 749 934 805 plurimum,
962 749 1170 792 homines
1192 749 1476 792 delectentur
1499 747 1655 804 primis
1683 754 1728 791 et
1756 761 1920 790 secun-

286 828 354 871 dis
380 828 544 879 uerbis,
566 827 731 882 quibus
750 833 903 869 noster
920 826 1178 869 intellectus
1195 825 1410 882 pascitur,
1435 832 1584 869 tamen
1601 823 1824 876 homines,
1845 822 1921 878 qui

285 904 477 948 maxime
510 904 768 948 desiderant
802 903 994 959 operari,
1035 903 1181 959 magis
1217 903 1503 946 delectantur
1540 900 1710 944 ultimis
1749 900 1917 952 uerbis,

288 991 500 1037 tanquam
527 982 669 1038 magis
694 981 896 1035 utilibus,
921 981 1087 1037 quibus
1109 980 1379 1024 erudiuntur
1397 980 1623 1034 quomodo
1641 978 1919 1034 operandum

287 1059 359 1110 sit,
386 1074 473 1114 qua
497 1068 607 1110 arte,
633 1072 723 1113 qua
747 1058 834 1110 uia,
861 1065 948 1101 etc.

378 1136 624 1190 Loquendo
647 1136 703 1177 de
725 1134 1030 1186 studentibus,
1052 1134 1246 1186 dicebat,
1267 1135 1388 1189 quod
1412 1149 1501 1177 non
1525 1135 1711 1178 deberet
1734 1146 1834 1175 esse
1857 1132 1922 1175 eis

287 1214 523 1255 molestum
548 1213 825 1256 descendere
847 1213 903 1255 ad
926 1211 1262 1267 adipiscendam
1285 1211 1488 1268 linguam
1516 1210 1718 1262 latinam,
1751 1210 1824 1253 uel
1853 1224 1922 1252 ra-

289 1289 491 1332 tiocinari
528 1297 573 1332 et
612 1289 888 1342 huiusmodi;
931 1304 1034 1332 nam
1072 1288 1218 1345 magis
1255 1289 1419 1331 durum
1458 1288 1588 1331 nobis
1621 1287 1851 1332 uideretur
1886 1287 1923 1329 si

286 1369 421 1409 homo
444 1367 739 1410 descenderet
761 1367 818 1409 ad
841 1366 1176 1425 adipiscendam
1199 1366 1402 1422 linguam
1426 1374 1691 1417 maternam,
1717 1364 1751 1408 si
1777 1365 1833 1407 ad
1851 1364 1922 1407 in·

288 1443 598 1499 telligendum,
630 1452 675 1486 et
698 1442 974 1496 huiusmodi,
999 1443 1311 1495 descenderet,
1344 1443 1465 1497 quod
1499 1444 1624 1485 Deus
1655 1441 1778 1494 fecit;
1815 1456 1919 1484 nam

284 1521 474 1563 effectus
500 1522 731 1576 paruulus,
751 1535 967 1565 successu
985 1521 1198 1576 temporis
1220 1521 1412 1576 adeptus
1435 1527 1504 1564 est
1526 1519 1728 1576 linguam
1754 1526 1918 1563 mater-

287 1612 405 1649 nam,
432 1597 649 1653 cognouit
672 1606 717 1642 et
740 1597 958 1641 intellexit
982 1596 1140 1640 notitia
1161 1612 1243 1641 seu
1265 1596 1580 1653 intelligentia,
1601 1611 1736 1651 quam
1756 1603 1922 1639 uocant

284 1674 698 1729 experimentalem;
724 1683 770 1718 et
793 1675 959 1719 nedum
982 1675 1038 1717 ad
1061 1676 1146 1717 hoc
1174 1673 1425 1726 descendit,
1457 1675 1536 1718 sed
1564 1672 1699 1716 etiam
1730 1674 1786 1716 ad
1818 1675 1920 1724 hoc,

286 1758 334 1792 ut
357 1751 569 1807 paulatim
594 1759 849 1796 crescerent
872 1752 1026 1807 pedes,
1052 1766 1212 1794 manus
1229 1758 1274 1794 et
1292 1750 1463 1807 reliqua
1481 1751 1681 1806 corporis
1700 1751 1917 1802 membra3

286 1830 410 1882 quod
442 1828 478 1870 si
513 1837 635 1874 recte
669 1829 1026 1880 consideremus,
1059 1827 1103 1870 in
1139 1827 1269 1872 nobis
1301 1828 1433 1872 etiam
1469 1842 1685 1884 magnum
1723 1827 1920 1879 videtur,

287 1913 457 1958 quanto
481 1906 627 1961 magis
651 1906 695 1948 in
720 1908 837 1951 Deo.

374 1982 582 2035 Dicebat,
620 1983 664 2024 in
698 1982 909 2026 omnibus
941 1982 1174 2026 beneficiis
1207 1982 1292 2027 Dei
1325 1984 1491 2026 debere
1524 1997 1606 2026 nos
1637 1981 1924 2025 considerare

287 2058 386 2110 tria,
413 2074 591 2114 nempe:
622 2074 713 2101 rem
740 2060 897 2115 ipsam,
923 2061 1124 2103 datorem
1150 2059 1312 2116 ipsum,
1339 2067 1384 2102 et
1405 2074 1497 2114 quo
1519 2059 1669 2102 animo
1691 2048 1713 2083 θ’
1729 2058 1920 2102 dederit.

288 2135 407 2178 Hinc
431 2136 515 2177 erit
535 2138 654 2190 quod
674 2138 993 2192 quodcumque
1010 2137 1280 2181 beneficium
1300 2136 1453 2193 magni
1471 2136 1778 2187 aestimemus,
1801 2136 1921 2192 quod

287 2212 329 2254 in
355 2213 488 2255 rebus
511 2214 720 2256 humanis
744 2215 857 2258 solet
879 2214 1162 2270 contingere,
1188 2214 1368 2269 quando
1391 2213 1465 2255 illa
1490 2213 1572 2255 tria
1594 2213 1830 2264 eueniunt,
1865 2214 1921 2255 ad

286 2304 401 2344 quae
425 2289 460 2331 si
485 2304 573 2331 non
597 2291 906 2344 aduertamus,
930 2292 1199 2347 plerumque
1221 2290 1386 2347 ingrati
1409 2290 1627 2333 habemur
1650 2291 1706 2332 ab
1730 2289 1921 2332 homini-

286 2367 387 2418 bus,
413 2381 516 2409 cum
542 2382 629 2409 non
657 2367 766 2409 tanti
794 2368 983 2411 facimus
1005 2369 1174 2410 donum
1199 2367 1357 2424 quanti
1381 2368 1646 2412 debeamus.

375 2443 580 2494 Dicebat,
607 2445 745 2498 quod,
772 2446 1151 2499 quemadmodum
1175 2445 1220 2487 in
1244 2444 1394 2488 arduis
1424 2452 1468 2488 et
1498 2443 1676 2500 magnis
1709 2443 1922 2500 operibus

286 2520 502 2564 faciendis
531 2522 727 2564 solemus
760 2522 1071 2576 praemeditari
1103 2523 1330 2577 quomodo
1366 2522 1439 2564 illa
1473 2521 1706 2573 faciamus,
1742 2521 1922 2565 deside-

286 2598 425 2640 rando
453 2598 539 2641 iam
570 2605 673 2641 ante
703 2598 775 2640 illa
808 2599 953 2641 facere
981 2614 1083 2641 cum
1117 2598 1238 2641 omni
1272 2598 1567 2654 perfectione,
1603 2606 1649 2641 et
1682 2606 1919 2654 postquam

284 2674 402 2716 facta
423 2682 544 2726 sunt,
570 2674 606 2716 si
629 2674 674 2717 in
697 2674 846 2729 aliquo
869 2675 1138 2727 errauimus,
1165 2675 1365 2730 poenitet
1390 2689 1487 2726 nos,
1509 2674 1852 2717 considerando:
1876 2674 1920 2716 in

285 2753 372 2793 hoc
396 2752 469 2794 uel
491 2751 566 2794 illo
589 2750 751 2803 erraui3
779 2751 981 2794 similiter
1004 2751 1137 2794 etiam
1162 2751 1205 2793 in
1227 2751 1394 2804 uerbis;
1418 2752 1478 2793 ita
1496 2751 1630 2794 etiam
1649 2752 1922 2795 deberemus
1983 2733 1990 2740 ι

288 2828 328 2869 in
364 2828 640 2872 orationibus
676 2828 839 2871 nostris
877 2836 980 2871 ante
1019 2828 1105 2871 iam
1138 2828 1475 2884 praemeditari:
1517 2843 1605 2885 ego
1644 2828 1744 2874 261v
1777 2829 1920 2872 debeo

358 3005 371 3019 ³¹
423 2995 681 3030 Emendatum
701 3003 722 3030 a
742 2995 830 3031 Nat.
853 3007 901 3030 ex
921 2995 1058 3035 animo
1073 3006 1163 3040 quo.
