2028 3426
478 301 751 336 MONUMENTA
777 308 1032 337 PRovmmAE
1058 300 1321 336 Ausrnmz—
1332 309 1370 344 49
1624 309 1692 345 299

111 414 179 453 ce,
200 400 348 444 italice
370 401 592 456 expedite.
620 401 787 445 Scribit
806 401 1106 446 mediocriter.
1128 402 1262 444 Valet
1279 400 1483 456 ingenio,
1505 401 1739 452 memoria,

113 477 376 519 fortitudine
399 477 612 533 corporis,
639 478 874 534 diligentia
896 479 942 521 in
965 479 1126 521 studiis
1148 486 1192 522 et
1215 478 1388 520 officiis.

198 566 240 606 4.
309 555 359 596 P.
394 554 706 597 Theodoricus
740 570 830 598 non
860 556 1050 597 multum
1080 556 1179 607 scit,
1221 569 1305 599 nec
1334 555 1524 597 idoneus
1554 553 1733 595 uidetur

110 631 166 672 ad
188 630 337 672 studia
360 631 433 672 uel
454 631 715 686 legendum.
743 633 964 687 Loquitur
987 633 1139 684 latine,
1166 632 1441 688 germanice,
1467 630 1616 673 italice
1640 643 1736 670 me-

109 706 340 758 diocriter,
367 707 535 762 aliquid
558 708 737 763 gallice:
764 709 922 751 scribit
944 724 1034 752 non
1057 709 1182 752 scite.
1215 709 1406 765 Ingenio
1429 709 1629 764 practico
1653 720 1733 750 ua-

108 784 169 826 let
198 797 249 825 ac
271 782 510 840 [memoria,
537 792 581 827 et
611 786 823 828 robustus
851 795 919 828 est
948 801 1147 842 corpore.
1182 788 1230 828 In
1253 786 1347 829 suis
1370 786 1527 828 officiis
1551 794 1595 830 et
1625 789 1736 831 obe—

108 859 289 902 dientiis
312 875 402 902 non
424 861 666 903 admodum
688 862 896 917 diligens.

197 948 237 990 5.
307 939 357 978 P.
380 938 584 993 'Joannes
611 937 828 980 Nicolaus
858 939 1142 983 mediocriter
1176 939 1376 995 phisicus
1413 947 1503 992 est,
1537 948 1582 983 et
1619 957 1734 985 non-

107 1012 221 1055 nihil
245 1015 499 1068 theologus,
526 1022 570 1056 et
592 1015 741 1056 bonus
758 1015 1040 1067 haebraicus,
1062 1025 1106 1058 et
1124 1017 1178 1059 ad
1196 1016 1455 1059 huiusmodi
1475 1018 1624 1060 studia
1642 1034 1735 1061 non

110 1089 289 1133 uidetur
311 1089 506 1145 ineptus.
542 1093 698 1134 Potest
727 1092 878 1146 legere
907 1093 1118 1136 hebraice
1146 1100 1191 1135 et
1219 1094 1527 1149 grammatice.
1565 1096 1733 1150 Loqui-

109 1172 181 1207 tur
210 1165 363 1221 latine‚
388 1166 620 1219 flandrice,
652 1168 926 1223 germanice,
959 1169 1109 1212 italice
1146 1169 1366 1225 expedite.
1399 1170 1566 1214 Scribit
1598 1173 1731 1215 male.

108 1236 295 1298 Ingenio
319 1243 548 1296 mediocri,
574 1258 627 1287 ac
651 1244 865 1287 memoria
887 1260 975 1287 non
1002 1245 1165 1288 foelici.
1192 1247 1422 1289 Robustus
1439 1254 1508 1290 est
1525 1262 1734 1302 corpore,

107 1333 159 1362 ac
182 1319 378 1375 diligens
402 1319 446 1361 in
469 1320 563 1362 suis
586 1320 743 1363 officiis
765 1329 810 1364 et
831 1322 1008 1364 studiis.

200 1397 241 1438 6.
310 1397 361 1438 P.
395 1397 588 1440 Scherer
611 1398 893 1441 mediocriter
916 1399 1106 1454 profecit
1132 1399 1178 1442 in
1210 1400 1394 1455 phisicis
1421 1408 1466 1442 et
1494 1399 1663 1455 aliquid
1687 1400 1735 1442 in

112 1472 397 1528 theologicis.
425 1473 497 1515 Ad
522 1474 774 1530 theologica
798 1476 977 1518 uidetur
999 1476 1144 1531 magis
1173 1476 1380 1521 idoneus.
1408 1478 1568 1519 Posset
1592 1478 1732 1532 profi-

111 1548 193 1591 teri
228 1548 273 1590 in
311 1549 633 1604 grammaticis,
665 1551 1028 1603 humanioribus,
1061 1551 1238 1595 ethicis.
1271 1552 1494 1607 Loquitur
1521 1553 1658 1596 latine
1687 1560 1733 1595 et

107 1625 368 1681 germanice
390 1627 522 1668 bene.
539 1626 714 1670 'Scribit
738 1627 1037 1671 mediocriter.
1066 1629 1198 1672 Valet
1221 1629 1404 1685 ingenio
1427 1636 1472 1670 et
1494 1627 1729 1673 memoria.

109 1703 209 1744 Non
232 1709 300 1744 est
317 1702 531 1745 robustus
553 1717 756 1758 corpore,
781 1705 860 1747 sed
884 1719 1037 1747 sanus.
1064 1707 1112 1747 ln
1135 1720 1218 1748 suo
1235 1706 1385 1748 officio
1408 1705 1619 1761 diligens,
1640 1713 1726 1749 etc.

196 1791 238 1832 7.
303 1780 353 1822 P.
380 1780 570 1824 Morales
588 1780 826 1823 mediocris
844 1782 1061 1836 phisicus,
1083 1782 1256 1824 doctior
1273 1782 1634 1824 mathematicus.
1656 1782 1730 1824 Ad

110 1856 231 1897 nulla
254 1855 404 1898 studia
426 1855 607 1900 uidetur
628 1856 834 1909 idoneus,
860 1859 982 1912 quod
1005 1859 1063 1901 sit
1085 1858 1346 1909 inconstans
1369 1859 1415 1901 in
1444 1859 1547 1904 illis.
1574 1860 1731 1901 Potest

105 1930 258 1987 legere
294 1933 675 1985 mathematicam,
702 1948 839 1989 grece
868 1949 1064 1990 quoque,
1097 1935 1265 1990 aliquid
1293 1935 1479 1991 phisice.
1507 1934 1734 1989 Loquitur

106 2007 258 2060 latine,
286 2008 535 2064 hispanice,
560 2009 723 2053 italice.
757 2011 924 2055 Scribit
947 2012 1078 2055 bene.
1111 2012 1300 2068 Ingenio
1328 2019 1396 2055 est
1425 2012 1656 2065 mediocri,
1686 2019 1733 2054 et

111 2085 324 2128 memoria
347 2086 489 2139 tenui,
515 2100 568 2129 ac
591 2101 777 2142 corpore
799 2103 952 2131 sanus.
978 2089 1186 2144 Diligens
1212 2089 1258 2131 in
1286 2089 1380 2131 suis
1403 2088 1578 2131 officiis.

193 2162 239 2204 8.
311 2162 362 2204 P.
389 2163 665 2219 Wolfangus
688 2164 929 2207 mediocris
952 2165 1170 2220 phisicus,
1199 2165 1274 2208 uix
1298 2166 1555 2221 theologus,
1582 2167 1730 2208 bonus

103 2238 273 2290 rhetor,
295 2252 503 2294 graecus,
531 2244 677 2295 poeta.
711 2242 785 2283 Ad
814 2242 1042 2285 rethorica
1073 2242 1219 2298 magis
1248 2242 1454 2294 idoneus,
1481 2249 1526 2284 et
1549 2256 1602 2285 ea
1630 2249 1730 2297 pot-

104 2321 173 2356 est
201 2315 356 2370 legere
383 2329 486 2357 cum
517 2316 708 2372 graecis,
740 2324 826 2361 etc.
862 2318 1085 2372 Loquitur
1111 2319 1266 2371 latine,
1293 2326 1338 2363 et
1376 2318 1652 2374 germanice,
1685 2325 1731 2360 et

104 2390 388 2435 mediocriter
410 2391 581 2435 scribit.
609 2395 739 2436 Bono
762 2403 829 2437 est
852 2393 1036 2450 ingenio
1059 2409 1111 2437 ac
1140 2395 1373 2446 memoria,
1399 2410 1491 2437 non
1519 2395 1626 2438 item
1657 2408 1728 2436 ro-

106 2468 268 2510 bustus
290 2481 496 2523 corpore.
528 2469 736 2525 Diligens
759 2478 827 2513 est
848 2470 894 2512 in
916 2470 1010 2513 suis
1032 2471 1193 2514 studiis
1216 2478 1260 2514 et
1283 2471 1441 2514 oficiis.

191 2558 234 2600 9.
303 2546 353 2586 Ρ.
381 2546 579 2588 Thomas
601 2547 792 2601 profecit
820 2547 865 2589 in
894 2547 1095 2602 phisicis,
1121 2548 1313 2604 graecis,
1339 2556 1384 2591 et
1413 2548 1559 2603 magis
1589 2548 1634 2589 in
1656 2561 1728 2590 re-

108 2619 291 2662 thoricis
313 2628 357 2663 et
379 2621 580 2676 poeticis.
604 2623 678 2665 Ad
696 2623 866 2678 phisica
883 2630 927 2667 et
950 2624 1204 2679 theologica
1222 2632 1354 2680 aptus
1377 2631 1460 2675 est,
1482 2625 1561 2667 sed
1584 2623 1731 2678 aptior

107 2704 176 2739 est
194 2697 250 2738 ad
268 2697 504 2740 rhetorica.
523 2700 678 2741 Potest
695 2700 847 2755 legere
866 2700 1084 2755 phisicam
1097 2708 1142 2742 et
1159 2708 1398 2756 praecepta
1415 2700 1582 2752 omnia,
1596 2715 1726 2754 prae-

107 2779 174 2815 ter
212 2773 513 2829 theologiam.
558 2775 779 2830 Loquitur
816 2776 953 2820 latine
990 2784 1035 2818 et
1072 2777 1321 2832 hungarice
1358 2785 1403 2820 et
1441 2776 1717 2819 sclauonice.

104 2848 271 2905 Scribit
299 2850 599 2895 mediocriter.
633 2853 765 2894 Valet
793 2852 978 2908 ingenio
1010 2860 1056 2896 et
1084 2853 1299 2895 memoria
1333 2867 1384 2894 ac
1413 2854 1626 2894 robustus
1658 2859 1729 2893 est

105 2938 306 2980 corpore.
333 2926 541 2980 Diligens
563 2934 631 2971 est
653 2928 699 2969 in
722 2928 816 2970 suis
839 2928 1002 2970 studiis
1024 2936 1069 2970 et
1092 2928 1268 2970 officiis.

199 3014 265 3046 10.
331 3004 387 3044 Ρ.
421 3004 682 3046 Balthassar
703 3004 872 3059 aliquid
890 3004 1080 3060 profecit
1098 3003 1142 3044 in
1162 3004 1338 3058 graecis
1359 3003 1465 3046 etin
1485 3003 1724 3055 hebraicis,

104 3085 149 3121 et
172 3078 285 3120 haec
308 3086 456 3133 potest
478 3080 694 3135 profiteri.
723 3082 795 3138 Ati
819 3080 967 3123 studia
990 3095 1079 3122 non
1103 3079 1283 3122 uidetur
1306 3080 1495 3123 idoneus
1519 3081 1576 3121 ob
1600 3087 1727 3122 aeta-
