2028 3426
720 249 754 283 N
758 257 896 284 ormA
923 257 1112 285 comeum
1666 262 1685 295 5

71 382 74 384 .
114 363 232 389 cuum
253 355 325 396 est,
353 351 429 387 hac
456 350 540 387 sola
568 362 590 387 a
616 356 730 400 tergo
757 357 853 388 nota
878 352 1074 399 apposita:
1105 361 1217 400 ‹<32.›>
1247 351 1334 390 Fol.
1366 353 1440 397 238
1468 353 1563 388 item
1590 365 1731 400 purum

59 441 62 444 ·
114 423 294 460 relictum
316 426 388 458 est.

191 492 276 529 Fol.
300 499 526 540 239r-251r‚
547 492 718 529 habetur
738 493 858 530 latina
877 493 1010 529 versio
1037 493 1231 541 epistolae
1256 494 1549 541 praecedentis,
1576 494 1639 530 cui
1670 495 1731 531 hic

50 577 55 580 ’
111 581 246 618 titulus
265 580 472 628 praefixus
493 585 564 616 est:
589 543 714 618 «Ili-IS.
736 581 1043 619 EXEMPLUM
1064 581 1257 618 EPISTO
1285 586 1289 626 Ι
1316 583 1378 620 lae
1395 583 1440 618 R.
1460 582 1500 619 P.
1518 584 1620 622 mtri.
1640 583 1731 619 Lai-

72 643 77 646 *
112 652 171 689 nis
192 651 242 688 ad
273 651 317 688 R.
347 651 389 688 P.
416 656 573 688 mtrum.
601 651 604 701 Ι
631 651 908 689 Salmeronem
941 653 1161 698 Bononiae,
1194 653 1238 689 16
1264 653 1419 689 calend.
1445 653 1533 700 Julii
1559 656 1564 701 Ι
1597 661 1730 702 1547.»

107 723 155 759 In
171 722 363 771 margine,
380 734 514 768 manu,
531 734 637 769 quae
654 722 818 759 Polanci
833 724 1002 760 videtur:
1026 723 1268 771 «Exemplar
1280 725 1434 772 hispan.
1454 722 1608 774 [apudP]
1625 730 1644 750 a
1662 725 1733 760 Pa-

47 799 50 802 '
106 800 211 831 trem
232 794 489 830 P-olancum.»
512 793 601 830 Alia
627 794 765 842 ignota
791 806 913 831 manu
939 795 978 831 in
1008 795 1152 831 eade'm
1185 806 1266 831 ora:
1303 795 1482 831 «Dictata
1512 795 1731 832 Salmeroni

110 870 182 910 est,
201 877 283 901 non
304 865 458 901 missa.»
484 864 706 901 Auctorem
727 865 845 912 hujus
866 865 1011 902 latinae
1026 866 1223 902 versionis
1239 867 1483 915 ignoramus.
1506 866 1733 902 Nonnullae

109 936 426 981 emendationes,
447 935 599 972 Natalis
619 948 754 981 manu,
774 937 1037 984 reperiuntur,
1058 937 1167 973 unde
1187 942 1354 985 apparet
1378 937 1500 982 illum,
1521 938 1580 974 sin
1602 939 1732 974 minus

108 1012 325 1052 auctorem,
346 1011 386 1043 at
405 1011 513 1042 certe
535 1017 745 1043 censorem
762 1007 880 1054 hujus
897 1008 1092 1044 versionis
1109 1007 1243 1045 fuisse.
1261 1008 1577 1045 Emendationes
1599 1014 1732 1045 autem

110 1078 362 1125 praecipuae,
383 1077 434 1113 ab
455 1077 521 1114 illo
542 1077 744 1123 inductae,
766 1078 841 1114 hae
863 1083 965 1114 sunt:
994 1079 1079 1116 Fol.
1108 1089 1224 1125 244v,
1252 1079 1320 1116 ubi
1350 1079 1460 1127 prius
1488 1085 1582 1116 erat:
1613 1080 1731 1126 «quia

105 1150 331 1194 stomacho,
366 1160 448 1195 quo
483 1148 705 1194 laborabat,
736 1154 820 1185 erat
847 1149 1052 1186 infestus.»
1089 1150 1217 1187 Natal.
1248 1151 1301 1187 ita
1335 1150 1577 1187 emendavit:
1615 1152 1732 1198 «quia

109 1220 304 1256 stomachi
325 1219 442 1256 dolor
461 1206 547 1256 erat
565 1220 601 1256 ei
621 1219 826 1256 infestus.»
849 1219 951 1257 Ibid.
975 1221 1094 1267 prius:
1126 1221 1297 1257 «montis
1318 1221 1537 1269 Martyrum
1564 1222 1732 1258 solemni

109 1291 382 1338 repetitione.»
407 1290 549 1327 Natal.:
580 1291 753 1327 «montis
780 1291 1000 1339 Martyrum
1027 1291 1177 1328 deuota
1202 1293 1480 1339 repetitione.»
1509 1292 1595 1330 Fol.
1624 1293 1731 1338 246r,

107 1362 227 1408 prius:
255 1366 413 1398 ascutos
434 1361 541 1397 nolle
561 1366 782 1398 mutuare.»
805 1361 946 1398 Natal.:
971 1367 1212 1398 «coronatos
1239 1362 1344 1399 nolle
1371 1368 1562 1401 mutare.»
1592 1363 1734 1411 Incipit

102 1433 206 1469 haec
226 1433 370 1469 versio:
403 1433 633 1480 «Quantum
659 1433 889 1470 meminisse
915 1438 1083 1481 potero»
1106 1433 1201 1470 Des.
1222 1434 1507 1471 «...seditiones
1526 1435 1730 1472 excitauit.

108 1503 324 1549 Bononiae,
346 1504 392 1540 16
412 1515 470 1540 ca.
488 1503 577 1551 Julii
604 1511 713 1552 1547.
735 1503 883 1541 Servvs
903 1505 942 1540 in
959 1503 1028 1541 X.0
1047 1504 1255 1542 LAYNES.»
1278 1505 1390 1542 Folia
1412 1513 1588 1552 252-259
1604 1517 1733 1542 vacua
1750 1509 1757 1516 '

109 1580 213 1612 sunt.

186 1645 270 1682 Fol.
294 1646 482 1693 260-267,
503 1645 579 1682 sub
601 1647 678 1682 hoc
699 1645 813 1682 titulo
839 1647 1092 1695 autographo
1120 1647 1284 1683 Natalis:
1317 1647 1503 1683 «Patrum
1529 1647 1635 1684 dicta
1662 1648 1730 1684 ali-

107 1721 242 1763 quot.»
265 1716 463 1753 habentur
482 1716 616 1763 plures
638 1716 874 1762 sententiae,
895 1717 946 1753 ad
967 1718 1090 1753 vitam
1112 1717 1357 1764 spiritualem
1378 1723 1620 1765 spectantes,
1648 1718 1730 1755 col—

106 1788 233 1824 lectae
260 1799 314 1824 ex
340 1788 458 1824 variis
484 1787 666 1823 Patribus
693 1787 916 1825 Societatis.
952 1787 1168 1824 Accedunt
1200 1788 1332 1835 aliqua
1366 1789 1472 1825 dicta
1501 1794 1731 1826 sanctorum

106 1863 264 1906 patrum
291 1864 330 1895 et
356 1858 570 1895 doctorum
596 1858 811 1904 ecclesiae,
838 1870 942 1905 quae
975 1859 1115 1906 majori
1150 1871 1204 1895 ex
1237 1865 1349 1906 parte
1384 1859 1592 1896 obliterata
1627 1866 1729 1897 sunt.

107 1929 250 1966 Manus
284 1930 435 1966 Natalis
469 1929 722 1966 emendantis
754 1929 956 1966 interdum
989 1930 1246 1978 conspicitur.
1282 1930 1398 1967 Initio
1432 1936 1596 1967 exstant
1623 1931 1730 1968 dicta
1761 1915 1765 1919 ’

107 2000 147 2037 Ρ.
169 2000 311 2046 Lainii,
333 2000 408 2037 sub
431 2002 508 2037 hoc
527 2000 642 2037 titulo
658 2002 754 2037 item
769 2002 1022 2049 autographo
1039 2001 1203 2038 Natalis:
1226 2001 1365 2038 «Pater
1378 2007 1514 2038 noster
1528 2002 1723 2050 Laynez.»

105 2071 337 2119 Sequuntur
357 2073 464 2109 dicta
491 2072 532 2108 B.
561 2072 665 2108 Petri
692 2072 824 2118 Fabri,
851 2072 998 2120 quibus
1026 2073 1089 2109 hic
1117 2073 1253 2110 titulus
1280 2074 1486 2121 praefixus
1520 2074 1602 2110 fuit:
1640 2074 1729 2110 «Ex

107 2142 147 2179 P.
170 2143 302 2179 Fabro
323 2143 569 2192 Maguntiae,
590 2155 682 2180 cum
698 2143 1011 2192 interrogaretur
1026 2144 1078 2180 de
1098 2144 1361 2181 instructione
1382 2157 1455 2192 pro
1472 2145 1643 2182 itinere.»
1672 2145 1729 2181 Ita

23 2214 25 2219 “
64 2226 66 2230 ·
107 2214 302 2259 librarius,
341 2215 409 2261 qui
444 2215 622 2261 Jimenez
660 2215 782 2251 fuisse
820 2214 990 2252 videtur.
1030 2215 1182 2252 Natalis
1221 2221 1355 2252 autem
1393 2216 1446 2252 ita
1485 2216 1726 2253 emendavit:

110 2285 172 2323 «P.
194 2285 325 2322 Faber
353 2285 648 2334 Maguntiae...»
672 2291 746 2322 etc.
774 2285 860 2322 Fol.
888 2287 992 2322 261v
1018 2286 1190 2323 habetur
1209 2286 1322 2323 locus
1340 2287 1378 2323 S.
1406 2287 1631 2334 Epiphanii,
1660 2288 1728 2334 qui

101 2356 196 2393 dein
218 2357 451 2393 obliteratus
481 2361 553 2402 est,
580 2356 655 2393 sub
677 2358 754 2393 hoc
780 2357 907 2393 titulo:
938 2357 1213 2405 «Epiphanius
1243 2358 1443 2394 familiaris
1469 2358 1657 2407 Virginis,
1687 2364 1729 2395 ut

105 2428 276 2465 habetur
293 2429 332 2464 in
354 2428 530 2475 quadam
555 2428 740 2474 lectione,
771 2440 878 2475 quae
901 2428 1046 2477 legitur
1071 2429 1110 2465 in
1146 2429 1249 2466 festo
1278 2429 1628 2475 Praesentationis,
1664 2442 1726 2466 se-

104 2499 282 2536 cundum
302 2499 545 2536 breuiarium
570 2511 781 2536 romanum
807 2500 1029 2546 antiquum,
1051 2500 1103 2536 ita
1124 2500 1231 2536 dicit:
1256 2500 1419 2545 «Maria,
1444 2500 1520 2537 Dei
1541 2502 1726 2549 genitrix,

99 2570 313 2607 ⁴hebraicas
333 2570 546 2607 litteras...»
570 2570 776 2618 Incipiunt
802 2571 902 2607 haec
929 2570 1037 2607 dicta
1065 2571 1226 2607 Patrum
1254 2572 1315 2607 his
1344 2571 1488 2608 verbis:
1527 2572 1593 2607 «In
1623 2572 1726 2608 hanc

104 2641 248 2678 vallem
267 2642 510 2679 miseriae...»
537 2641 632 2678 Des.
654 2641 720 2678 fol.
743 2642 840 2678 262r
939 2641 1127 2678 cubiculo
1147 2642 1281 2678 cordis
1307 2648 1475 2679 oraret.»
1498 2642 1598 2679 Ibid.
1622 2643 1726 2678 «Re-

104 2712 236 2748 media
254 2717 393 2749 contra
414 2713 696 2761 suggestiones
716 2712 974 2749 Daemonis.»
997 2713 1111 2749 Haec
1133 2712 1310 2749 remedia
1331 2713 1456 2749 Patris
1478 2713 1606 2749 Lainii
1636 2725 1725 2748 esse

99 2781 302 2828 videntur,
327 2783 419 2819 licet
438 2794 633 2830 expresse
659 2794 741 2819 non
762 2788 945 2819 notatum
971 2783 1088 2820 suerit
1111 2795 1133 2819 a
1156 2783 1300 2829 Natali,
1327 2784 1394 2830 qui
1418 2789 1551 2820 tamen
1575 2785 1725 2831 priores

103 2854 325 2891 sententias
351 2859 391 2890 et
417 2859 634 2901 sequentes
661 2854 712 2890 ad
739 2854 925 2890 Lainium
950 2859 1157 2902 spectasse
1177 2855 1216 2890 in
1250 2855 1428 2904 margine
1456 2856 1620 2899 notavit,
1651 2856 1724 2891 hac

172 3005 189 3022 a
239 2996 388 3030 Deesse
407 2995 561 3030 videtur
579 2995 732 3042 aliquod
753 2996 928 3040 verbum,
949 3006 995 3030 eo
1014 2995 1116 3042 quod
1135 2997 1265 3030 charta
1286 2995 1322 3030 in
1339 2995 1424 3030 libri
1440 2996 1720 3041 compositione

106 3059 252 3088 resecta
272 3052 310 3089 in
330 3055 502 3099 margine
523 3054 611 3089 fuit.
