2028 3426
340 266 406 303 154
808 258 962 293 PA'rms
988 257 1232 292 Hisnoxvm
1258 255 1410 291 NADAL

287 366 433 402 sertor
463 360 535 403 vel
564 359 802 416 sugillator
830 374 910 415 per
939 357 1210 401 calumniam
1241 357 1301 409 id,
1333 355 1536 413 proiecto
1565 357 1762 413 pudore,
1794 358 1954 421 effin—fg·

289 437 420 480 xerit.
1597 425 1602 430 ¹

377 519 627 556 obiectio.
691 513 828 569 Quod
851 513 906 556 de
929 511 1134 568 partibus
1155 510 1419 567 longinquis
1441 511 1499 553 ad
1515 510 1822 567 praepositum
1840 525 1927 568 ge-

287 592 486 635 neralem
509 605 590 647 pro
614 590 798 632 casibus
822 587 1065 633 reseruatis
1088 587 1452 630 transmittantur
1474 587 1620 643 pueri.

376 672 685 718 Responsio.
750 658 796 708 Id
820 672 887 708 est
911 665 955 706 in
979 663 1207 708 Societate
1229 663 1500 706 inauditum:
1527 665 1679 707 nullus
1703 664 1824 709 enim
1847 679 1928 710 ca-.
1943 703 1949 710 ,

287 759 381 796 sus,
415 744 491 799 qui
521 743 725 787 accidere
759 748 909 798 posset
943 741 988 783 in
1027 741 1162 784 domo
1198 741 1270 785 vel
1309 740 1527 797 collegio,
1560 739 1634 783 alii
1667 749 1927 786 reseruatur

287 836 421 876 quam
446 821 621 863 illorum
645 819 808 862 rectori
830 819 901 863 vel
925 817 1198 874 praeposit03
1231 824 1276 860 et
1304 825 1458 862 tamen
1484 831 1725 862 commune.
1754 825 1824 862 est
1853 818 1947 863 ius'

288 906 336 941 ut
358 899 412 941 ad
437 898 675 954 episcopos
698 897 768 940 vel
790 897 928 952 longe
950 896 1161 939 absentes
1184 909 1265 951 pro
1286 894 1381 938 suis
1402 894 1585 938 casibus
1606 895 1849 940 reseruatis
1878 903 1926 941 et
1956 886 1959 890 μ

285 977 341 1018 ad
377 989 604 1033 summum
644 973 901 1029 pontificem
942 987 1022 1028 pro
1049 972 1165 1036 suis,
1201 971 1300 1015 siue
1329 972 1452 1027 quod
1480 971 1642 1016 attinet
1664 972 1721 1015 ad
1744 973 1957 1016 confes—*-

285 1052 473 1103 sionem,
500 1051 596 1094 siue
620 1051 741 1105 quod
763 1051 820 1092 ad
849 1063 1082 1101 censuras,
1114 1048 1358 1092 transmitti
1386 1049 1674 1104 poenitentes
1707 1049 1919 1107 debeant,
1954 1084 1955 1088 ,
1996 1038 1998 1044 ’

285 1137 330 1171 et
367 1127 583 1183 relligiosi
622 1126 696 1170 alii
730 1127 785 1169 ad
823 1125 1054 1169 ministros
1091 1125 1394 1182 prouinciales
1427 1124 1606 1168 mittere
1639 1127 1802 1180 solent;
1840 1140 1925 1170 nos
1947 1171 1949 1174 ,

287 1213 509 1249 rectorum
549 1219 682 1247 casus
720 1203 894 1259 aliquos
927 1202 1193 1260 prouinciali
1231 1217 1534 1255 reseruamus,
1576 1203 1923 1258 prouincialium

285 1282 485 1338 generali
516 1281 792 1338 praeposito,
825 1280 1030 1323 adhibita
1060 1294 1114 1323 ea
1143 1280 1468 1332 moderatione,
1501 1294 1618 1335 quae
1651 1280 1818 1324 usitata
1855 1276 1951 1331 est't¹
1992 1301 1994 1305 ⁷

285 1360 405 1415 apud
424 1359 690 1414 relligiosos.
715 1359 844 1401 Haec
863 1364 1012 1400 tamen
1031 1359 1270 1417 hactenus,
1293 1356 1558 1413 X.⁰·gratia‘‚
1579 1372 1818 1413 nunquam
1833 1372 1922 1402 usu
1941 1389 1947 1394 -

282 1443 522 1488 venerunt3
549 1450 683 1490 quam
707 1434 1018 1491 integritatem
1040 1434 1152 1478 faxit
1169 1433 1301 1478 nobis
1323 1436 1421 1478 X.¹¹⁵
1445 1449 1545 1478 esse
1567 1442 1850 1491 perpetuam.

372 1518 619 1554 obiectio.
684 1513 820 1567 Quod
843 1507 1119 1555 induCantur
1141 1511 1259 1555 filiae
1281 1511 1537 1567 spirituales
1565 1512 1622 1554 ad
1650 1513 1803 1569 legata
1836 1513 1945 1567 SVO-2

283 1590 436 1634 cietati
462 1589 682 1633 facienda.
1947 1586 1951 1592 ’

371 1666 681 1710 Responsio.
744 1659 882 1704 Dedit
903 1659 1035 1703 nobis
1058 1661 1305 1717 X.¹¹⁵Jesus
1333 1660 1391 1704 de
1419 1674 1502 1702 sua
1530 1659 1812 1717 benignitate
1840 1661 1920 1705 de·
1943 1642 1949 1654 ’

280 1738 494 1782 siderium
513 1738 714 1793 aliquod,
734 1737 929 1792 aliquem
947 1736 1083 1799 etiam
1101 1751 1285 1780 sensum
1305 1751 1438 1781 verae
1466 1736 1472 1794 Ι
1501 1736 1794 1792 paupertatis;
1815 1751 1922 1794 gra·
1936 1758 1941 1769 r
1987 1726 1994 1779 .³

282 1815 464 1859 uissime
487 1815 627 1871 igitur
648 1814 964 1859 interdicimus
985 1813 1212 1866 omnibus,
1234 1821 1460 1869 quotquot
1477 1813 1641 1856 viuunt
1659 1814 1745 1856 sub
1763 1813 1920 1862 Socie-
1986 1844 1995 1886 ζ

281 1893 386 1935 tatis
424 1892 698 1943 obedientia,
739 1898 787 1933 vt
825 1890 939 1933 nihil
976 1891 1271 1935 emolumenti
1308 1890 1514 1933 cuiusuis
1552 1890 1814 1946 temporalis
1850 1891 1922 1935 vel

279 1968 502 2024 accipiant
531 1970 602 2011 vel
630 1975 873 2024 expectent
901 1983 982 2024 pro
1015 1968 1178 2023 quouis
1207 1967 1450 2012 Societatis
1479 1966 1746 2020 ministerio,
1779 1981 1833 2011 ac
1862 1983 1920 2013 ne
1949 2008 1962 2025 ,y
1988 2020 1993 2025 ι

279 2045 459 2089 nomine
483 2046 663 2100 quidem
688 2044 1003 2089 eleemosinae.
1031 2044 1208 2088 Viuunt
1231 2051 1384 2088 autem
1413 2045 1575 2087 domus
1605 2044 1834 2100 professae
1863 2060 1918 2090 ex

278 2122 561 2166 emendicata
584 2122 892 2165 indifferenter
915 2121 1204 2174 eleemosina;
1226 2120 1522 2177 collegiorum
1541 2120 1767 2164 institutio
1784 2128 1854 2165 est
1869 2129 1918 2164 vt
1932 2116 1944 2140 '⁴

277 2198 434 2240 viuant
472 2214 527 2242 ex
566 2199 838 2251 redditibus,
879 2198 925 2241 id
962 2206 1053 2251 est,
1099 2198 1331 2254 perpetuis
1367 2197 1690 2254 eleemosynis,
1739 2197 1918 2243 tametsi

277 2277 499 2319 hactenus
526 2277 820 2319 vehementer
848 2276 936 2318 hac
964 2289 1020 2318 ex
1049 2283 1176 2331 parte
1202 2275 1462 2318 laboramus
1489 2281 1536 2318 et
1563 2289 1701 2332 aegre
1724 2275 1919 2332 collegia
1942 2312 1945 2316 ,
1986 2274 1992 2302 Ῑ

277 2359 610 2405 sustentamus,
643 2367 760 2406 quae
792 2360 943 2397 tamen
971 2360 1078 2395 sunt
1104 2351 1360 2396 necessaria
1387 2351 1629 2396 seminaria
1656 2351 1913 2396 Societatis.
1935 2396 1942 2414 .›
1986 2371 1990 2380 ·

277 2428 350 2470 Ad
373 2430 484 2471 haec
507 2436 691 2471 cautum
716 2442 768 2471 ac
793 2443 876 2471 usu
901 2429 1217 2472 confirmatum
1241 2436 1326 2484 est,
1352 2443 1409 2472 ne
1432 2428 1532 2484 quis
1555 2444 1580 2473 e
1603 2428 1768 2472 nostris
1785 2429 1934 2472 insti--⁴
1983 2454 1991 2485 5

278 2505 442 2547 tutioni
472 2513 845 2549 testamentorum
875 2505 1067 2559 intersit,
1102 2506 1176 2550 vel
1204 2505 1442 2549 consilium
1471 2506 1548 2550 det
1582 2508 1608 2548 ¹.
1636 2507 1758 2549 Vsus
1779 2505 1913 2550 etiam

277 2582 408 2623 nobis
430 2581 504 2625 ille
526 2581 754 2624 iucundus
777 2591 845 2624 est
867 2582 1102 2638 imprimis,
1130 2590 1196 2637 ut,
1221 2583 1260 2626 si
1282 2597 1399 2639 quae
1421 2582 1553 2625 nobis
1581 2584 1915 2637 concredanturz
1979 2596 1990 2641 ς

274 2657 614 2701 distribuendae
643 2659 958 2714 eleemosynae
981 2661 1020 2715 (q
1030 2675 1131 2703 uam
1154 2673 1309 2702 curam
1339 2666 1532 2716 grauate
1554 2666 1599 2704 et
1622 2674 1722 2702 raro
1745 2656 1913 2716 decipi-
1982 2652 1988 2659 ’

275 2736 406 2790 mus),
437 2749 492 2777 ex
524 2735 594 2777 his
622 2735 921 2790 eleemosynis
951 2751 1006 2779 ne
1041 2737 1225 2779 obolum
1254 2735 1437 2790 quidem
1467 2735 1684 2780 Societati
1715 2736 1910 2793 applice-
1986 2730 1988 2735 ¹

274 2826 390 2863 mus,
406 2811 582 2855 etiamsi
600 2811 644 2853 id
664 2811 794 2854 nobis
811 2812 1005 2854 liberum
1025 2813 1118 2865 fiat,
1134 2820 1270 2868 atque
1288 2812 1424 2857 etiam
1443 2805 1663 2857 edicatur.
1684 2804 1932 2856 Malumust
1970 2863 1986 2869 ,-

274 2888 418 2931 bonae
447 2887 553 2931 fidei
583 2887 890 2944 integritatem
922 2889 1054 2942 tueri,
1087 2904 1221 2944 quam
1253 2897 1459 2934 auertere
1492 2904 1576 2932 nos
1604 2888 1746 2932 videri
1776 2901 1911 2945 posse
1978 2901 1987 2946 ᾖ

1890 2958 1900 2974 ,
1980 2953 1989 2960 .

345 3061 353 3079 ¹
408 3059 588 3106 Regulae
605 3059 873 3094 sacerdotum:
893 3058 970 3095 28.⁸
