2028 3426
619 250 894 285 MONUMENTA
922 251 1093 286 I'rALJAE
1109 272 1128 276 -
1146 259 1187 294 15
1606 262 1669 297 145

176 348 386 404 Denique
409 350 465 391 ad
487 349 657 392 calcem
690 349 760 391 sui
788 349 943 405 scripti
972 351 1199 393 contraria
1236 358 1507 406 argumenta
1545 352 1714 396 diluere

31 462 34 465 .
64 462 74 465 ι
88 433 292 470 conatur.
313 426 376 468 At
393 440 496 481 ego,
518 441 574 469 ex
588 426 749 481 prima
766 425 1002 478 dilutione,
1022 427 1242 469 aduersus
1261 427 1408 481 ipsum
1429 427 1492 469 sic
1512 442 1615 483 ago:
1638 430 1712 483 qui

87 517 142 546 ex
163 503 285 546 Vrbe
305 502 495 557 (inquit)
511 501 832 554 discesserunt,
855 503 1078 545 dederunt
1095 503 1410 546 auctoritatem
1429 504 1554 546 Patri
1573 507 1708 559 Igna-

88 578 165 632 tio,
189 588 238 620 vt
260 592 363 620 cum
387 579 506 630 aliis,
529 578 606 633 qui
629 580 800 621 Rornae
822 587 990 631 essent,
1022 587 1173 635 posset
1203 580 1400 623 condere
1428 581 1714 623 constitutio-

86 669 180 708 nes,
205 655 284 696 lzoc
304 669 409 697 vero
432 662 569 710 negat
588 655 775 707 factum;
796 670 878 697 nos
896 660 1053 697 contra
1072 655 1439 709 monstrauimus,
1462 671 1550 699 non
1569 658 1713 699 solum

85 745 189 774 cum
211 731 360 785 sociis,
386 731 463 786 qui
486 733 654 774 Romae
678 740 844 784 essent,
871 731 1126 776 condidisse
1150 734 1331 776 Patrem
1355 733 1580 789 Ignatium
1605 748 1708 776 oon—

47 803 64 808 *
84 807 354 857 stitutiones,
381 809 460 852 sed
483 807 682 850 omnium
706 808 839 851 etiarn
874 811 1058 851 Patrum
1088 809 1318 865 suffragiis
1347 817 1391 852 et
1419 809 1712 865 subscriptio-

85 885 231 950 nibus,
267 887 342 939 qui
380 885 614 928 commode
650 885 894 927 conuocari
929 892 1153 941 poterant,
1194 900 1342 940 neque
1380 886 1501 928 aliud
1531 887 1708 941 quidem

85 961 248 1017 requiri
271 968 438 1017 potest,
464 961 589 1004 iuxta
610 961 905 1017 diplomatum
925 961 1264 1004 authoritatem.

59 1088 68 1096 ι,
170 1039 306 1094 Quod
345 1053 453 1081 uero
490 1038 672 1082 eludere
715 1037 898 1082 uidetur
939 1039 1314 1081 constitutionum
1359 1039 1709 1094 publicationem

82 1123 216 1171 atque
238 1115 556 1170 receptionem,
581 1114 708 1170 quasi
731 1114 1053 1171 surreptitiam,
1080 1123 1129 1157 ut
1153 1131 1268 1170 quae
1290 1130 1345 1158 ex
1377 1116 1495 1158 bono
1527 1117 1708 1171 quidem

83 1193 178 1236 zelo
208 1198 253 1236 et
282 1191 417 1233 animi
449 1191 735 1247 simplicitate
765 1192 1094 1257 proficiscatur,
1136 1207 1227 1235 non
1265 1193 1401 1236 etiam
1439 1208 1464 1235 a
1502 1193 1706 1245 ueritate,

82 1269 206 1324 quasi
228 1269 265 1311 si
288 1268 423 1312 dicat:
449 1269 572 1311 solus
595 1269 677 1312 Bo.
706 1270 810 1311 nolo
833 1269 979 1324 decipi
1001 1269 1292 1320 Societatem,
1318 1271 1423 1312 nolo
1447 1271 1542 1312 zelo
1564 1270 1708 1312 Patris

81 1345 254 1409 Ignatii,
276 1345 652 1388 constitutionum
676 1353 721 1389 et
743 1345 882 1401 pacis,
904 1347 977 1387 vel
994 1345 1280 1401 simplicitate
1296 1346 1472 1398 humili,
1494 1347 1605 1389 falsa
1628 1361 1707 1402 pro

63 1423 195 1466 veris
215 1430 232 1448 ³
254 1423 467 1477 recipiar&
485 1435 539 1464 eo
566 1422 745 1466 uidetur
766 1422 1112 1474 intolerabilius,
1134 1423 1258 1477 quod
1280 1437 1371 1465 non
1389 1424 1534 1464 solum
1554 1431 1707 1465 nostra

79 1498 459 1542 demonstratione
488 1499 668 1542 abunde
690 1499 969 1542 declaratum
994 1506 1080 1550 est,
1117 1507 1161 1541 et
1196 1514 1342 1551 ueras,
1379 1507 1424 1543 et
1457 1500 1624 1551 firmas,
1662 1508 1705 1541 et

72 1575 303 1631 suffragiis
326 1589 377 1617 ac
395 1574 804 1630 subscriptionibus
823 1577 1010 1617 Patrum
1030 1575 1201 1619 validas
1220 1590 1318 1619 esse
1337 1575 1702 1628 constitutiones,

74 1653 156 1712 ¹sed
177 1653 310 1695 etiam
336 1654 417 1694 Bo.
444 1651 586 1707 ipsius
609 1651 896 1695 confessione
921 1654 986 1708 (ut
1006 1653 1139 1695 modo
1157 1652 1413 1707 docuimus)
1432 1652 1560 1704 nihil,
1586 1654 1705 1708 quod

59 1738 234 1774 'uerum
256 1744 346 1772 non
370 1729 443 1780 sit,
468 1728 567 1771 illas
589 1729 838 1781 continere3
866 1730 987 1784 quod
1010 1729 1047 1771 si
1071 1729 1239 1784 aliquid
1263 1730 1324 1771 illi
1351 1730 1532 1773 uidetur
1549 1731 1706 1772 deesse

9 1855 11 1859 v
54 1835 60 1846 s.
77 1805 122 1848 in
143 1804 558 1856 constitutionibus,
585 1804 623 1846 si
646 1805 754 1859 quid
777 1808 1073 1861 superfluum,
1101 1806 1137 1848 si
1166 1806 1274 1861 quid
1303 1806 1388 1861 ipsi
1418 1805 1701 1849 intolerabile

9 1886 11 1935 ᾗ
65 1882 149 1925 'uel
171 1881 370 1933 difficile,
396 1896 505 1923 num
529 1888 769 1937 propterea
791 1883 977 1926 deberet
1000 1883 1146 1925 zelum
1176 1882 1476 1938 simplicitatis
1505 1890 1701 1934 nostrae,

8 1959 11 2010 j
53 1961 209 2014 satque
231 1958 498 2001 humilitatis
521 1957 746 2001 solicitare
769 1972 822 2000 ac
852 1961 1046 2001 tentare?
1076 1961 1197 2003 Num
1233 1966 1468 2015 propterea
1501 1959 1703 2001 authori-

52 2025 211 2080 *tatem
234 2034 382 2078 Patris
405 2033 568 2090 Ignatii
592 2035 792 2078 eleuare?
813 2042 858 2078 et
881 2050 1036 2091 pacem
1061 2044 1198 2091 atque
1227 2036 1440 2079 vnionem
1465 2035 1703 2080 Societatis

64 2111 393 2175 interturbare?
417 2113 546 2154 Haec
569 2126 659 2154 non
674 2119 921 2168 propterea
943 2113 1060 2165 dico,
1087 2114 1209 2167 quod
1231 2112 1356 2154 illum
1379 2112 1590 2154 iudicem:
1616 2119 1700 2163 est,

70 2181 151 2244 qui
171 2188 295 2231 illum
317 2188 503 2242 iudicet,
530 2190 699 2241 Dnus.;
724 2189 820 2241 sed,
851 2203 933 2245 pro
961 2189 1098 2232 animi
1126 2189 1214 2231 mei
1242 2188 1501 2240 deuotione,
1533 2188 1699 2231 iustum

12 2259 14 2311 ἶ
42 2262 271 2308 “dolorem
295 2265 512 2321 exprimo.

159 2342 298 2385 Addit
327 2342 542 2385 maiorem
572 2356 671 2385 esse
699 2342 1032 2398 simplicitatem
1070 2343 1419 2386 constitutiones
1457 2341 1695 2398 publicari,

9 2456 15 2475 .:
40 2431 187 2475 quae
213 2419 408 2461 debeant
436 2418 602 2474 corrigi
624 2425 675 2461 et
711 2419 957 2462 emendari.
1000 2419 1162 2462 Erraui
1199 2415 1287 2475 ego
1326 2418 1543 2469 fortassis,
1580 2419 1700 2472 quod

53 2493 278 2550 superius
299 2494 596 2538 intellexerim
619 2494 762 2550 accipi
785 2510 810 2538 a
829 2497 910 2538 Bo.
932 2495 1263 2551 simplicitatem
1287 2510 1368 2551 pro
1391 2494 1575 2546 uirtute3
1596 2508 1698 2535 nam

13 2626 15 2639 1
53 2565 160 2613 *hoc
179 2570 282 2613 loco
304 2570 636 2626 simplicitatem
665 2578 819 2627 aperte
842 2572 1023 2615 uidetur
1044 2572 1331 2627 interpretari
1353 2570 1605 2622 stultitiam;
1633 2577 1699 2611 ta-

13 2651 15 2659 *
74 2656 190 2699 men,
215 2647 322 2702 quid
351 2647 593 2703 intelligat,
624 2648 721 2704 ipse
753 2648 932 2702 uiderit3
975 2663 1057 2691 nos
1090 2649 1202 2691 nihil
1232 2663 1471 2691 monemur
1507 2646 1695 2697 iniuriis3

75 2722 196 2777 quin,
221 2723 346 2766 iuxta
375 2724 518 2767 nostri
545 2724 741 2767 instituti
769 2725 1006 2778 rationem,
1031 2726 1130 2769 illas
1158 2726 1310 2782 potius
1339 2733 1383 2769 et
1406 2737 1699 2780 quascunque

11 2824 17 2859 3
71 2800 382 2854 contumelias,
423 2815 504 2856 pro
543 2800 617 2845 X.i
648 2801 831 2845 nomine
859 2809 904 2845 et
941 2803 1131 2846 ueritate
1170 2802 1433 2852 Societatis,
1474 2799 1696 2842 sustinere

66 2868 392 2920 desideramus.
420 2879 512 2921 Sed
534 2878 611 2933 qui
644 2878 760 2921 scire
792 2885 940 2934 potest
979 2881 1030 2922 P.
1075 2882 1157 2922 Bo.
1194 2878 1488 2934 corrigendas
1521 2883 1619 2918 esse
1652 2883 1696 2917 et

13 3025 15 3030 ,
70 3034 74 3036 ¹
138 2997 156 3014 a
181 2988 288 3024 Haec
306 3000 376 3024 sex
390 2990 511 3025 verba
525 2992 855 3026 constitutionum
871 2994 951 3030 et...
969 2992 1076 3030 vel...
1089 2991 1206 3038 falsa
1221 2995 1298 3038 pro
1313 2991 1417 3026 veris
1434 2994 1522 3024 sunt
1541 2987 1698 3022 Polanci

11 3043 15 3086 ζ
73 3054 188 3082 manu
206 3054 376 3084 exarata.

13 3098 15 3102 ¹
248 3111 359 3141 ΕΡιετ.
382 3113 419 3141 Ρ.
442 3114 576 3149 NADAL,
595 3122 670 3143 rou.
692 3115 755 3144 IV.
1483 3115 1514 3141 ¹1
