2028 3426
672 274 1103 322 INSTRUCTmNEs-oi
1586 283 1656 319 401.

14 373 18 378 ¹
74 378 159 437 ipsi
181 376 486 421 dimissionem
509 376 582 419 vel
604 383 811 418 votorum
835 375 1122 420 solutionem.
1149 376 1206 418 Et
1228 381 1395 428 tamen,
1428 374 1464 417 si
1494 382 1704 431 pergeret

74 469 175 500 esse
197 453 406 504 afflictus,
431 458 586 509 posset
608 452 724 494 mitti
744 452 789 494 in
813 452 1110 497 ministerium
1134 451 1392 503 Societatis,
1415 452 1484 494 vel
1503 452 1705 508 peregri-

76 531 303 575 nationem
334 529 384 586 (si
409 528 518 584 quid
545 528 592 571 in
621 543 674 571 ea
696 544 745 573 re
767 529 935 585 posset)
959 543 1043 572 nec
1066 510 1187 571 inea
1209 534 1329 572 esset
1350 527 1703 583 periclitaturus,

77 607 289 652 adiuncto
312 605 434 649 socio
457 604 515 650 87
538 604 691 660 aliquo
715 606 920 661 probato.
948 606 1085 661 Quod
1107 605 1144 647 si
1168 618 1252 647 nec
1274 603 1336 647 ita
1359 603 1526 648 rediret
1555 605 1610 647 ad
1639 618 1705 657 se,

77 692 123 729 et
152 690 464 741 perseueraret
496 682 542 725 in
564 682 894 738 ipsotentatio,
920 681 1371 726 animaduertendum
1395 696 1501 723 num
1526 680 1710 736 pericu-

78 762 170 804 lum
193 766 328 812 esset,
355 774 411 802 ne
434 759 480 801 in
502 759 744 803 amentiam
774 767 1014 816 propterea
1042 759 1276 803 incideret.
1310 759 1414 801 Hoc
1442 772 1550 800 vero
1583 757 1620 800 si
1653 757 1710 799 ti-

79 844 278 882 meretur
300 836 456 879 morali
479 835 755 888 coniectura,
782 844 935 892 posset
958 837 1003 878 in
1026 836 1214 892 patriam
1238 835 1371 889 mitti,
1395 834 1537 878 veluti
1560 835 1616 877 ad
1639 849 1710 877 re-

80 913 384 970 cuperandam
416 911 723 956 valetudinem
756 913 812 955 ad
845 912 1026 968 aliquod
1058 919 1236 968 tempus
1268 927 1359 955 non
1382 911 1542 954 solutis
1574 911 1709 963 votis,

30 984 39 996 ⁵
79 991 158 1033 vel'
184 989 279 1033 dari
311 989 357 1032 in
389 988 626 1032 seruitium
658 989 1015 1032 ecclesiasticum
1049 989 1238 1032 alicuius
1270 988 1473 1044 praelati,
1506 988 1634 1043 quasi
1667 987 1713 1030 in

81 1065 361 1120 missionem,
387 1074 432 1109 et
456 1066 639 1108 tandem
664 1066 958 1109 iudicandum
982 1081 1038 1109 an
1071 1073 1191 1109 esset
1221 1065 1356 1122 plane
1388 1064 1704 1107 dimittendus.

171 1143 263 1199 Qui
285 1157 394 1186 vero
417 1143 555 1186 animi
578 1144 735 1185 morbo
757 1143 1014 1187 laborarent
1038 1150 1082 1187 et
1104 1149 1322 1198 cuperent
1344 1141 1527 1197 quidem
1551 1141 1596 1183 in
1625 1142 1713 1185 So-

83 1219 245 1264 cietate
268 1219 464 1272 retineri,
490 1220 570 1264 sed
592 1234 687 1262 non
709 1220 975 1263 adhiberent
997 1219 1193 1262 remedia
1210 1218 1305 1261 suis
1323 1218 1469 1272 malis,
1491 1218 1561 1260 his
1579 1218 1715 1260 etiam

88 1304 207 1340 esset
231 1297 514 1340 admouenda
545 1296 746 1339 seuerior
778 1296 1030 1352 disciplina.
1066 1297 1269 1339 Tandem
1304 1296 1376 1339 vel
1405 1296 1461 1338 ad
1492 1294 1717 1351 hospitale

89 1373 297 1416 mittendi
324 1373 398 1417 vel
425 1372 471 1415 in
498 1372 808 1429 longissimam
837 1372 1265 1429 peregrinationem,
1291 1379 1336 1414 et
1359 1371 1583 1415 retinendi
1614 1371 1710 1426 qui-

87 1451 207 1502 dem,
232 1450 376 1493 donec
399 1457 443 1492 et
460 1449 558 1494 sine
575 1450 788 1493 scandalo
806 1449 997 1492 aliorum
1015 1449 1222 1493 viuerent
1240 1456 1285 1492 et
1303 1449 1505 1492 facerent
1524 1448 1720 1503 aliquam

93 1541 217 1583 spem
242 1526 579 1583 resipiscentiae
601 1533 646 1570 et
669 1526 866 1569 melioris
889 1528 1081 1569 fructus.

180 1603 273 1659 Qui
306 1604 362 1646 ob
395 1603 506 1646 alias
538 1618 699 1646 causas
731 1610 838 1646 sunt
870 1603 1142 1655 dimittendi,
1177 1603 1232 1645 de
1264 1603 1334 1645 his
1368 1601 1497 1645 facile
1529 1600 1722 1657 intelligi

92 1686 258 1738 potest.

181 1786 237 1831 89
261 1795 279 1811 a
890 1788 921 1844 †

613 1900 875 1930 RECTORUM
909 1901 1202 1931 INSTRUCTIO
1253 1911 1256 1915 ’

180 1985 228 2030 Si
253 1985 431 2028 dubitat
454 1992 604 2030 rector
627 2001 684 2029 an
708 2002 732 2031 e
754 1987 988 2030 voluntate
1010 1987 1081 2030 sui
1103 1986 1346 2043 superioris
1374 1985 1431 2029 sit
1459 1984 1628 2041 aliquid
1657 1985 1724 2027 fa·-

45 2076 49 2082 ·
93 2068 267 2115 cturus,
299 2062 344 2104 id
374 2078 432 2106 ne
464 2062 597 2105 faciat
625 2069 773 2106 stante
801 2062 876 2106 illa
904 2063 1203 2115 dubitatione,
1236 2077 1371 2119 quam
1401 2070 1552 2105 tamen
1580 2061 1617 2104 si
1642 2060 1725 2104 rite

96 2139 355 2195 expelleret,
378 2146 428 2181 vt
449 2140 729 2195 scrupulum,
766 2140 906 2184 libere
937 2146 1091 2195 posset
1123 2139 1234 2182 illud
1262 2141 1427 2183 facere.
1454 2140 1586 2194 Quae
1609 2137 1723 2180 ratio

94 2215 347 2258 communis
380 2222 449 2258 est
471 2215 697 2261 omnibus.
724 2217 861 2271 Quod
892 2216 1012 2258 enim
1041 2231 1131 2259 non
1164 2223 1233 2259 est
1260 2231 1316 2259 ex
1349 2215 1619 2267 obedientia,
1652 2214 1723 2256 in-

96 2292 353 2336 obedientia
375 2299 460 2346 est,
487 2299 534 2334 vt
557 2293 677 2348 quod
694 2307 785 2335 non
809 2299 877 2337 est
898 2307 954 2336 ex
976 2293 1081 2345 fide,
1101 2300 1341 2349 peccatum
1369 2294 1396 2334 ¹.
1419 2291 1725 2334 Animaduer-

93 2375 200 2421 ⁴tant
215 2383 324 2413 vero
342 2375 555 2421 rectores,
575 2376 624 2411 vt
640 2368 772 2412 vnice
789 2371 1016 2425 pendeant
1033 2385 1058 2413 a
1076 2384 1261 2412 suorum
1274 2368 1557 2424 superiorum
1570 2381 1724 2418 sensu,

101 2451 146 2488 et
168 2444 440 2498 obedientia,
465 2459 614 2500 neque
636 2445 767 2490 facile
788 2446 922 2488 domo
945 2440 1238 2502 egrediantur
1257 2447 1374 2502 (nam
1393 2445 1451 2488 de
1468 2446 1553 2486 hoc
1571 2458 1728 2499 egres-

98 2535 152 2563 su
174 2519 396 2564 dubitatio
418 2529 515 2565 erat
541 2521 787 2578 proposita)
817 2537 1005 2578 eamque
1035 2521 1400 2579 propensionem,
1433 2536 1549 2576 quae
1578 2520 1643 2562 eis
1672 2534 1728 2563 ex

98 2595 322 2650 libertate,
357 2611 446 2652 qua
476 2597 541 2640 vti
573 2605 779 2654 possunt,
811 2598 1038 2655 prouenit,
1073 2606 1330 2655 suspectam
1362 2599 1559 2656 habeant
1593 2603 1729 2650 atque

100 2673 389 2716 mortificent:
415 2675 613 2718 habeant
634 2681 785 2718 autem
808 2689 1073 2731 persuasum
1096 2675 1310 2731 optimam
1335 2689 1433 2718 esse
1464 2687 1619 2717 eorum
1649 2685 1728 2713 oc-

99 2749 404 2805 cupationem,
430 2750 467 2793 si
490 2750 611 2793 domi
634 2751 680 2794 in
703 2752 1002 2807 gubernando
1024 2751 1215 2808 collegio
1237 2766 1336 2795 sese
1359 2756 1600 2806 occupent.

191 2827 356 2869 Rector
388 2842 443 2870 ex
474 2826 622 2870 officio
654 2842 745 2870 non
775 2829 912 2872 habet
945 2828 1202 2871 facultatem
1236 2826 1443 2870 mittendi
1475 2832 1652 2868 nostros
1684 2823 1730 2866 in

172 2970 190 2987 a
238 2960 332 3005 Pag.
353 2959 398 2996 88
416 2972 539 2996 vacua
557 2966 630 2998 est.

173 3065 181 3085 ¹
234 3066 359 3113 Rom„
379 3067 486 3111 XIV,
506 3066 563 3105 23.

275 3129 391 3160 Emsr.
411 3130 451 3160 P.
471 3131 605 3167 NADAL,
625 3138 700 3161 τοΜ,
721 3131 782 3160 IV.
1515 3131 1553 3159 27
