2028 3426
24 63 36 85 -.
21 0 41 52 ..aaz

700 188 1127 225 INSTRUCTIONEs-—61
1610 191 1678 236 487

105 290 349 345 professus,
374 289 667 332 coadiutorue
686 290 902 333 formatus
919 297 1099 333 creatus
1116 289 1264 334 fuerit.
1293 291 1593 346 Posteaquam
1615 307 1724 336 vero

104 365 192 409 iam
215 364 315 421 quis
343 366 592 421 professus,
624 373 701 408 aut
732 365 965 409 coadiutor
997 367 1214 409 formatus
1236 368 1423 409 effectus
1446 368 1595 419 fuerit,
1631 384 1746 415 non.

105 441 340 486 renouabit
361 449 482 494 vota,
510 441 645 485 faciet
663 450 811 486 tamen
829 443 1157 486 confessionem
1176 444 1449 498 generalem,
1475 445 1722 500 reddetque

103 518 320 562 rationem
345 518 650 561 conscientiae
672 534 781 562 suae
802 518 993 575 singulis
1016 519 1144 562 annis
1160 526 1237 561 aut
1259 519 1406 572 citius,
1430 528 1563 575 prout
1588 536 1722 577 supe-

102 596 191 638 rior
212 610 264 638 ea
286 596 342 639 de
365 611 413 639 re
430 595 714 638 iudicauerit.

188 677 271 718 356
295 673 493 714 Examen
516 672 640 723 illud,
666 673 787 727 quod
811 673 879 714 6.0
910 687 1090 728 quoque
1119 687 1274 716 mense
1303 672 1398 716 fieri
1427 674 1555 725 solet,
1592 674 1720 718 aliter

99 763 202 792 curn
235 748 288 791 iis
319 756 569 800 exercetur,
595 748 671 804 qui
700 748 816 791 intra
848 750 962 792 duos
992 764 1135 792 annos
1161 749 1440 806 probationis
1477 757 1599 801 sunt,
1641 759 1718 793 aut

99 825 216 868 votis
238 825 475 869 Societatis
498 824 668 867 astricti
690 839 784 867 non
813 833 933 878 sunt3
966 825 1092 869 aliter
1121 840 1223 868 curn
1253 825 1322 878 iis,
1355 826 1432 880 qui
1462 833 1566 869 vota
1598 827 1718 870 fece-

99 908 219 945 runt.
254 901 404 944 Huius
432 916 541 945 vero
569 901 633 944 rei
661 916 798 944 causa
827 898 939 944 haec
972 909 1056 954 est,
1097 902 1143 944 in
1180 902 1384 946 examine
1421 903 1539 946 enim
1577 904 1717 945 multa

97 984 426 1033 proponuntur,
459 992 574 1032 quae
602 978 854 1029 admittere,
886 986 964 1020 aut
997 979 1179 1022 reiicere
1205 978 1396 1022 liberum
1426 979 1509 1022 erit
1538 979 1607 1031 iis,
1641 980 1718 1034 qui

96 1053 425 1106 examinantur,
451 1061 500 1096 vt
521 1061 628 1097 sunt
649 1054 737 1097 illa.
768 1055 997 1098 «Eruntne
1020 1055 1243 1097 contenti»
1271 1062 1358 1099 etc.
1385 1057 1613 1100 «Eruntne
1634 1071 1716 1112 pa-

97 1130 204 1173 rati»
231 1138 317 1174 etc.
343 1131 410 1172 Illi
438 1146 561 1184 vero,
588 1130 663 1186 qui
691 1131 779 1173 iarn
801 1131 917 1174 votis
939 1131 1108 1194 astricti
1131 1131 1313 1185 fuerint,
1339 1134 1424 1174 hoc
1447 1133 1579 1174 modo
1595 1147 1709 1195 *exa⁴

98 1206 297 1250 minandi
327 1222 416 1250 non
445 1214 566 1252 sunt.
597 1209 701 1251 Non
734 1207 852 1251 enim
890 1207 975 1250 illis
1011 1208 1200 1250 liberum
1237 1215 1327 1260 est,
1369 1210 1453 1251 hoc
1490 1217 1567 1251 aut
1605 1209 1714 1251 illud

95 1283 330 1328 admittere
359 1292 436 1326 aut
464 1283 670 1336 reiicere,
703 1299 805 1327 curn
834 1284 920 1326 iam
951 1284 1039 1326 sint
1069 1284 1237 1327 astricti
1269 1292 1374 1327 voto
1411 1284 1711 1338 obedientiae,

94 1375 185 1416 quo
209 1368 419 1405 tenentur
436 1361 493 1403 ad
514 1361 680 1406 omnia.

183 1439 252 1480 De
273 1437 409 1493 priori
437 1437 720 1480 examinandi
752 1438 924 1482 ratione
953 1437 1021 1480 6.⁰
1052 1452 1231 1493 quoque
1263 1452 1418 1482 mense
1446 1437 1712 1494 intelligitur

94 1514 269 1569 proprie
306 1514 549 1576 declaratio
586 1515 805 1570 quaedam
850 1514 893 1557 in
937 1515 1129 1570 primum
1174 1522 1313 1570 caput
1355 1514 1526 1569 primae
1569 1515 1711 1570 partis

90 1599 259 1643 const.,
285 1590 309 1649 ξ
333 1591 502 1634 vltimo.

179 1668 332 1710 Alium
357 1669 538 1710 modum
561 1664 846 1712 examinandi
870 1669 938 1711 6.0
961 1682 1141 1723 quoque
1164 1682 1318 1712 mense
1336 1667 1630 1723 intelligimus
1654 1683 1709 1711 ex

91 1744 235 1800 primo
258 1751 302 1788 et
324 1745 393 1798 4⁰
416 1744 563 1800 capite
585 1744 817 1796 examinis,
843 1752 887 1788 et
910 1744 1135 1788 constanti
1159 1744 1400 1787 traditione
1428 1752 1473 1788 et
1495 1759 1578 1787 vsu
1602 1745 1709 1788 reti-
1759 1755 1763 1758 ·

90 1835 249 1863 nemus
270 1823 387 1863 hanc
411 1821 629 1865 rationem
643 1821 938 1881 ,examinandi
960 1836 986 1864 a
1009 1823 1144 1864 Patre
1165 1821 1341 1876 Ignatio
1363 1836 1520 1876 Vsque.

176 1896 356 1940 Primus
384 1898 546 1940 modus
574 1897 845 1941 conficiendi
879 1897 1095 1942 examinis
1123 1903 1202 1944 357
1231 1899 1300 1941 6.⁰
1333 1912 1516 1953 quoque
1553 1913 1709 1942 mense

87 1974 172 2018 erit
201 1974 380 2028 quidem
409 1973 463 2026 is,
497 1975 573 2029 qui
605 1973 824 2029 sequitur,
856 1981 1035 2018 seruata
1062 1974 1338 2030 proprietate
1365 1989 1475 2031 erga
1503 1989 1598 2027 eos,
1630 1975 1708 2030 qui

86 2058 192 2094 uota
214 2065 303 2093 non
328 2050 583 2094 habuerint.

85 2181 279 2211 EXAMEN
311 2181 560 2219 COMMUNE‚
596 2181 726 2219 QUOD
758 2181 887 2211 FIERI
923 2181 1075 2212 SOLET
1114 2181 1265 2211 SEXTO
1305 2182 1502 2220 QUOQUE
1546 2182 1705 2212 MENSE

171 2281 221 2322 In
242 2281 328 2322 hoc
351 2280 556 2323 examine
578 2280 634 2322 de
656 2279 742 2322 illis
765 2294 854 2322 non
877 2279 1138 2324 instituetur
1166 2280 1479 2337 interrogatio,
1511 2295 1626 2336 quae
1648 2295 1703 2323 ex

84 2355 391 2412 superioribus
412 2355 694 2400 examinibus
716 2364 943 2412 comperta
966 2363 1011 2398 et
1035 2363 1158 2400 certa
1180 2357 1328 2400 adhuc
1358 2364 1506 2409 erunt;
1539 2358 1619 2401 sed
1647 2358 1704 2399 de

81 2431 150 2474 his
173 2440 363 2483 tantum,
385 2446 500 2487 quae
521 2439 752 2488 praeterea
769 2432 935 2474 debent
952 2432 1144 2488 intelligi
1161 2434 1218 2475 ad
1235 2433 1477 2476 faciliorem
1495 2432 1701 2475 directio-

80 2522 183 2551 nem
205 2510 393 2551 fratrum
410 2508 458 2551 in
472 2508 710 2552 vocatione
727 2523 823 2560 sua,
844 2515 889 2551 et
907 2508 1145 2553 Societatis
1162 2508 1385 2561 instituto,
1407 2510 1463 2551 ad
1486 2508 1699 2553 maiorem

79 2584 167 2629 Dei
189 2585 395 2641 gloriam.
422 2586 666 2641 Propterea
686 2585 805 2628 enim
834 2585 1039 2629 examina
1066 2587 1230 2628 habeat
1258 2593 1450 2641 oportet,
1486 2585 1563 2640 qui
1592 2600 1698 2629 exa—

78 2661 331 2704 minaturus
352 2669 439 2706 est.

167 2738 338 2781 Eodem
360 2751 417 2780 ne
440 2744 560 2781 statu
582 2738 739 2781 viuant
761 2746 985 2794 parentes,
1013 2745 1107 2780 tum
1132 2739 1307 2789 fratres,
1329 2745 1373 2781 et
1391 2752 1583 2791 sorores,
1605 2752 1700 2793 quo

78 2815 230 2856 antea?

165 2891 284 2934 Num
302 2889 348 2932 in
366 2892 521 2935 eadem
539 2890 643 2933 fidei
659 2890 941 2947 integritate?
954 2893 1084 2946 Quae
1101 2889 1395 2946 interrogatio
1413 2904 1503 2945 non
1524 2898 1697 2934 temere

77 2965 378 3018 adhibebitur,
402 2967 488 3010 nisi
510 2967 586 3009 vbi
609 2967 854 3010 necessitas
877 2966 1044 3022 exigat.
