<?xml version="1.0" encoding="UTF-8"?>
<!DOCTYPE html PUBLIC "-//W3C//DTD XHTML 1.0 Transitional//EN"
    "http://www.w3.org/TR/xhtml1/DTD/xhtml1-transitional.dtd">
<html xmlns="http://www.w3.org/1999/xhtml" xml:lang="en" lang="en">
 <head>
  <title>
</title>
<meta http-equiv="Content-Type" content="text/html;charset=utf-8" />
  <meta name='ocr-system' content='tesseract 3.04.00' />
  <meta name='ocr-capabilities' content='ocr_page ocr_carea ocr_par ocr_line ocrx_word'/>
</head>
<body>
  <div class='ocr_page' id='page_1' title='image "./epistolaephieron11nada_0856.png"; bbox 0 0 2028 3426; ppageno 0'>
   <div class='ocr_carea' id='block_1_1' title="bbox 341 210 1309 250">
    <p class='ocr_par' dir='ltr' id='par_1_1' title="bbox 341 210 1309 250">
     <span class='ocr_line' id='line_1_1' title="bbox 341 210 1309 250; baseline 0.003 -4"><span class='ocrx_word' id='word_1_1' title='bbox 341 210 411 246; x_wconf 81' lang='lat'><strong>830</strong></span> <span class='ocrx_word' id='word_1_2' title='bbox 919 213 1058 248; x_wconf 72' lang='lat' dir='ltr'><strong>prsr.</strong></span> <span class='ocrx_word' id='word_1_3' title='bbox 1088 213 1130 248; x_wconf 90' lang='lat' dir='ltr'><strong>P.</strong></span> <span class='ocrx_word' id='word_1_4' title='bbox 1159 212 1309 250; x_wconf 75' lang='lat' dir='ltr'>NADAL</span> 
     </span>
    </p>
   </div>
   <div class='ocr_carea' id='block_1_2' title="bbox 275 312 1931 2833">
    <p class='ocr_par' dir='ltr' id='par_1_2' title="bbox 292 312 1931 664">
     <span class='ocr_line' id='line_1_2' title="bbox 382 312 1930 371; baseline 0.003 -15"><span class='ocrx_word' id='word_1_5' title='bbox 382 312 599 368; x_wconf 81' lang='lat' dir='ltr'>Sequitur</span> <span class='ocrx_word' id='word_1_6' title='bbox 620 327 676 356; x_wconf 86' lang='lat' dir='ltr'><strong>ex</strong></span> <span class='ocrx_word' id='word_1_7' title='bbox 708 312 778 355; x_wconf 90' lang='lat' dir='ltr'><strong>his</strong></span> <span class='ocrx_word' id='word_1_8' title='bbox 810 327 968 356; x_wconf 90' lang='lat' dir='ltr'><strong>verum</strong></span> <span class='ocrx_word' id='word_1_9' title='bbox 1001 327 1101 357; x_wconf 91' lang='lat' dir='ltr'><strong>esse</strong></span> <span class='ocrx_word' id='word_1_10' title='bbox 1128 314 1136 371; x_wconf 82' lang='lat'>1</span> <span class='ocrx_word' id='word_1_11' title='bbox 1163 315 1285 369; x_wconf 89' lang='lat' dir='ltr'><strong>quod</strong></span> <span class='ocrx_word' id='word_1_12' title='bbox 1316 314 1510 360; x_wconf 84' lang='lat' dir='ltr'>dicimus</span> <span class='ocrx_word' id='word_1_13' title='bbox 1542 316 1588 359; x_wconf 89' lang='lat' dir='ltr'><strong>in</strong></span> <span class='ocrx_word' id='word_1_14' title='bbox 1621 316 1930 370; x_wconf 82' lang='lat' dir='ltr'>conclusione,</span> 
     </span>
     <span class='ocr_line' id='line_1_3' title="bbox 294 389 1930 446; baseline 0.002 -12"><span class='ocrx_word' id='word_1_15' title='bbox 294 390 415 446; x_wconf 90' lang='lat' dir='ltr'><strong>quod</strong></span> <span class='ocrx_word' id='word_1_16' title='bbox 453 389 764 433; x_wconf 83' lang='lat' dir='ltr'><strong>indifferenter</strong></span> <span class='ocrx_word' id='word_1_17' title='bbox 802 390 1023 434; x_wconf 90' lang='lat' dir='ltr'><strong>debemus</strong></span> <span class='ocrx_word' id='word_1_18' title='bbox 1066 405 1149 434; x_wconf 91' lang='lat' dir='ltr'><strong>nos</strong></span> <span class='ocrx_word' id='word_1_19' title='bbox 1187 392 1356 436; x_wconf 85' lang='lat' dir='ltr'><strong>habere</strong></span> <span class='ocrx_word' id='word_1_20' title='bbox 1393 392 1450 436; x_wconf 89' lang='lat' dir='ltr'><strong>ad</strong></span> <span class='ocrx_word' id='word_1_21' title='bbox 1479 407 1675 437; x_wconf 89' lang='lat' dir='ltr'><strong>amorem</strong></span> <span class='ocrx_word' id='word_1_22' title='bbox 1701 401 1930 437; x_wconf 86' lang='lat' dir='ltr'><strong>creatura-</strong></span> 
     </span>
     <span class='ocr_line' id='line_1_4' title="bbox 296 465 1930 527; baseline 0.004 -19"><span class='ocrx_word' id='word_1_23' title='bbox 296 481 392 509; x_wconf 85' lang='lat' dir='ltr'><strong>rum</strong></span> <span class='ocrx_word' id='word_1_24' title='bbox 423 473 643 522; x_wconf 89' lang='lat' dir='ltr'><strong>quantum</strong></span> <span class='ocrx_word' id='word_1_25' title='bbox 676 466 780 510; x_wconf 90' lang='lat' dir='ltr'><strong>licet</strong></span> <span class='ocrx_word' id='word_1_26' title='bbox 803 474 940 522; x_wconf 88' lang='lat' dir='ltr'><strong>atque</strong></span> <span class='ocrx_word' id='word_1_27' title='bbox 969 467 1104 511; x_wconf 90' lang='lat' dir='ltr'><strong>etiam</strong></span> <span class='ocrx_word' id='word_1_28' title='bbox 1135 467 1180 510; x_wconf 89' lang='lat' dir='ltr'><strong>in</strong></span> <span class='ocrx_word' id='word_1_29' title='bbox 1215 468 1453 522; x_wconf 85' lang='lat' dir='ltr'><strong>electione,</strong></span> <span class='ocrx_word' id='word_1_30' title='bbox 1484 469 1569 512; x_wconf 89' lang='lat' dir='ltr'><strong>nisi</strong></span> <span class='ocrx_word' id='word_1_31' title='bbox 1598 485 1654 514; x_wconf 84' lang='lat' dir='ltr'><strong>ex</strong></span> <span class='ocrx_word' id='word_1_32' title='bbox 1682 465 1930 527; x_wconf 86' lang='lat' dir='ltr'><strong>principiis,</strong></span> 
     </span>
     <span class='ocr_line' id='line_1_5' title="bbox 294 543 1931 601; baseline 0.003 -15"><span class='ocrx_word' id='word_1_33' title='bbox 294 558 411 599; x_wconf 90' lang='lat' dir='ltr'><strong>quae</strong></span> <span class='ocrx_word' id='word_1_34' title='bbox 431 543 767 600; x_wconf 84' lang='lat' dir='ltr'><strong>proposuimus,</strong></span> <span class='ocrx_word' id='word_1_35' title='bbox 794 543 982 596; x_wconf 89' lang='lat' dir='ltr'><strong>scilicet,</strong></span> <span class='ocrx_word' id='word_1_36' title='bbox 1004 545 1060 587; x_wconf 92' lang='lat' dir='ltr'><strong>ad</strong></span> <span class='ocrx_word' id='word_1_37' title='bbox 1083 545 1231 588; x_wconf 91' lang='lat' dir='ltr'><strong>Deum</strong></span> <span class='ocrx_word' id='word_1_38' title='bbox 1256 553 1301 589; x_wconf 94' lang='lat' dir='ltr'><strong>et</strong></span> <span class='ocrx_word' id='word_1_39' title='bbox 1323 553 1544 601; x_wconf 84' lang='lat' dir='ltr'><strong>quantum</strong></span> <span class='ocrx_word' id='word_1_40' title='bbox 1568 547 1624 589; x_wconf 92' lang='lat' dir='ltr'><strong>ad</strong></span> <span class='ocrx_word' id='word_1_41' title='bbox 1647 547 1772 589; x_wconf 93' lang='lat' dir='ltr'><strong>illum</strong></span> <span class='ocrx_word' id='word_1_42' title='bbox 1796 548 1931 591; x_wconf 87' lang='lat' dir='ltr'><strong>finem</strong></span> 
     </span>
     <span class='ocr_line' id='line_1_6' title="bbox 292 620 467 664; baseline 0.011 -2"><span class='ocrx_word' id='word_1_43' title='bbox 292 620 467 664; x_wconf 83' lang='lat' dir='ltr'><strong>iuuant.</strong></span> 
     </span>
    </p>

    <p class='ocr_par' dir='ltr' id='par_1_3' title="bbox 282 698 1931 1758">
     <span class='ocr_line' id='line_1_7' title="bbox 382 698 1931 756; baseline 0.003 -16"><span class='ocrx_word' id='word_1_44' title='bbox 382 699 606 741; x_wconf 82' lang='lat' dir='ltr'><strong>Probatur</strong></span> <span class='ocrx_word' id='word_1_45' title='bbox 639 699 708 743; x_wconf 88' lang='lat'><strong>2.⁰</strong></span> <span class='ocrx_word' id='word_1_46' title='bbox 741 714 796 742; x_wconf 87' lang='lat' dir='ltr'><strong>ex</strong></span> <span class='ocrx_word' id='word_1_47' title='bbox 828 698 926 742; x_wconf 88' lang='lat' dir='ltr'><strong>aliis</strong></span> <span class='ocrx_word' id='word_1_48' title='bbox 958 699 1070 742; x_wconf 89' lang='lat' dir='ltr'><strong>locis</strong></span> <span class='ocrx_word' id='word_1_49' title='bbox 1102 699 1307 756; x_wconf 88' lang='lat' dir='ltr'><strong>plurimis</strong></span> <span class='ocrx_word' id='word_1_50' title='bbox 1339 713 1567 744; x_wconf 84' lang='lat' dir='ltr'><strong>sacrarum</strong></span> <span class='ocrx_word' id='word_1_51' title='bbox 1601 699 1848 752; x_wconf 88' lang='lat' dir='ltr'><strong>literarum,</strong></span> <span class='ocrx_word' id='word_1_52' title='bbox 1885 701 1931 744; x_wconf 93' lang='lat' dir='ltr'><strong>in</strong></span> 
     </span>
     <span class='ocr_line' id='line_1_8' title="bbox 292 775 1931 831; baseline 0.002 -14"><span class='ocrx_word' id='word_1_53' title='bbox 292 775 457 830; x_wconf 87' lang='lat' dir='ltr'><strong>quibus</strong></span> <span class='ocrx_word' id='word_1_54' title='bbox 479 783 635 818; x_wconf 88' lang='lat' dir='ltr'><strong>oratur</strong></span> <span class='ocrx_word' id='word_1_55' title='bbox 658 777 801 827; x_wconf 84' lang='lat' dir='ltr'><strong>Deus,</strong></span> <span class='ocrx_word' id='word_1_56' title='bbox 828 782 877 818; x_wconf 88' lang='lat' dir='ltr'><strong>vt</strong></span> <span class='ocrx_word' id='word_1_57' title='bbox 907 775 1024 819; x_wconf 89' lang='lat' dir='ltr'><strong>viam</strong></span> <span class='ocrx_word' id='word_1_58' title='bbox 1048 791 1177 819; x_wconf 91' lang='lat' dir='ltr'><strong>suam</strong></span> <span class='ocrx_word' id='word_1_59' title='bbox 1207 777 1504 821; x_wconf 86' lang='lat' dir='ltr'><strong>demonstret.</strong></span> <span class='ocrx_word' id='word_1_60' title='bbox 1536 777 1673 821; x_wconf 85' lang='lat' dir='ltr'><strong>«Vias</strong></span> <span class='ocrx_word' id='word_1_61' title='bbox 1696 784 1812 831; x_wconf 87' lang='lat' dir='ltr'><strong>tuas,</strong></span> <span class='ocrx_word' id='word_1_62' title='bbox 1838 780 1931 821; x_wconf 92' lang='lat' dir='ltr'><strong>Do-</strong></span> 
     </span>
     <span class='ocr_line' id='line_1_9' title="bbox 290 851 1931 904; baseline 0.002 -10"><span class='ocrx_word' id='word_1_63' title='bbox 290 852 427 904; x_wconf 90' lang='lat' dir='ltr'><strong>mine,</strong></span> <span class='ocrx_word' id='word_1_64' title='bbox 460 853 721 896; x_wconf 86' lang='lat' dir='ltr'><strong>demonstra</strong></span> <span class='ocrx_word' id='word_1_65' title='bbox 752 851 864 894; x_wconf 88' lang='lat' dir='ltr'><strong>mihi</strong></span> <span class='ocrx_word' id='word_1_66' title='bbox 887 859 933 896; x_wconf 91' lang='lat' dir='ltr'><strong>et</strong></span> <span class='ocrx_word' id='word_1_67' title='bbox 955 853 1140 896; x_wconf 79' lang='lat' dir='ltr'><strong>semitas</strong></span> <span class='ocrx_word' id='word_1_68' title='bbox 1164 860 1265 897; x_wconf 89' lang='lat' dir='ltr'><strong>tuas</strong></span> <span class='ocrx_word' id='word_1_69' title='bbox 1288 854 1428 898; x_wconf 83' lang='lat' dir='ltr'><strong>edoce</strong></span> <span class='ocrx_word' id='word_1_70' title='bbox 1457 868 1529 897; x_wconf 90' lang='lat' dir='ltr'><strong>me</strong></span> <span class='ocrx_word' id='word_1_71' title='bbox 1562 856 1621 899; x_wconf 85' lang='lat'><strong>¹.»</strong></span> <span class='ocrx_word' id='word_1_72' title='bbox 1651 856 1837 900; x_wconf 86' lang='lat' dir='ltr'><strong>«Deduc</strong></span> <span class='ocrx_word' id='word_1_73' title='bbox 1861 870 1931 899; x_wconf 91' lang='lat' dir='ltr'><strong>me</strong></span> 
     </span>
     <span class='ocr_line' id='line_1_10' title="bbox 292 929 1931 986; baseline 0.001 -13"><span class='ocrx_word' id='word_1_74' title='bbox 292 930 485 974; x_wconf 90' lang='lat' dir='ltr'><strong>Domine</strong></span> <span class='ocrx_word' id='word_1_75' title='bbox 508 930 554 972; x_wconf 89' lang='lat' dir='ltr'><strong>in</strong></span> <span class='ocrx_word' id='word_1_76' title='bbox 577 930 650 972; x_wconf 87' lang='lat' dir='ltr'><strong>via</strong></span> <span class='ocrx_word' id='word_1_77' title='bbox 674 937 752 973; x_wconf 87' lang='lat' dir='ltr'><strong>tua</strong></span> <span class='ocrx_word' id='word_1_78' title='bbox 774 936 821 972; x_wconf 92' lang='lat' dir='ltr'><strong>et</strong></span> <span class='ocrx_word' id='word_1_79' title='bbox 851 929 1083 986; x_wconf 80' lang='lat' dir='ltr'><strong>ingrediar</strong></span> <span class='ocrx_word' id='word_1_80' title='bbox 1112 930 1157 974; x_wconf 93' lang='lat' dir='ltr'><strong>in</strong></span> <span class='ocrx_word' id='word_1_81' title='bbox 1187 930 1379 975; x_wconf 87' lang='lat' dir='ltr'><strong>veritate</strong></span> <span class='ocrx_word' id='word_1_82' title='bbox 1409 938 1486 974; x_wconf 89' lang='lat' dir='ltr'><strong>tua</strong></span> <span class='ocrx_word' id='word_1_83' title='bbox 1514 932 1576 984; x_wconf 76' lang='lat'><strong>²»,</strong></span> <span class='ocrx_word' id='word_1_84' title='bbox 1609 939 1717 983; x_wconf 89' lang='lat' dir='ltr'><strong>etc.,</strong></span> <span class='ocrx_word' id='word_1_85' title='bbox 1750 939 1795 976; x_wconf 88' lang='lat' dir='ltr'><strong>et</strong></span> <span class='ocrx_word' id='word_1_86' title='bbox 1827 932 1931 976; x_wconf 91' lang='lat' dir='ltr'><strong>alibi</strong></span> 
     </span>
     <span class='ocr_line' id='line_1_11' title="bbox 290 1006 1931 1066; baseline 0.002 -17"><span class='ocrx_word' id='word_1_87' title='bbox 290 1022 440 1063; x_wconf 88' lang='lat' dir='ltr'><strong>saepe,</strong></span> <span class='ocrx_word' id='word_1_88' title='bbox 472 1006 547 1049; x_wconf 84' lang='lat' dir='ltr'><strong>vbi</strong></span> <span class='ocrx_word' id='word_1_89' title='bbox 577 1022 759 1049; x_wconf 86' lang='lat' dir='ltr'><strong>oramus</strong></span> <span class='ocrx_word' id='word_1_90' title='bbox 791 1007 849 1051; x_wconf 88' lang='grc' dir='ltr'><strong>Ι7Ι</strong></span> <span class='ocrx_word' id='word_1_91' title='bbox 881 1008 937 1049; x_wconf 94' lang='lat' dir='ltr'><strong>ad</strong></span> <span class='ocrx_word' id='word_1_92' title='bbox 966 1008 1058 1050; x_wconf 90' lang='lat' dir='ltr'><strong>duo</strong></span> <span class='ocrx_word' id='word_1_93' title='bbox 1077 1015 1360 1063; x_wconf 66' lang='lat' dir='ltr'><strong>spectantes:</strong></span> <span class='ocrx_word' id='word_1_94' title='bbox 1387 1007 1599 1064; x_wconf 86' lang='lat' dir='ltr'><strong>primum,</strong></span> <span class='ocrx_word' id='word_1_95' title='bbox 1632 1016 1679 1050; x_wconf 90' lang='lat' dir='ltr'><strong>vt</strong></span> <span class='ocrx_word' id='word_1_96' title='bbox 1702 1009 1746 1051; x_wconf 90' lang='lat' dir='ltr'><strong>in</strong></span> <span class='ocrx_word' id='word_1_97' title='bbox 1771 1009 1931 1066; x_wconf 88' lang='lat' dir='ltr'><strong>spiritu</strong></span> 
     </span>
     <span class='ocr_line' id='line_1_12' title="bbox 287 1083 1925 1140; baseline 0.002 -15"><span class='ocrx_word' id='word_1_98' title='bbox 287 1083 418 1126; x_wconf 87' lang='lat' dir='ltr'><strong>nobis</strong></span> <span class='ocrx_word' id='word_1_99' title='bbox 441 1092 770 1127; x_wconf 88' lang='lat' dir='ltr'><strong>commonstret</strong></span> <span class='ocrx_word' id='word_1_100' title='bbox 794 1084 910 1126; x_wconf 84' lang='lat' dir='ltr'><strong>viam</strong></span> <span class='ocrx_word' id='word_1_101' title='bbox 937 1086 1079 1136; x_wconf 80' lang='lat' dir='ltr'><strong>Deus,</strong></span> <span class='ocrx_word' id='word_1_102' title='bbox 1106 1098 1186 1140; x_wconf 89' lang='lat' dir='ltr'><strong>per</strong></span> <span class='ocrx_word' id='word_1_103' title='bbox 1208 1099 1343 1140; x_wconf 86' lang='lat' dir='ltr'><strong>quam</strong></span> <span class='ocrx_word' id='word_1_104' title='bbox 1367 1084 1485 1127; x_wconf 89' lang='lat' dir='ltr'><strong>viam</strong></span> <span class='ocrx_word' id='word_1_105' title='bbox 1517 1086 1572 1127; x_wconf 91' lang='lat' dir='ltr'><strong>ad</strong></span> <span class='ocrx_word' id='word_1_106' title='bbox 1597 1099 1645 1128; x_wconf 89' lang='lat' dir='ltr'><strong>se</strong></span> <span class='ocrx_word' id='word_1_107' title='bbox 1675 1086 1925 1129; x_wconf 90' lang='lat' dir='ltr'><strong>veniamus.</strong></span> 
     </span>
     <span class='ocr_line' id='line_1_13' title="bbox 289 1161 1922 1219; baseline 0.001 -15"><span class='ocrx_word' id='word_1_108' title='bbox 289 1163 353 1204; x_wconf 84' lang='lat' dir='ltr'><strong>Ea</strong></span> <span class='ocrx_word' id='word_1_109' title='bbox 375 1176 484 1204; x_wconf 87' lang='lat' dir='ltr'><strong>vero</strong></span> <span class='ocrx_word' id='word_1_110' title='bbox 522 1170 539 1186; x_wconf 64' lang='lat' dir='ltr'>a</span> <span class='ocrx_word' id='word_1_111' title='bbox 577 1169 645 1206; x_wconf 91' lang='lat' dir='ltr'><strong>est</strong></span> <span class='ocrx_word' id='word_1_112' title='bbox 684 1162 1002 1204; x_wconf 84' lang='lat' dir='ltr'><strong>mandatorum</strong></span> <span class='ocrx_word' id='word_1_113' title='bbox 1041 1161 1128 1214; x_wconf 86' lang='lat' dir='ltr'><strong>via,</strong></span> <span class='ocrx_word' id='word_1_114' title='bbox 1170 1163 1226 1205; x_wconf 92' lang='lat' dir='ltr'><strong>ad</strong></span> <span class='ocrx_word' id='word_1_115' title='bbox 1265 1177 1381 1218; x_wconf 84' lang='lat' dir='ltr'><strong>quae</strong></span> <span class='ocrx_word' id='word_1_116' title='bbox 1418 1162 1605 1205; x_wconf 90' lang='lat' dir='ltr'><strong>consilia</strong></span> <span class='ocrx_word' id='word_1_117' title='bbox 1643 1163 1922 1219; x_wconf 85' lang='lat' dir='ltr'><strong>diriguntur.</strong></span> 
     </span>
     <span class='ocr_line' id='line_1_14' title="bbox 288 1238 1926 1295; baseline 0.002 -14"><span class='ocrx_word' id='word_1_118' title='bbox 288 1240 357 1281; x_wconf 81' lang='lat'><strong>2.⁰</strong></span> <span class='ocrx_word' id='word_1_119' title='bbox 380 1239 576 1295; x_wconf 89' lang='lat' dir='ltr'><strong>petimus</strong></span> <span class='ocrx_word' id='word_1_120' title='bbox 600 1239 719 1282; x_wconf 82' lang='lat' dir='ltr'><strong>viam</strong></span> <span class='ocrx_word' id='word_1_121' title='bbox 750 1238 870 1282; x_wconf 87' lang='lat' dir='ltr'><strong>illam</strong></span> <span class='ocrx_word' id='word_1_122' title='bbox 901 1240 1031 1282; x_wconf 89' lang='lat' dir='ltr'><strong>nobis</strong></span> <span class='ocrx_word' id='word_1_123' title='bbox 1062 1247 1109 1282; x_wconf 92' lang='lat' dir='ltr'><strong>vt</strong></span> <span class='ocrx_word' id='word_1_124' title='bbox 1137 1241 1336 1284; x_wconf 81' lang='lat' dir='ltr'><strong>declaret</strong></span> <span class='ocrx_word' id='word_1_125' title='bbox 1365 1240 1746 1284; x_wconf 88' lang='lat' dir='ltr'><strong>clementissimus</strong></span> <span class='ocrx_word' id='word_1_126' title='bbox 1776 1242 1926 1294; x_wconf 87' lang='lat' dir='ltr'><strong>Pater,</strong></span> 
     </span>
     <span class='ocr_line' id='line_1_15' title="bbox 287 1316 1925 1373; baseline 0.001 -14"><span class='ocrx_word' id='word_1_127' title='bbox 287 1324 423 1371; x_wconf 84' lang='lat' dir='ltr'><strong>atque</strong></span> <span class='ocrx_word' id='word_1_128' title='bbox 455 1316 646 1371; x_wconf 87' lang='lat' dir='ltr'><strong>inspiret</strong></span> <span class='ocrx_word' id='word_1_129' title='bbox 676 1317 1058 1371; x_wconf 86' lang='lat' dir='ltr'><strong>quemadmodum</strong></span> <span class='ocrx_word' id='word_1_130' title='bbox 1083 1316 1345 1361; x_wconf 85' lang='lat' dir='ltr'><strong>extricanda</strong></span> <span class='ocrx_word' id='word_1_131' title='bbox 1369 1317 1427 1359; x_wconf 92' lang='lat' dir='ltr'><strong>sit</strong></span> <span class='ocrx_word' id='word_1_132' title='bbox 1449 1325 1494 1360; x_wconf 90' lang='lat' dir='ltr'><strong>et</strong></span> <span class='ocrx_word' id='word_1_133' title='bbox 1518 1333 1542 1360; x_wconf 89' lang='lat' dir='ltr'><strong>a</strong></span> <span class='ocrx_word' id='word_1_134' title='bbox 1566 1318 1678 1370; x_wconf 87' lang='lat' dir='ltr'><strong>luto,</strong></span> <span class='ocrx_word' id='word_1_135' title='bbox 1705 1317 1925 1373; x_wconf 87' lang='lat' dir='ltr'><strong>sentibus,</strong></span> 
     </span>
     <span class='ocr_line' id='line_1_16' title="bbox 287 1393 1928 1450; baseline 0.002 -15"><span class='ocrx_word' id='word_1_136' title='bbox 287 1394 553 1443; x_wconf 82' lang='lat' dir='ltr'><strong>latronibus,</strong></span> <span class='ocrx_word' id='word_1_137' title='bbox 581 1393 769 1448; x_wconf 84' lang='lat' dir='ltr'><strong>aliisque</strong></span> <span class='ocrx_word' id='word_1_138' title='bbox 793 1393 1129 1449; x_wconf 88' lang='lat' dir='ltr'><strong>impedimentis</strong></span> <span class='ocrx_word' id='word_1_139' title='bbox 1151 1394 1405 1450; x_wconf 84' lang='lat' dir='ltr'><strong>purganda,</strong></span> <span class='ocrx_word' id='word_1_140' title='bbox 1432 1401 1479 1436; x_wconf 88' lang='lat' dir='ltr'><strong>vt</strong></span> <span class='ocrx_word' id='word_1_141' title='bbox 1510 1394 1682 1437; x_wconf 88' lang='lat' dir='ltr'><strong>facilior</strong></span> <span class='ocrx_word' id='word_1_142' title='bbox 1711 1395 1768 1436; x_wconf 84' lang='lat' dir='ltr'><strong>sit</strong></span> <span class='ocrx_word' id='word_1_143' title='bbox 1797 1395 1928 1438; x_wconf 91' lang='lat' dir='ltr'><strong>nobis</strong></span> 
     </span>
     <span class='ocr_line' id='line_1_17' title="bbox 284 1470 1927 1528; baseline 0.001 -15"><span class='ocrx_word' id='word_1_144' title='bbox 284 1486 362 1527; x_wconf 88' lang='lat' dir='ltr'><strong>per</strong></span> <span class='ocrx_word' id='word_1_145' title='bbox 391 1486 488 1515; x_wconf 90' lang='lat' dir='ltr'><strong>eam</strong></span> <span class='ocrx_word' id='word_1_146' title='bbox 519 1471 737 1514; x_wconf 85' lang='lat' dir='ltr'><strong>incessus.</strong></span> <span class='ocrx_word' id='word_1_147' title='bbox 771 1471 863 1514; x_wconf 88' lang='lat' dir='ltr'><strong>Sed</strong></span> <span class='ocrx_word' id='word_1_148' title='bbox 897 1471 1152 1514; x_wconf 87' lang='lat' dir='ltr'><strong>luculenter</strong></span> <span class='ocrx_word' id='word_1_149' title='bbox 1184 1470 1381 1514; x_wconf 86' lang='lat' dir='ltr'><strong>ostendit</strong></span> <span class='ocrx_word' id='word_1_150' title='bbox 1409 1470 1416 1528; x_wconf 74' lang='grc' dir='ltr'>Ι</span> <span class='ocrx_word' id='word_1_151' title='bbox 1444 1470 1566 1514; x_wconf 84' lang='lat' dir='ltr'><strong>illam</strong></span> <span class='ocrx_word' id='word_1_152' title='bbox 1589 1471 1724 1523; x_wconf 88' lang='lat' dir='ltr'><strong>viam,</strong></span> <span class='ocrx_word' id='word_1_153' title='bbox 1760 1487 1851 1515; x_wconf 90' lang='lat' dir='ltr'><strong>non</strong></span> <span class='ocrx_word' id='word_1_154' title='bbox 1882 1472 1927 1515; x_wconf 91' lang='lat' dir='ltr'><strong>in</strong></span> 
     </span>
     <span class='ocr_line' id='line_1_18' title="bbox 285 1547 1926 1604; baseline 0 -13"><span class='ocrx_word' id='word_1_155' title='bbox 285 1548 503 1591; x_wconf 84' lang='lat' dir='ltr'><strong>creaturis</strong></span> <span class='ocrx_word' id='word_1_156' title='bbox 527 1548 651 1604; x_wconf 86' lang='lat' dir='ltr'><strong>ipsis,</strong></span> <span class='ocrx_word' id='word_1_157' title='bbox 679 1549 758 1591; x_wconf 92' lang='lat' dir='ltr'><strong>sed</strong></span> <span class='ocrx_word' id='word_1_158' title='bbox 782 1547 826 1589; x_wconf 90' lang='lat' dir='ltr'><strong>in</strong></span> <span class='ocrx_word' id='word_1_159' title='bbox 849 1549 949 1591; x_wconf 91' lang='lat' dir='ltr'><strong>Deo</strong></span> <span class='ocrx_word' id='word_1_160' title='bbox 972 1547 1355 1603; x_wconf 83' lang='lat' dir='ltr'><strong>inuestigandam:</strong></span> <span class='ocrx_word' id='word_1_161' title='bbox 1385 1555 1525 1600; x_wconf 88' lang='lat' dir='ltr'><strong>tuam,</strong></span> <span class='ocrx_word' id='word_1_162' title='bbox 1551 1547 1712 1603; x_wconf 84' lang='lat' dir='ltr'><strong>inquit,</strong></span> <span class='ocrx_word' id='word_1_163' title='bbox 1740 1548 1856 1592; x_wconf 90' lang='lat' dir='ltr'><strong>viam</strong></span> <span class='ocrx_word' id='word_1_164' title='bbox 1881 1548 1926 1591; x_wconf 91' lang='lat' dir='ltr'><strong>in</strong></span> 
     </span>
     <span class='ocr_line' id='line_1_19' title="bbox 282 1624 1924 1681; baseline 0.001 -14"><span class='ocrx_word' id='word_1_165' title='bbox 282 1634 341 1677; x_wconf 89' lang='lat' dir='ltr'><strong>te,</strong></span> <span class='ocrx_word' id='word_1_166' title='bbox 367 1640 422 1668; x_wconf 87' lang='lat' dir='ltr'><strong>ex</strong></span> <span class='ocrx_word' id='word_1_167' title='bbox 446 1633 504 1678; x_wconf 88' lang='lat' dir='ltr'><strong>te,</strong></span> <span class='ocrx_word' id='word_1_168' title='bbox 532 1640 609 1681; x_wconf 91' lang='lat' dir='ltr'><strong>per</strong></span> <span class='ocrx_word' id='word_1_169' title='bbox 633 1633 692 1677; x_wconf 84' lang='lat' dir='ltr'><strong>te;</strong></span> <span class='ocrx_word' id='word_1_170' title='bbox 719 1625 763 1667; x_wconf 90' lang='lat' dir='ltr'><strong>in</strong></span> <span class='ocrx_word' id='word_1_171' title='bbox 789 1632 866 1667; x_wconf 90' lang='lat' dir='ltr'><strong>tuo</strong></span> <span class='ocrx_word' id='word_1_172' title='bbox 897 1625 1016 1667; x_wconf 85' lang='lat' dir='ltr'><strong>enim</strong></span> <span class='ocrx_word' id='word_1_173' title='bbox 1046 1624 1231 1676; x_wconf 91' lang='lat' dir='ltr'><strong>lumine,</strong></span> <span class='ocrx_word' id='word_1_174' title='bbox 1267 1632 1314 1668; x_wconf 90' lang='lat' dir='ltr'><strong>vt</strong></span> <span class='ocrx_word' id='word_1_175' title='bbox 1347 1625 1552 1668; x_wconf 87' lang='lat' dir='ltr'><strong>videmus</strong></span> <span class='ocrx_word' id='word_1_176' title='bbox 1581 1633 1829 1678; x_wconf 89' lang='lat' dir='ltr'><strong>creaturas,</strong></span> <span class='ocrx_word' id='word_1_177' title='bbox 1864 1626 1924 1669; x_wconf 88' lang='lat' dir='ltr'><strong>ita</strong></span> 
     </span>
     <span class='ocr_line' id='line_1_20' title="bbox 282 1702 1162 1758; baseline 0.002 -14"><span class='ocrx_word' id='word_1_178' title='bbox 282 1703 325 1745; x_wconf 90' lang='lat' dir='ltr'><strong>in</strong></span> <span class='ocrx_word' id='word_1_179' title='bbox 350 1711 393 1747; x_wconf 88' lang='lat' dir='ltr'><strong>te</strong></span> <span class='ocrx_word' id='word_1_180' title='bbox 416 1703 513 1745; x_wconf 89' lang='lat' dir='ltr'><strong>illas</strong></span> <span class='ocrx_word' id='word_1_181' title='bbox 537 1717 742 1747; x_wconf 88' lang='lat' dir='ltr'><strong>amemus</strong></span> <span class='ocrx_word' id='word_1_182' title='bbox 765 1710 902 1757; x_wconf 89' lang='lat' dir='ltr'><strong>atque</strong></span> <span class='ocrx_word' id='word_1_183' title='bbox 925 1702 1162 1758; x_wconf 81' lang='lat' dir='ltr'><strong>eligamus.</strong></span> 
     </span>
    </p>

    <p class='ocr_par' dir='ltr' id='par_1_4' title="bbox 275 1778 1923 2833">
     <span class='ocr_line' id='line_1_21' title="bbox 371 1778 1922 1835; baseline -0.001 -12"><span class='ocrx_word' id='word_1_184' title='bbox 371 1780 438 1834; x_wconf 85' lang='lat'><strong>3.⁰</strong></span> <span class='ocrx_word' id='word_1_185' title='bbox 463 1781 703 1832; x_wconf 81' lang='lat' dir='ltr'><strong>Probatur3</strong></span> <span class='ocrx_word' id='word_1_186' title='bbox 730 1794 833 1822; x_wconf 90' lang='lat' dir='ltr'><strong>nam</strong></span> <span class='ocrx_word' id='word_1_187' title='bbox 858 1793 948 1834; x_wconf 93' lang='lat' dir='ltr'><strong>quo</strong></span> <span class='ocrx_word' id='word_1_188' title='bbox 971 1786 1103 1835; x_wconf 89' lang='lat' dir='ltr'><strong>pacto</strong></span> <span class='ocrx_word' id='word_1_189' title='bbox 1120 1778 1431 1823; x_wconf 90' lang='lat' dir='ltr'><strong>desideramus</strong></span> <span class='ocrx_word' id='word_1_190' title='bbox 1450 1793 1532 1822; x_wconf 91' lang='lat' dir='ltr'><strong>nos</strong></span> <span class='ocrx_word' id='word_1_191' title='bbox 1550 1779 1804 1835; x_wconf 85' lang='lat' dir='ltr'><strong>superiores</strong></span> <span class='ocrx_word' id='word_1_192' title='bbox 1823 1794 1922 1823; x_wconf 89' lang='lat' dir='ltr'><strong>esse</strong></span> 
     </span>
     <span class='ocr_line' id='line_1_22' title="bbox 281 1855 1923 1912; baseline -0.001 -12"><span class='ocrx_word' id='word_1_193' title='bbox 281 1859 336 1900; x_wconf 88' lang='lat' dir='ltr'><strong>ad</strong></span> <span class='ocrx_word' id='word_1_194' title='bbox 360 1857 682 1909; x_wconf 84' lang='lat' dir='ltr'><strong>inordinatum,</strong></span> <span class='ocrx_word' id='word_1_195' title='bbox 709 1858 780 1899; x_wconf 88' lang='lat' dir='ltr'><strong>vel</strong></span> <span class='ocrx_word' id='word_1_196' title='bbox 802 1856 1007 1908; x_wconf 86' lang='lat' dir='ltr'><strong>nimium,</strong></span> <span class='ocrx_word' id='word_1_197' title='bbox 1033 1857 1105 1899; x_wconf 91' lang='lat' dir='ltr'><strong>vel</strong></span> <span class='ocrx_word' id='word_1_198' title='bbox 1128 1855 1263 1898; x_wconf 84' lang='lat' dir='ltr'><strong>etiam</strong></span> <span class='ocrx_word' id='word_1_199' title='bbox 1282 1855 1596 1912; x_wconf 84' lang='lat' dir='ltr'><strong>imperfectum</strong></span> <span class='ocrx_word' id='word_1_200' title='bbox 1615 1871 1746 1899; x_wconf 84' lang='lat' dir='ltr'><strong>Vsum</strong></span> <span class='ocrx_word' id='word_1_201' title='bbox 1765 1857 1837 1900; x_wconf 91' lang='lat' dir='ltr'><strong>vel</strong></span> <span class='ocrx_word' id='word_1_202' title='bbox 1855 1857 1923 1900; x_wconf 94' lang='lat' dir='ltr'><strong>af-</strong></span> 
     </span>
     <span class='ocr_line' id='line_1_23' title="bbox 282 1931 1922 1988; baseline 0 -12"><span class='ocrx_word' id='word_1_203' title='bbox 282 1936 447 1977; x_wconf 85' lang='lat' dir='ltr'><strong>fectum</strong></span> <span class='ocrx_word' id='word_1_204' title='bbox 474 1942 799 1985; x_wconf 82' lang='lat' dir='ltr'><strong>creaturarum,</strong></span> <span class='ocrx_word' id='word_1_205' title='bbox 826 1933 889 1975; x_wconf 91' lang='lat' dir='ltr'><strong>ita</strong></span> <span class='ocrx_word' id='word_1_206' title='bbox 906 1948 988 1975; x_wconf 90' lang='lat' dir='ltr'><strong>nos</strong></span> <span class='ocrx_word' id='word_1_207' title='bbox 1006 1933 1140 1976; x_wconf 90' lang='lat' dir='ltr'><strong>docet</strong></span> <span class='ocrx_word' id='word_1_208' title='bbox 1158 1933 1304 1988; x_wconf 91' lang='lat' dir='ltr'><strong>Xpus.</strong></span> <span class='ocrx_word' id='word_1_209' title='bbox 1330 1931 1576 1985; x_wconf 81' lang='lat' dir='ltr'><strong>«Primum,</strong></span> <span class='ocrx_word' id='word_1_210' title='bbox 1599 1933 1763 1988; x_wconf 89' lang='lat' dir='ltr'><strong>inquit,</strong></span> <span class='ocrx_word' id='word_1_211' title='bbox 1784 1947 1922 1988; x_wconf 87' lang='lat' dir='ltr'><strong>quae-</strong></span> 
     </span>
     <span class='ocr_line' id='line_1_24' title="bbox 280 2009 1923 2068; baseline 0 -15"><span class='ocrx_word' id='word_1_212' title='bbox 280 2012 362 2054; x_wconf 89' lang='lat' dir='ltr'><strong>rite</strong></span> <span class='ocrx_word' id='word_1_213' title='bbox 386 2026 578 2068; x_wconf 82' lang='lat' dir='ltr'><strong>regnum</strong></span> <span class='ocrx_word' id='word_1_214' title='bbox 602 2011 687 2054; x_wconf 93' lang='lat' dir='ltr'><strong>Dei</strong></span> <span class='ocrx_word' id='word_1_215' title='bbox 711 2018 755 2055; x_wconf 92' lang='lat' dir='ltr'><strong>et</strong></span> <span class='ocrx_word' id='word_1_216' title='bbox 779 2010 995 2053; x_wconf 89' lang='lat' dir='ltr'><strong>iustitiam</strong></span> <span class='ocrx_word' id='word_1_217' title='bbox 1020 2009 1133 2063; x_wconf 85' lang='lat' dir='ltr'><strong>eius;</strong></span> <span class='ocrx_word' id='word_1_218' title='bbox 1160 2017 1204 2053; x_wconf 91' lang='lat' dir='ltr'><strong>et</strong></span> <span class='ocrx_word' id='word_1_219' title='bbox 1227 2011 1338 2052; x_wconf 91' lang='lat' dir='ltr'><strong>haec</strong></span> <span class='ocrx_word' id='word_1_220' title='bbox 1367 2009 1517 2053; x_wconf 86' lang='lat' dir='ltr'><strong>omnia</strong></span> <span class='ocrx_word' id='word_1_221' title='bbox 1547 2010 1817 2053; x_wconf 87' lang='lat' dir='ltr'><strong>adiicientur</strong></span> <span class='ocrx_word' id='word_1_222' title='bbox 1845 2025 1923 2053; x_wconf 89' lang='lat' dir='ltr'><strong>vo-</strong></span> 
     </span>
     <span class='ocr_line' id='line_1_25' title="bbox 279 2086 1921 2143; baseline -0.001 -12"><span class='ocrx_word' id='word_1_223' title='bbox 279 2089 349 2131; x_wconf 89' lang='lat' dir='ltr'><strong>bis</strong></span> <span class='ocrx_word' id='word_1_224' title='bbox 378 2090 438 2133; x_wconf 67' lang='lat'><strong>3.»</strong></span> <span class='ocrx_word' id='word_1_225' title='bbox 472 2090 574 2131; x_wconf 91' lang='lat' dir='ltr'><strong>Hoc</strong></span> <span class='ocrx_word' id='word_1_226' title='bbox 597 2089 713 2131; x_wconf 91' lang='lat' dir='ltr'><strong>idem</strong></span> <span class='ocrx_word' id='word_1_227' title='bbox 743 2087 966 2143; x_wconf 86' lang='lat' dir='ltr'><strong>expressi-t</strong></span> <span class='ocrx_word' id='word_1_228' title='bbox 994 2086 1040 2129; x_wconf 91' lang='lat' dir='ltr'><strong>in</strong></span> <span class='ocrx_word' id='word_1_229' title='bbox 1071 2087 1274 2130; x_wconf 88' lang='lat' dir='ltr'><strong>oratione</strong></span> <span class='ocrx_word' id='word_1_230' title='bbox 1302 2086 1544 2140; x_wconf 90' lang='lat' dir='ltr'><strong>dominica,</strong></span> <span class='ocrx_word' id='word_1_231' title='bbox 1573 2086 1644 2131; x_wconf 87' lang='grc'><strong>172</strong></span> <span class='ocrx_word' id='word_1_232' title='bbox 1668 2086 1742 2129; x_wconf 88' lang='lat' dir='ltr'><strong>vbi</strong></span> <span class='ocrx_word' id='word_1_233' title='bbox 1768 2087 1921 2131; x_wconf 91' lang='lat' dir='ltr'><strong>omnia</strong></span> 
     </span>
     <span class='ocr_line' id='line_1_26' title="bbox 279 2162 1917 2220; baseline -0.001 -12"><span class='ocrx_word' id='word_1_234' title='bbox 279 2167 536 2210; x_wconf 90' lang='lat' dir='ltr'><strong>referuntur</strong></span> <span class='ocrx_word' id='word_1_235' title='bbox 559 2167 616 2207; x_wconf 89' lang='lat' dir='ltr'><strong>ad</strong></span> <span class='ocrx_word' id='word_1_236' title='bbox 639 2165 775 2207; x_wconf 88' lang='lat' dir='ltr'><strong>finem</strong></span> <span class='ocrx_word' id='word_1_237' title='bbox 800 2178 1081 2220; x_wconf 92' lang='lat' dir='ltr'><strong>supremum,</strong></span> <span class='ocrx_word' id='word_1_238' title='bbox 1107 2171 1156 2205; x_wconf 92' lang='lat' dir='ltr'><strong>vt</strong></span> <span class='ocrx_word' id='word_1_239' title='bbox 1179 2162 1351 2207; x_wconf 90' lang='lat' dir='ltr'><strong>scilicet</strong></span> <span class='ocrx_word' id='word_1_240' title='bbox 1374 2178 1537 2206; x_wconf 87' lang='lat' dir='ltr'><strong>nomen</strong></span> <span class='ocrx_word' id='word_1_241' title='bbox 1561 2163 1743 2206; x_wconf 88' lang='lat' dir='ltr'><strong>Domini</strong></span> <span class='ocrx_word' id='word_1_242' title='bbox 1773 2163 1917 2206; x_wconf 86' lang='lat' dir='ltr'><strong>santi-</strong></span> 
     </span>
     <span class='ocr_line' id='line_1_27' title="bbox 278 2240 1918 2296; baseline -0.001 -12"><span class='ocrx_word' id='word_1_243' title='bbox 278 2243 438 2286; x_wconf 84' lang='lat' dir='ltr'><strong>ficetur</strong></span> <span class='ocrx_word' id='word_1_244' title='bbox 468 2250 512 2284; x_wconf 93' lang='lat' dir='ltr'><strong>et</strong></span> <span class='ocrx_word' id='word_1_245' title='bbox 550 2249 598 2284; x_wconf 90' lang='lat' dir='ltr'><strong>vt</strong></span> <span class='ocrx_word' id='word_1_246' title='bbox 631 2249 777 2289; x_wconf 88' lang='lat' dir='ltr'><strong>totum</strong></span> <span class='ocrx_word' id='word_1_247' title='bbox 813 2241 1159 2283; x_wconf 86' lang='lat' dir='ltr'><strong>fundamentum</strong></span> <span class='ocrx_word' id='word_1_248' title='bbox 1195 2247 1450 2283; x_wconf 87' lang='lat' dir='ltr'><strong>nostrorum</strong></span> <span class='ocrx_word' id='word_1_249' title='bbox 1484 2240 1801 2283; x_wconf 83' lang='lat' dir='ltr'><strong>exercitiorum</strong></span> <span class='ocrx_word' id='word_1_250' title='bbox 1839 2256 1918 2296; x_wconf 88' lang='lat' dir='ltr'><strong>per</strong></span> 
     </span>
     <span class='ocr_line' id='line_1_28' title="bbox 277 2317 1919 2372; baseline -0.001 -10"><span class='ocrx_word' id='word_1_251' title='bbox 277 2321 523 2363; x_wconf 90' lang='lat' dir='ltr'><strong>orationem</strong></span> <span class='ocrx_word' id='word_1_252' title='bbox 548 2318 820 2361; x_wconf 85' lang='lat' dir='ltr'><strong>dominicam</strong></span> <span class='ocrx_word' id='word_1_253' title='bbox 846 2318 1184 2370; x_wconf 88' lang='lat' dir='ltr'><strong>confirmemus,</strong></span> <span class='ocrx_word' id='word_1_254' title='bbox 1205 2317 1326 2372; x_wconf 89' lang='lat' dir='ltr'><strong>quod</strong></span> <span class='ocrx_word' id='word_1_255' title='bbox 1350 2332 1431 2359; x_wconf 90' lang='lat' dir='ltr'><strong>nos</strong></span> <span class='ocrx_word' id='word_1_256' title='bbox 1449 2317 1640 2360; x_wconf 86' lang='lat' dir='ltr'><strong>dicimus</strong></span> <span class='ocrx_word' id='word_1_257' title='bbox 1660 2318 1795 2360; x_wconf 87' lang='lat' dir='ltr'><strong>finem</strong></span> <span class='ocrx_word' id='word_1_258' title='bbox 1820 2332 1919 2361; x_wconf 90' lang='lat' dir='ltr'><strong>esse</strong></span> 
     </span>
     <span class='ocr_line' id='line_1_29' title="bbox 277 2393 1915 2448; baseline -0.001 -9"><span class='ocrx_word' id='word_1_259' title='bbox 277 2397 470 2439; x_wconf 90' lang='lat' dir='ltr'><strong>hominis</strong></span> <span class='ocrx_word' id='word_1_260' title='bbox 494 2404 542 2438; x_wconf 90' lang='lat' dir='ltr'><strong>vt</strong></span> <span class='ocrx_word' id='word_1_261' title='bbox 571 2399 720 2440; x_wconf 91' lang='lat' dir='ltr'><strong>Deum</strong></span> <span class='ocrx_word' id='word_1_262' title='bbox 750 2397 904 2439; x_wconf 87' lang='lat' dir='ltr'><strong>laudet</strong></span> <span class='ocrx_word' id='word_1_263' title='bbox 932 2402 977 2437; x_wconf 90' lang='lat' dir='ltr'><strong>et</strong></span> <span class='ocrx_word' id='word_1_264' title='bbox 1006 2401 1284 2445; x_wconf 86' lang='lat' dir='ltr'><strong>reuereatur,</strong></span> <span class='ocrx_word' id='word_1_265' title='bbox 1312 2393 1356 2436; x_wconf 86' lang='lat' dir='ltr'><strong>id</strong></span> <span class='ocrx_word' id='word_1_266' title='bbox 1385 2401 1454 2438; x_wconf 87' lang='lat' dir='ltr'><strong>est</strong></span> <span class='ocrx_word' id='word_1_267' title='bbox 1484 2395 1604 2448; x_wconf 87' lang='lat' dir='ltr'><strong>quod</strong></span> <span class='ocrx_word' id='word_1_268' title='bbox 1634 2394 1677 2436; x_wconf 87' lang='lat' dir='ltr'><strong>in</strong></span> <span class='ocrx_word' id='word_1_269' title='bbox 1711 2394 1915 2438; x_wconf 90' lang='lat' dir='ltr'><strong>oratione</strong></span> 
     </span>
     <span class='ocr_line' id='line_1_30' title="bbox 276 2470 1916 2529; baseline -0.001 -14"><span class='ocrx_word' id='word_1_270' title='bbox 276 2474 483 2516; x_wconf 88' lang='lat' dir='ltr'><strong>iubemur</strong></span> <span class='ocrx_word' id='word_1_271' title='bbox 507 2482 676 2529; x_wconf 89' lang='lat' dir='ltr'><strong>petere,</strong></span> <span class='ocrx_word' id='word_1_272' title='bbox 697 2480 746 2515; x_wconf 87' lang='lat' dir='ltr'><strong>vt</strong></span> <span class='ocrx_word' id='word_1_273' title='bbox 770 2471 1080 2515; x_wconf 87' lang='lat' dir='ltr'><strong>sanctificetur</strong></span> <span class='ocrx_word' id='word_1_274' title='bbox 1104 2485 1266 2514; x_wconf 92' lang='lat' dir='ltr'><strong>nomen</strong></span> <span class='ocrx_word' id='word_1_275' title='bbox 1292 2470 1392 2522; x_wconf 89' lang='lat' dir='ltr'><strong>Dei;</strong></span> <span class='ocrx_word' id='word_1_276' title='bbox 1419 2471 1496 2525; x_wconf 88' lang='lat' dir='ltr'><strong>qui</strong></span> <span class='ocrx_word' id='word_1_277' title='bbox 1520 2479 1647 2513; x_wconf 85' lang='lat' dir='ltr'><strong>actus</strong></span> <span class='ocrx_word' id='word_1_278' title='bbox 1671 2478 1740 2514; x_wconf 85' lang='lat' dir='ltr'><strong>est</strong></span> <span class='ocrx_word' id='word_1_279' title='bbox 1766 2471 1916 2513; x_wconf 88' lang='lat' dir='ltr'><strong>chari-</strong></span> 
     </span>
     <span class='ocr_line' id='line_1_31' title="bbox 277 2547 1912 2605; baseline -0.003 -13"><span class='ocrx_word' id='word_1_280' title='bbox 277 2551 380 2593; x_wconf 89' lang='lat' dir='ltr'><strong>tatis</strong></span> <span class='ocrx_word' id='word_1_281' title='bbox 402 2551 448 2592; x_wconf 90' lang='lat' dir='ltr'><strong>in</strong></span> <span class='ocrx_word' id='word_1_282' title='bbox 471 2553 633 2594; x_wconf 90' lang='lat' dir='ltr'><strong>Deum.</strong></span> <span class='ocrx_word' id='word_1_283' title='bbox 659 2550 797 2605; x_wconf 78' lang='lat' dir='ltr'><strong>Quod</strong></span> <span class='ocrx_word' id='word_1_284' title='bbox 828 2548 896 2592; x_wconf 87' lang='lat'><strong>2.⁰</strong></span> <span class='ocrx_word' id='word_1_285' title='bbox 926 2549 1025 2591; x_wconf 93' lang='lat' dir='ltr'><strong>loco</strong></span> <span class='ocrx_word' id='word_1_286' title='bbox 1054 2547 1220 2590; x_wconf 90' lang='lat' dir='ltr'><strong>dicitur</strong></span> <span class='ocrx_word' id='word_1_287' title='bbox 1246 2547 1484 2590; x_wconf 82' lang='lat' dir='ltr'><strong>«adueniat</strong></span> <span class='ocrx_word' id='word_1_288' title='bbox 1513 2562 1706 2603; x_wconf 83' lang='lat' dir='ltr'><strong>regnum</strong></span> <span class='ocrx_word' id='word_1_289' title='bbox 1738 2554 1912 2599; x_wconf 85' lang='lat' dir='ltr'><strong>tuum»,</strong></span> 
     </span>
     <span class='ocr_line' id='line_1_32' title="bbox 276 2623 1917 2683; baseline -0.001 -15"><span class='ocrx_word' id='word_1_290' title='bbox 276 2629 362 2669; x_wconf 86' lang='lat' dir='ltr'><strong>hoc</strong></span> <span class='ocrx_word' id='word_1_291' title='bbox 387 2642 467 2670; x_wconf 90' lang='lat' dir='ltr'><strong>nos</strong></span> <span class='ocrx_word' id='word_1_292' title='bbox 490 2627 768 2683; x_wconf 85' lang='lat' dir='ltr'><strong>explicamus</strong></span> <span class='ocrx_word' id='word_1_293' title='bbox 792 2628 878 2668; x_wconf 94' lang='lat' dir='ltr'><strong>hoc</strong></span> <span class='ocrx_word' id='word_1_294' title='bbox 903 2626 1051 2668; x_wconf 90' lang='lat' dir='ltr'><strong>modo:</strong></span> <span class='ocrx_word' id='word_1_295' title='bbox 1083 2624 1240 2679; x_wconf 89' lang='lat' dir='ltr'><strong>«eique</strong></span> <span class='ocrx_word' id='word_1_296' title='bbox 1262 2624 1483 2675; x_wconf 79' lang='lat' dir='ltr'><strong>seruiens,</strong></span> <span class='ocrx_word' id='word_1_297' title='bbox 1510 2625 1664 2666; x_wconf 86' lang='lat' dir='ltr'><strong>saluus</strong></span> <span class='ocrx_word' id='word_1_298' title='bbox 1688 2625 1811 2676; x_wconf 83' lang='lat' dir='ltr'><strong>fiat»;</strong></span> <span class='ocrx_word' id='word_1_299' title='bbox 1839 2623 1917 2679; x_wconf 89' lang='lat' dir='ltr'><strong>qui</strong></span> 
     </span>
     <span class='ocr_line' id='line_1_33' title="bbox 276 2700 1914 2761; baseline -0.002 -15"><span class='ocrx_word' id='word_1_300' title='bbox 276 2713 344 2746; x_wconf 85' lang='lat' dir='ltr'><strong>est</strong></span> <span class='ocrx_word' id='word_1_301' title='bbox 367 2704 461 2760; x_wconf 90' lang='lat' dir='ltr'><strong>spei</strong></span> <span class='ocrx_word' id='word_1_302' title='bbox 480 2713 624 2746; x_wconf 85' lang='lat' dir='ltr'><strong>actus.</strong></span> <span class='ocrx_word' id='word_1_303' title='bbox 646 2706 747 2761; x_wconf 88' lang='lat' dir='ltr'><strong>Jam</strong></span> <span class='ocrx_word' id='word_1_304' title='bbox 767 2703 889 2759; x_wconf 90' lang='lat' dir='ltr'><strong>quod</strong></span> <span class='ocrx_word' id='word_1_305' title='bbox 914 2702 981 2757; x_wconf 83' lang='lat'><strong>3.⁰</strong></span> <span class='ocrx_word' id='word_1_306' title='bbox 1005 2702 1106 2744; x_wconf 91' lang='lat' dir='ltr'><strong>loco</strong></span> <span class='ocrx_word' id='word_1_307' title='bbox 1129 2700 1324 2757; x_wconf 91' lang='lat' dir='ltr'><strong>petimus</strong></span> <span class='ocrx_word' id='word_1_308' title='bbox 1352 2700 1359 2758; x_wconf 85' lang='grc' dir='ltr'>Ι</span> <span class='ocrx_word' id='word_1_309' title='bbox 1387 2707 1435 2742; x_wconf 90' lang='lat' dir='ltr'><strong>vt</strong></span> <span class='ocrx_word' id='word_1_310' title='bbox 1456 2701 1691 2744; x_wconf 78' lang='lat' dir='ltr'><strong>«voluntas</strong></span> <span class='ocrx_word' id='word_1_311' title='bbox 1714 2701 1799 2744; x_wconf 94' lang='lat' dir='ltr'><strong>Dei</strong></span> <span class='ocrx_word' id='word_1_312' title='bbox 1819 2701 1914 2753; x_wconf 87' lang='lat' dir='ltr'><strong>fiat,</strong></span> 
     </span>
     <span class='ocr_line' id='line_1_34' title="bbox 275 2777 1915 2833; baseline -0.001 -12"><span class='ocrx_word' id='word_1_313' title='bbox 275 2780 391 2822; x_wconf 91' lang='lat' dir='ltr'><strong>sicut</strong></span> <span class='ocrx_word' id='word_1_314' title='bbox 414 2781 458 2822; x_wconf 90' lang='lat' dir='ltr'><strong>in</strong></span> <span class='ocrx_word' id='word_1_315' title='bbox 483 2781 609 2824; x_wconf 90' lang='lat' dir='ltr'><strong>coelo</strong></span> <span class='ocrx_word' id='word_1_316' title='bbox 632 2787 677 2824; x_wconf 92' lang='lat' dir='ltr'><strong>et</strong></span> <span class='ocrx_word' id='word_1_317' title='bbox 700 2780 745 2822; x_wconf 90' lang='lat' dir='ltr'><strong>in</strong></span> <span class='ocrx_word' id='word_1_318' title='bbox 772 2787 935 2831; x_wconf 83' lang='lat' dir='ltr'><strong>terra»,</strong></span> <span class='ocrx_word' id='word_1_319' title='bbox 963 2778 1007 2820; x_wconf 91' lang='lat' dir='ltr'><strong>id</strong></span> <span class='ocrx_word' id='word_1_320' title='bbox 1031 2792 1114 2820; x_wconf 90' lang='lat' dir='ltr'><strong>nos</strong></span> <span class='ocrx_word' id='word_1_321' title='bbox 1137 2784 1292 2833; x_wconf 89' lang='lat' dir='ltr'><strong>aperte</strong></span> <span class='ocrx_word' id='word_1_322' title='bbox 1314 2777 1530 2821; x_wconf 89' lang='lat' dir='ltr'><strong>docemus</strong></span> <span class='ocrx_word' id='word_1_323' title='bbox 1553 2784 1600 2818; x_wconf 84' lang='lat' dir='ltr'><strong>vt</strong></span> <span class='ocrx_word' id='word_1_324' title='bbox 1625 2777 1668 2819; x_wconf 90' lang='lat' dir='ltr'><strong>in</strong></span> <span class='ocrx_word' id='word_1_325' title='bbox 1694 2777 1841 2830; x_wconf 89' lang='lat' dir='ltr'><strong>nobis,</strong></span> <span class='ocrx_word' id='word_1_326' title='bbox 1871 2777 1915 2820; x_wconf 89' lang='lat' dir='ltr'><strong>in</strong></span> 
     </span>
    </p>
   </div>
   <div class='ocr_carea' id='block_1_3' title="bbox 275 2873 515 2880">
    <p class='ocr_par' dir='ltr' id='par_1_5' title="bbox 275 2873 515 2880">
     <span class='ocr_line' id='line_1_35' title="bbox 275 2873 515 2880; baseline 0 0"><span class='ocrx_word' id='word_1_327' title='bbox 275 2873 515 2880; x_wconf 95' lang='lat' dir='ltr'><strong> </strong></span> 
     </span>
    </p>
   </div>
   <div class='ocr_carea' id='block_1_4' title="bbox 344 2914 1155 2951">
    <p class='ocr_par' dir='ltr' id='par_1_6' title="bbox 344 2914 1155 2951">
     <span class='ocr_line' id='line_1_36' title="bbox 344 2914 1155 2951; baseline -0.005 1"><span class='ocrx_word' id='word_1_328' title='bbox 344 2929 358 2943; x_wconf 69' lang='lat'><strong>³²</strong></span> <span class='ocrx_word' id='word_1_329' title='bbox 410 2917 518 2951; x_wconf 87' lang='lat' dir='ltr'><strong>Haec</strong></span> <span class='ocrx_word' id='word_1_330' title='bbox 537 2925 558 2951; x_wconf 89' lang='lat'><strong>2</strong></span> <span class='ocrx_word' id='word_1_331' title='bbox 579 2917 699 2951; x_wconf 87' lang='lat' dir='ltr'><strong>verba</strong></span> <span class='ocrx_word' id='word_1_332' title='bbox 719 2914 800 2950; x_wconf 83' lang='lat' dir='ltr'><strong>fere</strong></span> <span class='ocrx_word' id='word_1_333' title='bbox 821 2914 1031 2949; x_wconf 86' lang='lat' dir='ltr'><strong>obliterata</strong></span> <span class='ocrx_word' id='word_1_334' title='bbox 1049 2918 1155 2948; x_wconf 89' lang='lat' dir='ltr'><strong>sunt.</strong></span> 
     </span>
    </p>
   </div>
   <div class='ocr_carea' id='block_1_5' title="bbox 345 3024 1906 3072">
    <p class='ocr_par' dir='ltr' id='par_1_7' title="bbox 345 3024 1906 3072">
     <span class='ocr_line' id='line_1_37' title="bbox 345 3024 1906 3072; baseline -0.001 -10"><span class='ocrx_word' id='word_1_335' title='bbox 345 3028 352 3047; x_wconf 96' lang='lat'>¹</span> <span class='ocrx_word' id='word_1_336' title='bbox 408 3028 474 3062; x_wconf 86' lang='lat' dir='ltr'><strong>Ps.</strong></span> <span class='ocrx_word' id='word_1_337' title='bbox 499 3028 644 3072; x_wconf 78' lang='lat' dir='ltr'><strong>XXIV,</strong></span> <span class='ocrx_word' id='word_1_338' title='bbox 664 3038 698 3071; x_wconf 81' lang='lat'><strong>4.</strong></span> <span class='ocrx_word' id='word_1_339' title='bbox 870 3030 883 3046; x_wconf 67' lang='lat'><strong>²</strong></span> <span class='ocrx_word' id='word_1_340' title='bbox 936 3026 1004 3063; x_wconf 90' lang='lat' dir='ltr'><strong>Ps.</strong></span> <span class='ocrx_word' id='word_1_341' title='bbox 1024 3024 1220 3068; x_wconf 90' lang='lat' dir='ltr'><strong>LXXXV,</strong></span> <span class='ocrx_word' id='word_1_342' title='bbox 1245 3032 1302 3059; x_wconf 91' lang='lat'><strong>11.</strong></span> <span class='ocrx_word' id='word_1_343' title='bbox 1480 3025 1493 3042; x_wconf 90' lang='grc'><strong>·“·</strong></span> <span class='ocrx_word' id='word_1_344' title='bbox 1547 3025 1733 3071; x_wconf 79' lang='grc' dir='ltr'>ΜΑττΗ.,</span> <span class='ocrx_word' id='word_1_345' title='bbox 1758 3025 1825 3071; x_wconf 88' lang='lat' dir='ltr'><strong>VI,</strong></span> <span class='ocrx_word' id='word_1_346' title='bbox 1845 3024 1906 3061; x_wconf 89' lang='lat'><strong>33.</strong></span> 
     </span>
    </p>
   </div>
  </div>
 </body>
</html>
