2028 3426
571 237 890 272 MEDITATIONES
915 244 957 271 1N
984 244 1312 279 EVANGELlA--71
1640 243 1708 280 727

129 341 172 383 la
195 341 325 396 quale
348 321 552 395 supplico
575 352 600 380 a
624 338 682 382 V.
708 339 803 379 Β.“Ε
826 337 856 377 11
881 337 932 378 P.
958 335 1183 391 Gregorio
1219 335 1263 377 di
1297 336 1505 378 Valentia
1532 338 1560 388 ¹,
1593 337 1753 378 lettore

129 417 174 460 di
198 416 394 472 teologia
415 415 460 457 in
484 413 777 470 Ingolstadio,
803 413 923 456 doue
946 413 970 454 6
995 411 1232 454 utilissimo
1256 418 1300 454 et
1319 412 1637 464 accettissimo,
1658 413 1753 455 cioe

128 493 231 537 delli
253 492 354 537 suoi
376 492 514 548 padre
535 497 581 533 et
603 491 756 533 madre
779 489 953 539 uecchi,
979 503 1064 531 con
1095 488 1258 542 cinque
1290 488 1492 542 figliuole
1520 489 1667 533 citelle
1696 491 1752 532 da

128 570 302 622 marito,
328 576 373 613 et
396 584 485 612 una
507 569 728 619 maritata,
755 567 824 609 col
848 565 1008 608 marito
1032 566 1078 607 in
1101 566 1211 607 letto
1241 565 1316 620 gia
1346 565 1487 620 lungo
1518 572 1667 620 tempo
1691 567 1749 618 fa,

128 655 174 692 et
196 662 285 690 una
308 661 390 689 sua
412 645 631 702 figliuola,
659 651 776 687 tutte
798 657 989 698 persone
1012 644 1218 694 honeste,
1244 648 1289 684 et
1318 642 1405 684 che
1437 656 1462 683 a
1492 642 1628 697 tempi
1651 657 1754 697 pas-

127 724 213 767 sati
242 726 479 767 haueuano
508 723 564 764 da
599 721 753 764 uiuere
785 722 1175 771 honoratamente,
1217 726 1260 762 et
1299 718 1458 760 adesso
1497 718 1661 762 ridotte
1699 720 1753 761 ad

128 808 321 844 estrema
344 799 554 855 0006113,
579 799 664 842 3113
688 797 821 852 quale
842 796 948 852 egli,
975 796 1165 838 essendo
1190 795 1306 836 nella
1328 793 1561 850 religione,
1593 802 1637 837 et
1660 795 1752 838 0051

127 879 243 920 bene
266 883 503 932 occupato,
536 890 629 918 non
657 877 748 930 0110
777 873 1039 925 subuenire,
1070 879 1114 914 et
1152 886 1232 927 per
1268 871 1298 912 il
1337 871 1410 914 cui
1442 871 1627 913 rimedio
1664 872 1754 927 egli

127 955 234 1011 pero
255 953 459 1009 supplico
482 953 567 995 3113
590 952 681 995 S.‘²²
707 951 763 993 V.
789 951 831 994 31
856 957 1006 1004 tempo
1027 949 1143 992 della
1166 947 1519 1003 congregatione
1542 948 1753 1003 generale

127 1046 206 1087 per
244 1031 425 1086 quando
463 1029 500 1073 si
537 1028 806 1071 offerirebbe
843 1027 1034 1081 qualche
1072 1025 1330 1076 occasione,
1362 1025 1493 1078 quale
1526 1025 1684 1067 adesso
1716 1024 1752 1066 si

129 1114 420 1164 rappresenta
441 1121 466 1149 3
489 1107 548 1151 V.
574 1107 669 1148 Rue
953 1105 956 1110 ’
1132 1098 1135 1101 ’

213 1184 272 1227 Di
301 1184 378 1240 piu
407 1198 455 1226 se
488 1182 518 1224 li
547 1187 837 1238 rappresenta
865 1182 942 1222 un'
975 1180 1086 1222 altra
1119 1192 1255 1233 opera
1288 1178 1539 1230 utilissima,
1565 1177 1609 1219 di
1638 1192 1749 1233 gran

124 1261 357 1305 diuotione
384 1266 429 1303 et
457 1258 725 1310 eruditione,
758 1263 993 1313 composta
1029 1256 1101 1298 (131
1138 1258 1187 1298 Ρ.
1229 1254 1474 1298 Geronimo
1513 1254 1674 1297 Natale
1706 1254 1750 1295 di

124 1340 249 1382 detta
271 1336 556 1392 Compagnia
578 1342 750 1378 mentre
773 1334 909 1385 uisse,
936 1333 1032 1375 cioe
1050 1332 1094 1374 di
1112 1331 1392 1375 annotationi
1410 1338 1453 1374 et
1472 1330 1750 1373 meditationi

123 1430 258 1471 sopra
284 1413 388 1456 tutti
411 1413 474 1469 gli
500 1412 728 1468 euangelii
749 1412 852 1454 dell'
878 1424 1011 1461 anno,
1039 1410 1169 1464 quale
1186 1408 1276 1464 egli
1295 1408 1391 1450 fece
1410 1423 1487 1463 per
1505 1408 1627 1449 aiuto
1645 1407 1748 1450 delli

122 1491 352 1534 schuolari
374 1490 419 1532 di
441 1504 541 1533 essa
570 1487 869 1544 Compagnia,
902 1485 1026 1529 accio
1055 1500 1141 1528 con
1170 1486 1244 1541 piu
1276 1486 1415 1527 frutto
1444 1483 1674 1539 spirituale
1702 1491 1747 1526 et

125 1581 285 1610 manco
307 1565 542 1622 dispendio
564 1565 609 1607 di
633 1572 782 1620 tempo
799 1565 1045 1607 hauessero
1061 1562 1247 1605 materia
1269 1568 1520 1617 preparata,
1541 1575 1631 1603 non
1652 1560 1747 1602 solo

124 1645 181 1686 da
205 1643 420 1687 meditare
442 1649 562 1684 tutto
586 1643 614 1683 l'
647 1655 783 1694 anno,
815 1655 887 1682 ma
915 1653 1081 1681 ancora
1108 1639 1166 1680 da
1194 1645 1322 1693 poter
1352 1637 1596 1693 predicare.
1635 1638 1745 1680 Sara

121 1722 151 1762 il
176 1722 357 1764 uolume
380 1720 436 1762 da
458 1732 545 1773 400
567 1726 690 1762 carte
712 1717 896 1769 incirca,
917 1717 1050 1771 quale
1066 1717 1277 1758 hauendo
1297 1715 1412 1757 uisto
1430 1713 1578 1756 alcuni
1596 1714 1766 1757 dotto-.

122 1798 157 1840 ri
181 1797 225 1839 di
248 1811 351 1840 6553
379 1795 678 1852 Compagnia,
718 1793 746 1836 l'
775 1796 927 1836 hanno
963 1794 1101 1836 molto
1138 1793 1305 1853 lodatO,
1348 1791 1446 1834 anzi
1485 1790 1745 1833 admiratosi

119 1875 192 1916 del
229 1873 386 1929 spirito
422 1872 467 1914 di
504 1871 734 1914 diuotione
772 1872 856 1914 che
894 1870 978 1913 Dio
1018 1871 1075 1912 N.
1112 1870 1196 1912 Sfe
1229 1867 1512 1910 communico
1547 1868 1588 1908 al
1621 1867 1747 1908 detto

121 1953 172 1994 P.
199 1950 376 2002 Natale3
403 1965 428 1993 e
449 1948 794 2004 especialmente
817 1947 980 1989 dicono
1003 1961 1094 1989 non
1124 1948 1267 1989 hauer
1295 1946 1406 1988 letto
1436 1958 1540 1986 cosa
1570 1943 1645 1998 piu
1678 1942 1746 1984 di-

120 2033 227 2070 uota
249 2041 379 2082 sopra
402 2026 443 2068 la
464 2024 673 2081 passione
701 2024 773 2066 del
803 2024 1054 2074 Saluatore,
1081 2021 1151 2064 ch’
1174 2024 1198 2064 6
1227 2021 1354 2076 quasi
1387 2022 1428 2062 13
1462 2027 1582 2062 terza
1620 2026 1746 2074 parte

117 2104 221 2146 dell’
247 2118 397 2159 opera,
424 2109 469 2146 et
492 2103 578 2145 che
599 2101 788 2144 sarebbe
810 2101 948 2142 molto
977 2099 1086 2141 utile
1119 2106 1164 2143 et
1192 2097 1494 2141 conueniente
1524 2111 1603 2152 per
1636 2094 1745 2151 ogni

116 2187 237 2224 sorte
259 2180 303 2222 di
325 2193 532 2235 persone,
558 2191 669 2233 pure
692 2179 778 2219 che
800 2176 1000 2219 habbino
1023 2177 1065 2218 la
1087 2175 1244 2231 lingua
1266 2174 1421 2227 latina,
1458 2188 1529 2215 ma
1559 2172 1746 2228 special-

116 2263 268 2300 mente
289 2270 368 2311 per
391 2254 581 2297 studiosi
603 2253 912 2304 ecclesiastici,
939 2247 1115 2307 et'pero
1143 2251 1402 2294 douerebbe
1431 2248 1683 2304 stamparsi.
1711 2248 1745 2289 Il

116 2336 199 2377 che
221 2332 295 2389 gia
320 2332 356 2375 si
375 2332 565 2376 sarebbe
584 2331 711 2382 fatto,
732 2344 780 2372 se
798 2330 911 2372 altro
930 2344 1019 2385 non
1039 2328 1304 2384 bisognasse
1323 2329 1406 2370 che
1423 2328 1465 2368 la
1483 2340 1610 2381 spesa
1628 2324 1746 2366 della

112 2457 209 2491 opus
232 2456 345 2479 suurn
370 2444 410 2478 in
436 2442 655 2478 Flandriam
680 2452 748 2487 pro
777 2441 861 2486 ejus
892 2440 1064 2475 editione
1095 2451 1163 2486 per
1188 2440 1230 2475 P.
1266 2438 1475 2473 Martinum
1505 2435 1744 2471 Florentium

114 2503 341 2547 transmisit;
361 2502 430 2537 sed
448 2501 614 2548 publicis
638 2499 842 2535 Flandriae
866 2498 1224 2546 perturbationibus
1249 2498 1486 2542 compulsus,
1512 2506 1607 2540 opus
1635 2504 1745 2528 revo-

114 2562 231 2606 cavit3
245 2568 284 2597 et
298 2561 410 2597 novis
425 2560 527 2596 curis
543 2559 806 2604 emendatum,
823 2569 955 2592 secum
970 2558 1131 2592 Romam
1148 2557 1278 2591 attulit
1293 2554 1424 2598 (Ibid.,
1435 2565 1550 2599 pagg.
1562 2551 1644 2596 723,
1660 2560 1744 2596 724,

113 2621 198 2667 730,
217 2620 302 2667 739,
320 2621 418 2665 751).
438 2621 600 2655 Romam
626 2618 804 2662 veniens,
830 2616 980 2651 Natalis
1005 2627 1193 2651 censurae
1212 2616 1254 2649 P.
1282 2612 1476 2648 Francisci
1502 2611 1630 2646 Toleti
1654 2621 1745 2644 suas

114 2680 386 2715 meditationes
405 2677 592 2714 subdidit.
614 2678 684 2712 Ille
703 2681 832 2711 autem
853 2675 989 2710 ultimo
1008 2674 1072 2709 die
1091 2674 1185 2720 Julii
1204 2673 1294 2708 anni
1316 2680 1405 2716 1579
1424 2669 1742 2716 approbationem

113 2751 221 2774 suam
239 2738 361 2784 dedit,
388 2749 488 2784 quae
512 2736 560 2771 ad
585 2737 731 2771 calcem
756 2734 884 2780 operis
910 2733 1014 2768 edita
1039 2738 1112 2770 est.
1141 2734 1201 2767 De
1228 2732 1342 2776 hujus
1362 2730 1479 2765 variis
1505 2727 1743 2763 editionibus

110 2798 160 2833 cf.
181 2797 513 2840 SOMMERVOGEL,
534 2794 819 2839 Bibliothaque,
839 2793 945 2837 VIII,
969 2800 1182 2836 1517-1520.

184 2856 193 2877 ¹
246 2856 288 2893 P.
321 2855 535 2900 Gregorius
566 2853 614 2888 de
649 2852 829 2887 Valentia
862 2851 967 2886 Patri
998 2851 1240 2895 Hieronymo
1275 2846 1457 2882 Torresio
1491 2846 1529 2881 in
1560 2844 1743 2880 cathedra

113 2914 333 2959 theologiae
363 2912 631 2948 universitatis
656 2910 973 2956 ingolstadiensis
998 2920 1098 2943 anno
1127 2916 1216 2952 1575
1242 2905 1446 2941 successit.
1473 2903 1535 2938 Cf.
1562 2904 1743 2938 AGRICO—

112 2982 212 3017 LAM,
237 2973 311 3007 100.
336 2972 420 3016 cit.‚
444 2971 475 3014 I,
502 2979 580 3016 1593
613 2976 652 3005 et
683 2970 906 3013 MEDERER,
939 2967 1117 3002 Annales
1143 2963 1471 3011 ingolstadiensis
1497 2960 1745 3002 academiae,

113 3033 164 3079 ΙΙ,
184 3041 244 3076 27.
