2028 3426
341 243 406 289 148
807 241 962 277 Pru-ms
987 240 1230 275 Hir-:nomm
1257 237 1408 272 NADAL

291 344 351 398 io,
376 359 456 402 per
477 343 714 388 intendere
735 344 778 386 13
800 350 951 387 mente
973 343 1028 385 de
1050 342 1097 385 S.
1125 341 1213 385 83²²
1242 353 1378 395 sopra
1399 338 1431 380 il
1452 339 1520 381 far
1547 336 1676 380 venir
1700 337 1785 380 alla
1807 350 1916 380 con-
1960 382 1963 387 ,

290 420 560 478 gregatione
584 420 689 464 tutti
711 421 775 477 gli
798 419 987 477 professi
1023 420 1166 474 [come
1198 417 1242 472 il]
1270 414 1517 460 medesimo
1538 414 1765 457 cardinale
1791 413 1845 470 [ci
1867 414 1919 473 l’}
1952 411 1971 457 ,s

290 500 470 543 haueua
491 499 616 541 detto
642 497 728 555 [da]
752 489 878 553 parte
899 511 980 539 sua
1003 503 1048 538 et
1070 495 1114 537 io
1136 494 1165 536 li
1188 493 1295 537 dissi
1320 492 1365 535 in
1387 506 1567 536 camera
1594 506 1676 535 sua
1699 491 1854 534 auanti
1875 492 1916 535 al
1949 503 1954 550 ᾗ
1967 550 1970 554 Δ

293 575 438 619 Padre
459 576 601 619 detto:
631 576 824 618 «Mons.r
845 576 968 625 R.¹¹¹0,
1002 574 1196 615 hauemo
1224 571 1394 614 intesso
1417 571 1501 612 che
1529 569 1594 612 sia
1616 569 1659 611 13
1687 575 1838 617 mente
1859 568 1919 612 de

291 653 339 696 S.
367 653 457 697 8³²²
480 654 564 695 che
582 666 791 708 vengano
815 651 919 693 tutti
942 649 1084 692 nostri
1107 647 1295 704 professi
1317 662 1400 704 per
1421 648 1464 690 13
1486 645 1710 708 electione
1737 646 1809 689 del
1832 659 1914 702 ge·
1938 631 1962 710 Ἰ

290 730 458 782 nerale‚
483 737 528 772 et
550 730 719 785 perche
740 728 777 771 si
800 727 944 784 potria
967 726 1190 770 intender'
1217 724 1322 768 tutti
1346 739 1482 768 sanza
1509 723 1671 787 lasci'ar
1700 737 1913 776 nessuno,
1955 760 1958 765 .

289 813 335 850 et
359 805 463 849 tutti
488 806 623 862 quelli
657 808 740 849 che
768 805 1125 862 legitimamente
1158 804 1337 847 debono
1374 801 1629 854 chiam-arsi,
1654 800 1862 845 veniamo
1890 817 1918 849 a

287 883 518 939 supplicat
541 898 567 926 a
589 885 645 927 V.
673 884 721 927 S.
750 885 857 926 ΚΜ
878 882 914 925 si
938 881 1079 938 degni
1101 880 1293 924 auisarci
1322 880 1440 924 della
1469 885 1619 923 mente
1641 879 1698 922 de
1720 880 1767 923 S.
1794 879 1910 933 Sssa,
1952 931 1957 934 .

288 961 451 1015 perche
475 960 549 1002 noi
571 960 617 1002 in
642 967 759 1003 tutto
781 959 821 1002 ci
844 959 1071 1015 vogliamo
1094 959 1350 1002 conformar
1365 971 1456 1022 ¹con
1490 957 1683 1012 quella.»
1711 957 1744 998 Il
1767 946 1974 1019 cardi-'J

287 1036 437 1080 dinale
461 1051 641 1093 respose
658 1039 729 1080 ch’
751 1052 827 1080 era
843 1036 997 1079 chiaro
1019 1037 1104 1079 che
1122 1049 1212 1078 non
1235 1034 1450 1078 voleuaril
1472 1048 1587 1090 papa
1604 1035 1688 1078 che
1706 1033 1812 1076 tutti
1833 1049 1913 1079 ve-

287 1114 469 1156 nessino
492 1129 629 1157 sanza
652 1113 827 1157 lasciar’
853 1127 1052 1156 nessuno
1084 1112 1189 1156 nelli
1221 1111 1362 1172 nostri
1399 1110 1527 1167 loghi
1560 1110 1665 1155 delli
1703 1111 1955 1179 professi&

285 1205 357 1233 ma
375 1192 459 1234 che
476 1189 716 1235 venessino
739 1189 875 1246 quelli
898 1192 982 1233 che
1011 1189 1369 1246 legitimamente
1397 1190 1639 1233 doueuano
1671 1188 1910 1232 chiamarsi
1954 1220 1957 1227 .

286 1281 364 1322 per
386 1268 427 1310 13
460 1267 698 1311 electione.
726 1268 761 1309 E
784 1266 824 1309 ci
848 1267 1076 1310 domando
1098 1267 1255 1322 quanti
1283 1267 1492 1310 doueano
1529 1266 1684 1311 venire
1712 1266 1909 1310 secondo
1956 1268 1958 1273 ’

285 1345 325 1386 le
349 1343 660 1387 constitutioni
683 1351 850 1388 nostre.
877 1343 1173 1397 Glivdissemo
1196 1344 1268 1387 ch’
1291 1344 1321 1386 il
1342 1344 1620 1400 prouinciale
1642 1352 1687 1389 et
1709 1343 1786 1388 doi
1809 1344 1909 1388 altri

284 1422 340 1465 de
377 1421 487 1477 ogni
525 1420 780 1477 prouincia,
813 1421 945 1465 electi
975 1436 1055 1478 per
1090 1422 1254 1478 quella.
1297 1423 1354 1464 Et
1386 1421 1506 1465 disse
1542 1424 1626 1465 che
1661 1422 1910 1466 bastauano
1947 1414 1959 1438 ²
1987 1424 2001 1485 ζ’

283 1498 437 1553 quelli,
465 1506 509 1542 et
532 1498 625 1541 cosi
648 1499 842 1542 hauemo
879 1507 1103 1544 accettata
1138 1500 1180 1542 la
1209 1499 1582 1555 interpretatione
1609 1500 1728 1543 della
1751 1506 1902 1543 mente
1951 1495 1963 1552 j,
1989 1503 2012 1556 J,

281 1577 337 1620 de
361 1577 408 1620 S.
437 1576 488 1620 S.
504 1577 539 1602 ὠ
557 1576 629 1619 dal
652 1576 898 1620 medesimo
921 1579 1007 1621 che
1029 1577 1070 1620 ci
1093 1578 1121 1619 1³
1142 1578 1322 1621 haueua
1339 1576 1615 1634 significata.
1643 1577 1701 1619 Et
1718 1577 1763 1620 in
1782 1577 1911 1621 testi·
1946 1612 1953 1622 ,
1993 1624 1996 1627 ,

283 1653 433 1696 monio
462 1653 507 1695 di
540 1661 699 1708 questa
729 1653 869 1698 veritii
900 1652 937 1697 s³
968 1655 993 1698 ὲ
1030 1653 1186 1697 scritta
1208 1668 1233 1696 e
1255 1653 1534 1697 sottoscritta
1571 1656 1613 1697 13
1641 1662 1851 1711 presente
1879 1657 1911 1702 il
1953 1637 1955 1643 Ι
1992 1644 1995 1650 ’

279 1731 441 1786 giorno
463 1733 670 1788 predetto
692 1731 737 1774 in
761 1733 922 1776 Roma.

370 1808 576 1852 Affermo
601 1817 770 1864 quanto
792 1809 829 1852 si
853 1810 1061 1855 contiene
1083 1811 1127 1853 di
1151 1825 1302 1868 sopra.

362 1888 521 1943 JOANE
544 1900 606 1929 DE
631 1888 875 1940 POLANCO,
900 1895 1192 1944 procuratore
1214 1889 1331 1932 della
1358 1872 1555 1946 Comp.'a
1576 1891 1634 1934 de
1649 1891 1776 1948 Jesu.

1060 2001 1126 2044 1⁷

721 2084 773 2126 Ρ.
810 2085 1162 2130 HIERONYMI
1194 2087 1465 2131 NATALlS

753 2193 996 2224 APOLOGIA
1016 2194 1299 2225 SOCIETATIS
1317 2196 1436 2236 JESU

603 2268 823 2300 CONTRA
858 2270 1176 2302 EPISCOPUM
1215 2269 1600 2304 CAESARINUM‘

336 2343 462 2373 APUD
487 2345 785 2376 CARDINALES
810 2347 1174 2379 REFORMATIONI
1201 2351 1262 2379 EX
1290 2350 1518 2382 CONCILIO
1548 2352 1850 2384 TRIDENTINO
1932 2344 1934 2346 .

778 2424 1049 2455 FACIENDAE
1073 2427 1403 2458 PRAEPOSITOS
1871 2400 1879 2405 ‘
1928 2396 1932 2402 ι

855 2592 1013 2629 ROMAE,
1040 2595 1157 2622 ANNO
1186 2587 1277 2632 1564
1307 2591 1330 2624 ¹.

1034 2664 1144 2720 JHS

347 2735 502 2789 (ι-οιεό
521 2746 633 2791 263.)
1846 2799 1849 2802 ,
1971 2800 1974 2807 Ι

365 2811 501 2866 Quod
521 2812 742 2856 hactenus
765 2817 937 2871 experti
955 2833 1128 2873 sumus,
1150 2821 1334 2865 Christo
1345 2824 1456 2880 Jesu
1475 2823 1682 2881 propitio,
1700 2825 1828 2869 Illmi.
1849 2840 1901 2870 ae
1971 2839 1980 2883 ἦ

276 2886 392 2929 Rmi.
419 2888 605 2941 domini,
637 2889 823 2934 excitari
856 2894 1002 2938 solere
1035 2897 1251 2942 Societati
1279 2900 1676 2954 contradictiones,
1708 2903 1784 2946 vbi
1806 2905 1899 2948 Do·
1932 2958 1937 2964 ἱ

345 2995 354 3015 ¹
407 2996 464 3031 Ex
483 2999 716 3045 apographo,
738 3001 786 3035 ab
805 3001 888 3048 ipso
907 3009 1064 3039 auctore
1083 3005 1125 3041 P.
1147 3006 1276 3042 Natali
1295 3008 1517 3056 emendato,
1534 3009 1573 3046 in
1595 3009 1690 3048 Cod.
1716 3002 1839 3049 Vasio.
1859 3011 1898 3055 6,
1920 2998 1928 3050 f
1968 3014 1978 3061 ζ

276 3054 380 3090 foliis
405 3054 619 3102 263r-274v.
647 3057 789 3106 Aliqua
814 3061 951 3097 menda
976 3074 996 3098 a
1021 3064 1190 3112 librario,
1215 3068 1280 3114 qui
1307 3068 1379 3104 hoc
1404 3075 1697 3107 monumentum
1723 3071 1900 3108 transcri-
1929 3054 1932 3059 ⁴
1972 3102 1977 3122 .
