2028 3426
324 224 392 261 5¹4
799 216 953 251 Purus
979 216 1224 251 HfflRoNYm
1250 215 1402 250 NADAL

273 318 620 374 praescribetur,
650 333 739 373 qua
769 319 987 374 proficere
1014 317 1204 373 possint,
1231 324 1275 361 et
1305 316 1389 360 sibi
1420 316 1528 372 ipsis
1561 317 1791 372 prodesse,
1835 324 1918 360 aut

272 394 713 446 mortificationibus,
740 406 817 438 aut
839 394 1068 438 exercitiis
1089 393 1414 450 spiritualibus,
1435 401 1512 436 aut
1536 392 1915 450 peregrinationi-

271 473 374 524 bus,
404 480 484 514 aut
514 472 743 528 prolixiori
773 471 989 513 orationis
1022 478 1240 527 tempore,
1273 471 1344 513 vel
1376 470 1421 512 id
1454 484 1603 527 genus
1635 470 1750 523 aliis,
1792 484 1915 525 quae

271 550 483 605 catalogo
507 548 905 591 mortificationum
928 547 1236 600 continentur,
1257 547 1334 602 qui
1357 561 1411 591 eo
1434 555 1636 604 tempore
1652 561 1911 604 proponen-

271 626 357 668 dus
384 633 452 669 est
486 627 513 667 ¹.
550 625 730 681 Quibus
761 639 868 668 vero
901 624 1232 668 instauratione
1260 624 1563 680 corporalium
1595 624 1758 666 virium
1797 635 1914 681 opus

269 702 371 755 erit,
403 702 473 745 his
500 702 894 746 deambulationes
923 702 1236 745 concedantur
1264 701 1359 744 suis
1387 701 1548 744 diebus
1581 709 1626 746 et
1655 701 1912 744 studiorum

271 779 492 832 remissio;
520 787 732 835 poterunt
767 778 918 830 etiam,
954 778 991 821 si
1023 778 1100 833 qui
1133 778 1224 822 sint
1256 777 1446 834 grauius
1477 778 1644 831 affecti,
1683 779 1728 821 in
1761 779 1911 832 locum

270 856 465 912 aliquem
489 870 701 900 amenum
720 855 900 908 dimitti,
922 856 980 897 ad
997 855 1094 899 dies
1112 869 1297 911 paucos,
1317 856 1397 899 sed
1415 857 1503 898 hoc
1520 870 1687 912 magna
1704 855 1912 899 conside-

269 934 444 977 ratione
467 933 637 983 habita,
665 948 722 976 ne
752 932 997 989 corporalis
1027 932 1246 975 recreatio
1275 932 1497 988 spirituali
1519 932 1804 989 dispositioni
1833 934 1911 976 de-

269 1011 531 1055 trimentum
571 1011 745 1062 afferat,
778 1024 926 1065 neque
966 1018 1117 1054 tamen
1156 1010 1253 1054 sine
1291 1017 1455 1054 exacto
1492 1009 1642 1065 aliquo
1676 1010 1910 1066 superiore

268 1087 505 1130 mittantur
528 1095 560 1129 ³.

357 1165 612 1207 Attendant
640 1164 896 1220 superiores
926 1172 971 1207 et
1001 1179 1163 1221 magna
1202 1165 1438 1221 vigilantia
1474 1166 1584 1209 dent
1620 1179 1822 1220 operam,
1862 1173 1910 1206 vt

268 1242 426 1284 Patres
448 1249 493 1284 et
516 1243 679 1285 fratres
708 1249 887 1298 tempus
917 1241 1184 1298 impendant
1205 1242 1300 1285 suis
1321 1241 1704 1298 occupationibus
1727 1250 1773 1284 et
1796 1243 1908 1284 obe-

264 1318 444 1361 dientiis
467 1318 760 1373 quotidianis,
782 1333 930 1374 neque
953 1318 1064 1362 illud
1082 1325 1156 1366 416
1174 1319 1317 1363 otiose
1335 1319 1607 1375 transigant.
1631 1321 1906 1363 Persuasum

263 1404 414 1438 autern
438 1395 650 1438 omnibus
673 1395 840 1438 faciant
862 1395 907 1438 in
932 1396 1282 1451 particularibus
1304 1396 1532 1440 exercitiis
1555 1395 1848 1451 quotidianis,
1871 1395 1907 1437 si

263 1473 324 1515 ita
347 1473 457 1515 fiant
478 1481 526 1515 vt
549 1473 695 1524 decet,
721 1473 916 1528 positam
940 1488 1040 1517 esse
1063 1473 1180 1516 viam
1205 1473 1517 1529 rationemque
1545 1473 1742 1525 vnicam,
1775 1473 1908 1515 adiu-

264 1559 399 1594 uante
421 1550 507 1593 Dei
530 1550 694 1607 gratia,
721 1549 985 1606 proficiendi
1011 1551 1068 1593 ad
1090 1550 1416 1606 perfectionem
1440 1558 1485 1595 et
1507 1550 1831 1607 progrediendi
1850 1551 1906 1593 acl

262 1628 398 1670 finem
421 1627 664 1671 Societatis
687 1629 1077 1682 consequendum.

790 1761 851 1789 DE
877 1761 1089 1791 RATIONE
1113 1759 1361 1791 INSTITUTI

350 1859 732 1914 Quandoquidem
757 1859 842 1904 Dei
861 1859 1143 1916 benignitate
1162 1860 1384 1916 propriam
1407 1860 1626 1904 rationem
1645 1860 1903 1916 accepimus

260 1935 510 1978 vocationis
532 1936 722 1993 gratiae,
750 1936 949 1993 instituti
968 1950 1020 1979 ac
1043 1937 1162 1989 finis,
1194 1945 1302 1980 sunt
1330 1945 1485 1981 nostra
1513 1938 1664 1980 omnia
1693 1938 1746 1980 ad
1782 1937 1901 1980 illam
1954 1956 1960 1961 ·

260 2012 480 2055 rationem
504 2013 745 2068 exigenda.
779 2013 936 2068 Itaque
959 2028 1050 2056 non
1073 2015 1290 2069 probatur
1311 2014 1428 2057 inter
1450 2029 1548 2066 nos,
1574 2014 1612 2057 si
1634 2014 1735 2069 quis
1757 2014 1895 2057 dicat:

259 2089 321 2131 ita
343 2096 487 2144 agunt
507 2090 667 2132 fratres
693 2090 1040 2145 praedicatores,
1066 2091 1128 2133 ita
1151 2091 1362 2143 minores;
1389 2106 1529 2146 quare
1552 2091 1682 2134 nobis
1701 2091 1762 2134 ita
1779 2101 1902 2134 esset

258 2167 505 2221 agendum.
533 2168 823 2222 Acceperunt
846 2167 964 2210 enim
988 2167 1049 2208 illi
1073 2182 1202 2210 suam
1225 2168 1433 2223 gratiam,
1459 2183 1591 2210 suum
1618 2168 1897 2219 institutum,

260 2257 341 2284 nos
359 2250 584 2294 nostrum,
611 2244 712 2286 Iesu
737 2244 907 2285 Christi
931 2244 1168 2287 beneficio.

349 2321 476 2363 Haec
501 2334 640 2374 quum
666 2319 726 2362 ita
749 2320 853 2372 sint,
878 2329 1025 2364 tamen
1054 2321 1273 2374 Societas,
1295 2336 1384 2364 non
1407 2323 1552 2364 solum
1576 2338 1630 2366 ex
1653 2322 1751 2365 aliis
1774 2322 1895 2365 ordi-

259 2396 392 2438 nibus
430 2398 778 2447 monachorum,
820 2398 899 2440 sed
931 2398 1063 2440 etiarn
1099 2414 1153 2441 ex
1188 2406 1281 2441 tota
1309 2399 1563 2442 hierarchia
1591 2399 1898 2443 ecclesiastica

259 2473 408 2527 aliqua
433 2473 571 2528 elegit
595 2472 628 2525 ¹',
661 2488 776 2528 quae
807 2476 1148 2517 accommodata
1176 2475 1448 2519 videbantur
1476 2477 1531 2518 ad
1565 2476 1782 2519 rationem
1816 2489 1900 2518 no—

258 2558 380 2594 strae
399 2550 650 2593 vocationis
669 2552 1016 2601 obseruandam,
1038 2552 1266 2606 finemque
1284 2564 1489 2594 nostrum
1508 2554 1897 2607 consequendun13

261 2629 372 2670 haec
398 2636 546 2671 tamen
572 2643 626 2671 ex
652 2635 808 2669 nostro
830 2627 1037 2670 instituto
1059 2630 1254 2683 petenda
1277 2638 1399 2671 sunt.

347 2709 420 2750 417
445 2706 585 2760 Quod
607 2704 758 2747 dicere
781 2705 996 2754 solemus,
1024 2705 1296 2749 Societatem
1321 2708 1663 2762 gubernandam
1687 2722 1787 2751 esse
1807 2708 1899 2749 for-

261 2781 364 2824 titer
387 2790 430 2824 et
455 2781 672 2831 suauiter,
710 2782 770 2822 ita
800 2780 992 2835 intelligi
1023 2788 1187 2836 potest,
1219 2783 1339 2836 quod
1369 2783 1423 2824 ad
1448 2783 1622 2827 fortiter
1644 2783 1821 2834 attinet,
1850 2791 1898 2825 vt

329 2931 345 2945 ι·
395 2927 415 2962 7
437 2919 506 2953 ult.
527 2919 646 2952 verba
665 2917 795 2952 addita
815 2917 1023 2964 posterius.
1077 2919 1142 2944 -b
1169 2918 1285 2964 eligit
1306 2930 1374 2953 ms.

338 3028 344 3046 ¹
398 3024 497 3059 Vide
517 3036 648 3071 supra,
669 3036 757 3071 pag.
777 3033 859 3068 447.
