2028 3426
326 243 392 277 116
794 241 948 278 PArms
974 240 1217 275 Hir-:Roman
1243 238 1394 273 NADAL

275 344 430 396 earitzi,
457 343 748 388 richiedendo
774 343 869 386 cusi
897 343 938 385 13
960 357 1042 385 sua
1066 348 1229 383 natura
1253 347 1297 384 et
1320 340 1364 382 lo
1388 340 1587 387 fraterno
1605 353 1774 393 amore,
1795 340 1947 384 oltres-

233 435 250 449 ⁸
274 422 359 464 che
380 422 590 464 hauendo
613 422 661 465 S.
689 421 779 465 S.¹2¹
803 420 1050 476 approbata
1073 419 1113 461 la
1136 432 1219 460 sua
1242 415 1428 472 polizza,
1455 423 1500 460 et
1524 406 1636 459 fatto
1665 424 1837 471 quanto
1865 417 1913 460 in
1951 419 1953 421 ’

275 512 375 541 3553
398 497 434 540 si
457 506 730 549 conteneua,
756 498 999 540 doueuano
1031 495 1109 551 piu
1140 500 1293 550 presto
1325 494 1657 546 accarezzarlo‚
1693 495 1777 537 che
1810 493 1910 536 irri—
1937 486 1947 510 ⁷

277 575 408 626 tarlo,
430 589 558 618 come
576 575 731 617 hanno
750 574 878 625 fatto;
899 588 926 615 o
945 586 1070 623 uero,
1092 585 1170 627 per
1188 571 1218 613 il
1235 572 1352 615 bene
1370 570 1414 613 di
1434 578 1588 614 nostra
1606 570 1907 627 Compagnia‚
1940 560 1947 570 ’

276 652 318 693 13
341 652 444 706 qual
467 651 630 693 dieano
653 652 739 693 che
765 657 890 692 tanto
913 663 1089 700 amano,
1115 647 1374 690 dissimular
1397 661 1489 690 con·
1505 647 1585 699 lui
1612 648 1805 692 essendo
1827 649 1915 692 3113

269 731 339 785 Μ.
377 727 540 771 Pontio
573 729 596 770 e
630 728 768 769 molto
801 726 1067 769 eonoseiuto
1091 725 1136 767 in
1170 726 1313 768 Roma
1337 721 1395 767 da
1423 724 1586 781 grandi
1610 732 1655 768 et
1685 724 1844 780 piccoli
1866 733 1925 768 et
1951 724 1953 728 ’

279 813 436 847 tenuto
459 804 503 846 in
527 783 617 846 bon
641 811 776 846 conto
798 810 842 845 et
864 801 1166 854 estimatione,
1193 801 1266 846 del
1289 802 1422 856 quale
1445 816 1521 845 era
1543 802 1601 844 da
1623 802 1810 845 eredere
1827 802 1916 846 che
1944 807 1952 861 J

278 896 367 924 non
393 882 617 925 uorrebbe
642 879 839 923 laseiarsi
862 879 1147 932 conculcare,
1182 878 1279 921 anzi
1311 880 1396 922 che
1425 878 1504 934 piu
1533 887 1685 934 presto
1714 868 1953 922 (13131)ὺᾶ

278 959 389 1002 ¹altre
412 958 583 1014 polizze
606 974 630 1000 3
654 958 702 1002 S.
730 958 837 1009 ΞΗ,
863 964 907 999 et
935 958 1036 1008 che,
1068 956 1142 998 dal
1165 956 1253 998 mal
1285 962 1577 998 trattamento
1605 957 1690 998 che
1712 957 1912 999 haueua-
1943 987 1946 991 -

279 1050 337 1077 no
367 1044 383 1060 ²¹
411 1036 522 1078 fatto
551 1050 575 1077 3
609 1037 669 1078 M.
711 1034 888 1086 Pontio,
925 1033 973 1077 S.
1010 1033 1102 1078 Sfi*
1136 1033 1394 1076 uenerebbe
1422 1033 1468 1074 in
1499 1032 1724 1088 suspition
1759 1046 1912 1076 nuoua

278 1114 368 1155 che
391 1128 481 1154 non
505 1113 731 1155 uoleuano
755 1112 895 1153 andar
918 1111 962 1154 in
985 1111 1173 1167 Spagna
1196 1125 1273 1165 per
1295 1112 1419 1153 buon
1442 1111 1533 1153 fine
1561 1112 1585 1153 ¹.
1870 1118 1889 1129 ‘

369 1191 506 1232 Basta
528 1190 632 1241 che,
659 1204 684 1231 3
707 1190 859 1231 damno
883 1188 1000 1232 (13113
1018 1188 1317 1244 Compagnia,
1339 1188 1506 1243 quello,
1528 1189 1614 1230 ohe
1637 1186 1776 1230 fanno
1800 1200 1912 1242 que·
1950 1243 1951 1246 Ἴ

279 1266 338 1309 sti
362 1275 446 1318 tre,
471 1266 508 1309 si
531 1274 690 1322 reputa
713 1281 839 1311 essen
856 1266 968 1308 fatto
985 1266 1043 1308 da
1061 1272 1177 1308 tutta
1194 1266 1236 1308 13
1254 1264 1560 1321 Compagnia,
1586 1265 1643 1307 da
1665 1264 1804 1319 quelli
1826 1265 1913 1307 che
1933 1262 1959 1326 κ’

284 1358 369 1386 non
394 1359 537 1386 sanno
559 1345 602 1386 la
625 1358 733 1386 cosa
758 1357 885 1386 come
907 1358 982 1397 ua,
1007 1351 1052 1386 et
1073 1344 1159 1386 che
1182 1342 1212 1384 il
1237 1344 1348 1386 fatto
1370 1342 1415 1385 di
1439 1344 1502 1386 M.
1531 1341 1695 1385 Pontio
1718 1341 1755 1384 si
1779 1355 1910 1397 repu-

281 1430 324 1463 ta
353 1435 475 1464 esser
505 1421 616 1464 fatto
645 1428 803 1463 contra
833 1427 950 1462 tutta
978 1421 1020 1463 13
1049 1420 1348 1476 Compagnia,
1379 1434 1471 1462 non
1501 1419 1695 1463 essendo
1724 1421 1836 1462 fatto
1865 1433 1912 1462 se
1947 1439 1950 1441 “

280 1512 372 1540 non
396 1505 555 1541 contra
578 1498 607 1540 li
632 1505 700 1541 tre
721 1497 931 1554 predetti.

367 1574 418 1618 Si
441 1577 525 1618 3113
550 1581 668 1617 tutto
698 1574 727 1616 il
755 1581 1086 1626 mancamentQ
1119 1576 1201 1618 che
1231 1574 1274 1616 in
1307 1581 1466 1630 questa
1495 1588 1604 1617 cosa
1632 1574 1667 1617 si
1696 1575 1787 1630 puo
1817 1581 1911 1617 tro·
1955 1567 1961 1633 '-

279 1666 404 1703 uare,
436 1651 472 1694 si
502 1652 651 1696 debbe
678 1651 914 1694 attribuire
943 1652 1029 1695 alle
1057 1651 1360 1707 imprudentie
1389 1659 1434 1694 et
1462 1651 1797 1695 indiserezione
1819 1650 1836 1677 b
1866 1659 1911 1694 et
1950 1667 1951 1670 ¹

281 1729 367 1770 mal
390 1721 597 1785 gouerno
620 1728 666 1770 di
689 1728 837 1784 questi
862 1736 944 1781 tre,
977 1730 1062 1773 che
1094 1732 1213 1771 tutto
1243 1728 1458 1785 uogliono
1482 1729 1548 1772 far
1576 1744 1602 1773 3
1630 1729 1764 1772 modo
1793 1729 1909 1781 loro,
1934 1749 1950 1770 r
1984 1751 1985 1754 ¹

280 1805 455 1849 bench&
486 1820 577 1848 non
605 1804 635 1847 li
666 1819 832 1848 accuso
861 1805 906 1848 di
933 1813 1120 1861 peceato
1144 1807 1348 1859 mortale,
1375 1821 1447 1848 ma
1469 1807 1588 1849 lasso
1610 1813 1772 1861 questo
1795 1805 1912 1849 iudi—

282 1882 352 1924 cio
374 1898 399 1925 3
422 1881 525 1934 Dio,
552 1890 597 1926 et
619 1874 710 1924 non
734 1898 759 1925 a
781 1889 899 1925 tutta
921 1883 963 1925 la
986 1883 1283 1938 Compagnia,
1311 1884 1352 1925 la
1383 1883 1590 1939 maggior
1622 1891 1750 1939 parte
1784 1883 1840 1927 de
1871 1883 1915 1925 13
1948 1939 1950 1941 -

351 2005 382 2036 a,
416 1996 640 2030 lzaueuamo
659 2006 730 2030 ms.
784 1997 849 2022 —b
875 1995 1157 2030 indescritione
1177 2007 1248 2031 ms.

353 2102 360 2120 ¹
415 2101 673 2147 Supposititia
697 2107 737 2137 et
761 2113 782 2136 a
808 2101 973 2137 veritate
998 2113 1154 2148 prorsus
1179 2102 1305 2137 aliena
1329 2103 1424 2138 11333
1449 2102 1675 2138 Bobadillae
1700 2092 1751 2138 de*
1775 2101 1917 2138 Pontio
1946 2123 1959 2142 a
1993 2149 1995 2155 Ι

277 2159 423 2205 judicia
441 2160 730 2196 convincuntur
748 2172 796 2196 ex
815 2160 981 2208 quodam
995 2161 1189 2208 colloquio
1202 2161 1408 2197 cardinalis
1422 2162 1634 2197 Tranensis
1652 2173 1740 2197 cum
1757 2161 1800 2196 P.
1818 2161 1914 2197 Pon·
1949 2163 1956 2167 ’
1993 2167 1995 2171 “

282 2219 336 2254 tio
352 2219 499 2265 habito,
521 2226 559 2255 et
578 2221 626 2255 ab
647 2219 784 2255 eodem
800 2219 1032 2265 Cogordano
1046 2220 1286 2265 confirmato,
1301 2221 1404 2268 quod
1419 2221 1568 2256 Natalis
1584 2232 1699 2256 manu
1713 2225 1914 2256 exaratum
1947 2230 1951 2269 j
1987 2215 1994 2230 ”

281 2279 472 2325 reperitur
499 2278 537 2313 in
562 2278 696 2314 codice
723 2279 782 2314 De
807 2278 919 2314 rebus
943 2291 1083 2326 congr.
1106 2291 1200 2327 gen.
1228 2280 1260 2314 I·
1274 2281 1316 2324 V,
1342 2281 1456 2315 unico
1475 2279 1542 2316 fol.
1567 2280 1646 2317 188.
1665 2280 1766 2316 Cum
1784 2286 1914 2315 autem
1935 2306 1955 2316 ,.
1989 2295 1997 2311 τ

281 2337 421 2384 raptim
441 2345 480 2374 et
507 2338 619 2374 valde
644 2337 804 2374 confuse
830 2351 851 2374 a
875 2339 1003 2374 Natali
1029 2341 1125 2374 haec
1149 2340 1292 2386 scripta
1314 2340 1474 2386 fuerint,
1501 2347 1685 2388 excerpta
1709 2340 1915 2387 praecipua

280 2398 343 2433 hic
360 2397 510 2442 damus,
531 2398 664 2444 paucis
683 2397 845 2443 relictis,
863 2410 962 2445 quae
983 2399 1048 2434 vix
1068 2404 1134 2434 aut
1152 2411 1200 2434 ne
1219 2399 1285 2434 vix
1303 2399 1460 2446 quidem
1477 2400 1555 2446 legi
1571 2405 1748 2447 possunt:
1766 2400 1916 2435 «Trana
1959 2443 1962 2446 ῃ

280 2468 302 2491 3
321 2456 475 2493 Pontio.
497 2457 525 2492 ΙΙ
546 2457 729 2492 demonio
747 2468 824 2492 non
844 2463 951 2493 tenta
975 2469 996 2492 a
1021 2458 1085 2493 uoi
1111 2458 1284 2503 religiosi
1309 2458 1348 2493 di
1372 2459 1466 2494 furti
1486 2466 1525 2494 et
1549 2459 1742 2505 adulterii,
1773 2470 1814 2495 se
1840 2469 1915 2494 non
1991 2498 1995 2502 ⁴

281 2515 330 2551 de
359 2527 450 2552 cose
475 2516 610 2552 subtili
637 2522 740 2552 sotto
767 2516 912 2563 specie,
939 2522 1014 2555 etc,
1041 2518 1148 2552 Bona
1173 2517 1352 2560 intentio,
1373 2519 1442 2553 secl
1461 2529 1537 2554 non
1557 2518 1771 2554 secundum
1791 2518 1915 2554 scien·
1951 2532 1956 2538 ·
1982 2505 1996 2527 ³

281 2575 388 2622 tiam3
410 2575 573 2613 scilicet:
596 2576 661 2611 vni
680 2575 792 2611 entro
810 2575 867 2611 far
886 2588 936 2611 vn
957 2577 1058 2612 bene
1076 2587 1147 2612 con
1170 2589 1219 2612 vn
1238 2579 1351 2612 male:
1375 2578 1519 2624 meglio
1538 2579 1676 2614 lasciar
1699 2579 1724 2613 il
1751 2580 1852 2613 bene
1876 2582 1920 2613 et
1955 2583 1958 2586 ’
1984 2575 1997 2622 'j

282 2634 543 2671 humiliarsi...

353 2694 463 2729 State
481 2693 616 2741 quieto
635 2699 673 2729 et
689 2694 910 2741 obediente,
933 2706 1043 2730 como
1063 2695 1154 2730 tutti
1172 2695 1227 2741 gli
1245 2696 1332 2731 altri
1351 2697 1484 2742 aogni
1501 2707 1592 2732 cosa
1607 2697 1678 2732 che
1698 2696 1736 2731 vi
1751 2695 1875 2732 ordini
1889 2696 1915 2732 il
1991 2734 1994 2737 ,

282 2760 414 2789 vostro
433 2754 646 2801 superiore,
668 2759 707 2789 et
726 2765 802 2789 non
821 2756 968 2800 parlate
986 2766 1059 2790 eon
1078 2756 1185 2790 nullo
1203 2756 1251 2791 ne
1270 2755 1408 2792 dentro
1427 2757 1474 2792 ne
1493 2757 1532 2792 di
1551 2756 1666 2802 fuori,
1686 2769 1728 2792 se
1748 2768 1823 2792 non
1842 2766 1917 2792 eon
1945 2768 1950 2801 j
1987 2766 1997 2786 »1

282 2813 416 2848 ordine
435 2813 497 2848 del
516 2813 730 2860 superiore,
752 2819 791 2848 et
810 2825 852 2848 53
872 2815 1000 2849 volete
1018 2826 1040 2849 3
1059 2826 1120 2849 me
1145 2816 1269 2861 parlar
1293 2814 1329 2860 3,
1355 2826 1391 2860 4,
1417 2824 1438 2859 5
1465 2817 1586 2862 volte,
1611 2816 1650 2851 di
1676 2822 1785 2852 notte
1812 2821 1852 2851 et
1876 2815 1916 2851 di

281 2872 434 2919 giorno,
461 2874 608 2919 venite,
637 2879 765 2908 sarete
790 2873 815 2908 il
841 2875 918 2909 ben
942 2879 1101 2909 venuto.
1123 2873 1173 2909 Di
1197 2874 1256 2909 dir
1274 2874 1404 2922 missa,
1425 2875 1592 2922 quando,
1619 2875 1735 2919 doue,
1760 2880 1800 2910 et
1824 2874 1918 2921 ogni
1986 2904 1994 2922 .-

281 2943 386 2977 cosa,
406 2932 503 2968 fatte
521 2942 630 2967 come
649 2932 682 2968 si
701 2932 738 2968 vi
758 2932 842 2968 5313
861 2932 1052 2968 ordinato.
1073 2933 1225 2978 Questo
1243 2933 1281 2969 di
1300 2941 1409 2980 parte
1433 2934 1495 2970 del
1521 2934 1691 2970 cardinal
1717 2935 1919 2970 Reumano
1939 2939 1942 2944 “
1984 2925 1997 2959 f

283 2997 322 3026 et
342 2991 431 3035 mia3
452 2997 492 3026 et
511 2991 732 3027 altrimente
749 2991 786 3027 ci
804 2992 1152 3028 corrucciaremmo
1169 3003 1242 3028 con
1263 2993 1370 3030 voi...
1393 2994 1546 3039 Questo
1564 2993 1673 3030 detto
1687 3005 1708 3029 a
1724 2993 1864 3030 Pontio
1877 2998 1925 3038 et⁴
1940 3035 1946 3039 ,

281 3050 510 3086 confirmato
528 3050 575 3086 da
595 3050 688 3086 lui.»
709 3051 909 3087 Hactenus
929 3052 1094 3088 Natalis.
