2028 3426
710 249 1137 286 INSTRUCTIONEs—61
1618 247 1682 291 461

57 348 70 387 ἶ
114 353 203 397 sint
235 354 292 396 ad
321 350 620 408 prouinciales
649 350 873 394 mittendi.
907 352 963 393 Et
992 358 1139 394 tamen
1168 348 1214 391 in
1243 348 1314 390 his
1335 348 1513 390 duobus
1536 347 1735 398 casibus,

115 431 152 473 si
190 444 332 486 graue
370 436 489 472 esset
526 427 774 483 periculum
812 436 856 470 et
893 442 971 483 per
1009 442 1074 479 se,
1114 440 1197 469 nec
1234 424 1482 468 remedium
1521 423 1737 467 adhibere

114 508 250 550 vellet
279 513 443 556 rector,
475 506 596 559 quod
623 504 926 548 confessarius
953 510 1172 554 censeret,
1199 501 1462 557 simpliciter
1494 515 1586 543 non
1619 508 1738 544 esset

115 584 436 634 absoluendus,
461 582 541 624 sed
569 581 815 624 mittendus
842 583 898 624 ad
925 580 1263 637 prouincialem.
1290 579 1489 622 Deberet
1516 577 1636 620 enim
1658 579 1740 618 ha-

116 662 224 705 bere
246 659 549 702 confessarius
578 665 854 713 compertam
879 658 1137 701 facultatem
1163 663 1381 699 rectorem
1404 654 1598 711 cogendi
1622 653 1668 695 in
1692 669 1739 695 re

118 737 266 781 simili.

205 814 341 869 Quod
368 827 475 855 vero
503 813 559 854 ad
588 812 929 867 prouincialium
953 826 1084 854 casus
1117 818 1370 854 reseruatos
1401 808 1578 859 attinet,
1619 807 1656 849 si
1696 807 1742 848 in

116 889 348 948 prouincia
370 889 427 932 sit
449 888 787 931 commissarius
809 888 1048 944 generalis,
1074 895 1118 931 et
1140 887 1177 930 si
1200 888 1256 929 ad
1273 886 1420 942 ipsum
1438 884 1613 927 facilius
1631 883 1743 926 adiri

118 975 281 1024 potest,
309 981 442 1021 quam
465 966 521 1008 ad
543 966 801 1021 generalem
826 965 1145 1020 praepositum,
1171 962 1475 1006 commissario
1496 962 1574 1004 fiet
1598 974 1743 1004 reser—

120 1044 261 1089 uatio.
302 1043 411 1087 Siue
447 1042 587 1098 igitur
625 1043 825 1098 generali
862 1041 1117 1097 praeposito
1159 1039 1448 1096 prouincialis
1485 1044 1746 1082 reseruetur

119 1136 267 1172 casus,
292 1120 390 1163 siue
413 1119 716 1162 commissario
739 1118 953 1174 generali,
980 1118 1015 1160 si
1039 1133 1110 1160 res
1131 1117 1311 1172 quidem
1339 1116 1545 1158 occultae
1576 1113 1747 1156 fuerint

121 1200 183 1255 (vt
204 1197 296 1239 dixi
318 1198 373 1239 de
396 1195 658 1250 rectoribus)
683 1203 727 1238 et
748 1195 877 1238 breui
900 1202 1018 1238 esset
1040 1202 1260 1238 venturus
1282 1191 1633 1242 commissarius,
1655 1205 1745 1233 non

122 1275 206 1317 erit
228 1275 284 1317 ad
299 1279 382 1320 268
401 1288 502 1316 eum
521 1272 768 1315 mittendus
787 1271 1089 1328 prouincialis,
1110 1271 1188 1313 sed
1212 1270 1518 1325 expectandus
1535 1267 1748 1310 commis-

122 1352 281 1395 sarius.
304 1350 398 1393 Erit
417 1349 550 1393 etiam
573 1349 879 1404 expectandus
902 1347 1250 1398 commissarius,
1276 1346 1313 1388 si
1331 1361 1433 1401 spes
1450 1345 1507 1387 sit
1530 1346 1749 1389 emenda-

125 1427 274 1471 tionis.
297 1429 429 1482 Quae
452 1426 487 1469 si
511 1441 602 1468 non
620 1433 738 1469 esset
755 1433 799 1468 et
816 1432 1025 1481 pergeret
1043 1424 1239 1467 incidere
1257 1423 1302 1464 in
1320 1429 1576 1466 reseruatos
1594 1435 1747 1472 casus,

125 1512 298 1548 secreto
321 1511 440 1548 esset
463 1503 720 1559 quaerenda
743 1502 891 1556 aliqua
915 1501 1109 1553 occasio,
1136 1515 1223 1555 qua
1246 1499 1500 1542 mitteretur
1524 1499 1580 1541 ad
1605 1512 1750 1554 gene-

123 1583 259 1625 ralem
299 1580 608 1636 praepositum
645 1580 715 1621 vel
754 1577 1125 1620 commissarium.
1163 1578 1220 1618 Et
1251 1572 1337 1618 hac
1370 1575 1415 1617 in
1446 1590 1494 1618 re
1525 1574 1751 1617 tenebitur

124 1658 306 1701 obedire
329 1655 622 1707 confessario,
645 1663 858 1709 tanquam
881 1655 1092 1709 delegato
1116 1669 1141 1696 a
1164 1652 1364 1709 generali
1382 1651 1656 1708 praeposito:
1677 1651 1750 1693 cui

124 1735 161 1778 si
190 1735 329 1777 nollet
357 1733 555 1786 obedire,
580 1748 638 1776 ne
671 1733 947 1782 absoluatur,
983 1739 1028 1774 et
1065 1746 1135 1773 res
1175 1738 1269 1773 tota
1307 1729 1593 1785 permittatur
1631 1730 1748 1779 Deo,
1791 1758 1795 1762 -

125 1810 488 1866 quandoquidem
506 1809 627 1851 aliud
644 1809 740 1851 fieri
759 1811 957 1850 humana
974 1806 1194 1849 industria
1211 1822 1301 1858 non
1321 1813 1483 1862 potest.
1500 1805 1581 1849 Sin
1600 1812 1751 1848 autem

126 1902 257 1930 casus
278 1894 397 1930 esset
418 1886 700 1936 manifestus,
721 1884 983 1940 praesertim
1000 1898 1104 1927 cum
1122 1884 1333 1926 scandalo
1350 1882 1638 1934 coniunctus,
1659 1888 1747 1923 sta-

130 1964 209 2006 tim
238 1963 321 2006 erit
351 1963 596 2005 mittendus
618 1978 643 2005 a
674 1961 947 2004 confessario
974 1962 1031 2004 ad
1059 1960 1431 2011 commissarium,
1465 1959 1536 2001 vel
1559 1973 1753 2014 genera-

127 2041 231 2093 lem;
258 2039 343 2082 nisi
366 2039 500 2082 Vellet
523 2037 746 2093 generalis
768 2037 962 2091 aliquem
991 2037 1230 2092 designare
1253 2035 1298 2077 in
1328 2035 1489 2089 quauis
1518 2033 1753 2090 prouincia

130 2117 396 2173 professum,
422 2115 497 2170 qui
516 2115 756 2158 haberetur
778 2113 1134 2170 probatissimus,
1151 2113 1225 2155 cui
1247 2111 1536 2168 prouincialis
1555 2111 1644 2165 (vbi
1663 2125 1753 2153 non

131 2200 251 2237 esset
273 2191 618 2246 commissarius)
643 2205 774 2233 casus
796 2205 886 2232 non
910 2191 1054 2232 solum
1076 2189 1238 2232 secreti
1260 2190 1340 2233 sed
1363 2188 1589 2231 manifesti
1619 2188 1753 2231 etiam

133 2276 487 2320 reseruarentur,
514 2275 557 2311 et
579 2268 656 2322 qui
679 2267 850 2311 interea
873 2268 979 2308 dum
1003 2266 1194 2308 mittitur
1210 2271 1291 2312 269
1310 2265 1423 2307 alius
1445 2265 1753 2320 prouincialis,

134 2345 356 2401 siquidem
385 2344 632 2387 mittendus
659 2344 733 2396 sit,
770 2343 1160 2399 viceprouincialis
1191 2351 1325 2394 esset,
1359 2356 1493 2396 quem
1532 2342 1758 2397 generalis

133 2421 429 2478 praepositus,
464 2435 553 2463 non
581 2421 725 2463 solum
748 2421 802 2463 ad
826 2423 946 2463 hunc
971 2434 1117 2464 rerum
1140 2427 1355 2462 euentum
1379 2420 1568 2462 haberet
1591 2418 1636 2459 in
1659 2418 1755 2460 sin—

133 2499 252 2554 gulis
272 2497 517 2554 prouinciis
539 2497 842 2553 designatum,
863 2498 942 2540 sed
965 2496 1099 2541 etiarn
1121 2504 1170 2538 vt
1192 2503 1327 2548 esset,
1354 2495 1430 2550 qui
1453 2495 1598 2537 vicem
1621 2508 1755 2550 gere-

136 2583 203 2619 ret
232 2573 536 2631 prouincialis,
568 2574 605 2616 si
634 2573 708 2617 ille
735 2581 964 2629 egrotaret
991 2573 1069 2625 ita,
1094 2581 1143 2616 vt
1171 2587 1262 2615 non
1294 2579 1449 2627 posset
1480 2570 1756 2626 prouinciam

137 2653 407 2707 gubernare.
434 2652 489 2692 Et
511 2651 556 2692 in
580 2650 716 2692 Indiis
739 2649 920 2704 quidem
944 2650 1028 2693 erit
1056 2663 1290 2692 necessum
1316 2651 1439 2689 hunc
1469 2646 1757 2702 viceprouin—
1806 2699 1815 2705 q·

139 2727 295 2770 cialem
319 2740 417 2769 esse
439 2726 742 2781 designatum,
768 2726 840 2769 cui
864 2740 995 2768 casus
1017 2724 1359 2781 prouincialium
1384 2722 1604 2766 reseruari
1629 2730 1758 2777 pote—

139 2811 260 2848 runt.
287 2802 463 2845 Placuit
485 2810 640 2858 postea
662 2802 861 2858 generali
884 2802 1138 2858 praeposito
1160 2802 1204 2843 in
1238 2802 1304 2843 2.ξι
1334 2799 1535 2855 generali
1565 2812 1758 2854 congre-

141 2880 338 2935 gatione,
371 2886 418 2920 vt
445 2879 703 2921 huiusmodi
733 2876 964 2934 professus
997 2877 1310 2932 designaretur
1343 2876 1387 2917 in
1425 2874 1617 2930 singulis
1654 2887 1757 2929 pro-

141 2955 324 3007 uinciis,
349 2955 405 2997 ad
428 2969 561 3010 quem
585 2969 716 2997 casus
739 2954 1081 3010 prouincialium
1112 2959 1472 2996 reseruarentur:
1499 2965 1654 2994 verum
1678 2964 1759 2991 cu—

142 3033 330 3074 randum
353 3038 422 3074 est
443 3038 491 3072 vt
519 3031 591 3074 ille
615 3038 790 3074 secreto
813 3031 1092 3085 designetur,
1120 3043 1201 3072 nec
1224 3028 1404 3083 signum
1428 3027 1608 3081 aliquod
1631 3028 1762 3069 detur
