2028 3426
344 212 413 248 688
814 209 967 245 PA‘rms
994 208 1237 243 HJERONYMl
1265 206 1414 242 NADAL

384 320 439 362 36
472 314 588 361 Vide
605 312 916 355 infidelitatem
936 318 1059 353 tuam
1080 309 1124 352 in
1144 309 1217 352 via
1233 308 1432 361 Domini3
1445 322 1565 359 nam,
1581 306 1619 350 si
1636 309 1750 351 haec
1768 321 1930 363 ageres

297 394 340 436 in
365 391 602 437 seruitium
625 404 767 447 papae
796 404 852 431 au
884 387 1097 438 caesaris,
1123 400 1345 443 sperares,
1377 386 1647 436 confideres,
1673 399 1764 427 non
1795 384 1929 427 dubi-

298 478 415 513 tares
438 468 524 511 illis
547 475 734 523 accepta
758 466 808 508 iri
827 479 944 520 quae
967 479 1144 521 ageres;
1172 471 1216 508 et
1239 463 1276 506 si
1300 476 1418 519 quae
1441 476 1617 518 agereS,
1643 469 1688 504 et
1710 461 1747 504 si
1772 475 1861 517 qua
1884 461 1928 503 in

298 562 345 591 re
367 546 638 596 offenderes,
666 543 793 586 facile
824 542 904 584 tibi
935 542 1170 585 remissum
1202 541 1268 584 iri.
1313 539 1437 595 Quid
1475 539 1615 595 igitur
1643 553 1796 582 coram
1830 540 1928 582 Deo

296 623 467 679 optimo
490 622 688 664 maximo
712 619 930 676 trepidas?
953 633 1122 675 magno
1145 618 1295 661 animo
1318 631 1447 673 spera
1470 631 1549 672 per
1577 622 1860 659 constantem
1885 623 1929 658 et

296 699 599 756 longanimem
626 696 902 753 patientiam.
1837 679 1840 683 ⁴

384 779 509 820 Deus
532 775 624 817 vita
647 782 729 817 est:
758 776 883 818 Deus
913 773 1099 829 spiritus
1127 780 1194 816 est
1224 771 1478 814 viuificans:
1506 770 1579 813 hic
1609 784 1771 813 sensus
1802 769 1926 826 spiri-

296 862 369 897 tus
391 853 593 895 viuificat
615 866 706 894 cor.

383 933 453 973 Da
489 943 668 985 operam
708 936 753 970 vt
793 927 961 970 sentias
999 927 1107 983 quid
1136 927 1280 969 oratio
1316 927 1390 978 sit,
1416 925 1525 981 quid
1563 925 1850 975 sacrificium,
1882 932 1927 967 et

295 1007 673 1063 quemadmodum
701 1005 1055 1061 coniungantur.
1089 1003 1288 1060 Spiritus
1320 1011 1506 1046 sanctus
1534 1002 1654 1045 enim
1692 1001 1927 1044 adiuuabit

295 1085 350 1127 ad
373 1084 638 1135 orationem,
665 1090 710 1126 et
740 1097 820 1138 pro
858 1089 903 1126 te
933 1080 1195 1137 postulabit3
1230 1082 1379 1136 Xpus.
1411 1095 1520 1123 vero
1558 1094 1639 1135 pro
1678 1087 1721 1121 te
1749 1080 1921 1122 offeret.

298 1163 412 1204 Nam
438 1161 481 1203 in
506 1160 672 1204 virtute
695 1160 804 1216 Xpi.
833 1158 1086 1202 oblationes
1104 1157 1140 1201 si
1160 1172 1249 1200 non
1268 1157 1515 1210 offerimus,
1541 1156 1652 1199 nihil
1675 1155 1921 1199 offerimus.

296 1239 450 1282 Solum
482 1238 590 1279 illud
621 1236 705 1279 fuit
733 1235 1001 1280 sacrificium
1044 1250 1121 1291 per
1159 1249 1207 1278 se
1236 1237 1335 1278 Deo
1363 1242 1600 1290 acceptum
1631 1242 1675 1277 et
1708 1249 1785 1289 per
1813 1233 1924 1275 illud

295 1315 459 1357 omnia.
487 1315 643 1357 Habes
666 1313 739 1356 hic
762 1314 946 1369 longam
970 1312 1306 1355 meditationem
1323 1319 1462 1374 'atque
1484 1311 1728 1354 assiduam.

382 1392 515 1434 Nulla
539 1391 584 1432 in
614 1379 662 1434 re
692 1398 841 1433 creata
872 1389 1005 1432 sistas
1033 1389 1141 1444 quin
1171 1404 1226 1432 ex
1264 1404 1315 1432 ea
1353 1389 1409 1431 ad
1448 1390 1593 1432 Deum
1629 1395 1854 1443 penetres,
1880 1394 1923 1429 et

291 1468 475 1511 coelesti
500 1468 649 1523 aliqua
668 1466 979 1518 meditatione,
1002 1465 1235 1517 relatione,
1258 1473 1382 1508 motu
1401 1464 1622 1518 interiori,
1642 1466 1775 1508 addet
1793 1465 1923 1506 Chri-

291 1554 387 1588 stus
406 1560 590 1589 sensum
609 1544 807 1600 spiritus.

378 1623 434 1667 37
468 1622 584 1665 Vide
609 1621 856 1665 efficaciam
882 1620 1119 1673 orationis,
1148 1628 1249 1676 pete
1282 1619 1449 1675 aliquid
1479 1619 1521 1661 in
1557 1619 1774 1670 oratione,
1801 1621 1921 1674 quod

292 1708 438 1744 tamen
463 1700 519 1742 ad
542 1700 688 1743 solum
713 1698 798 1741 Dei
822 1697 1058 1760 seruitium
1084 1698 1268 1749 referas,
1295 1698 1418 1753 quod
1440 1698 1611 1740 bonurn
1634 1696 1692 1738 sit
1717 1696 1915 1739 omnino.

289 1776 335 1821 Si
359 1791 464 1820 vere
487 1791 604 1829 oras,
631 1777 708 1820 fiet
731 1776 776 1818 in
800 1789 1049 1832 progressu
1072 1774 1288 1817 orationis
1313 1782 1360 1816 vt
1383 1773 1612 1830 petitionis
1635 1781 1738 1818 tuae
1761 1773 1918 1816 obliui-

288 1853 444 1904 scaris,
470 1861 514 1897 et
539 1861 661 1896 totus
685 1853 747 1896 sis
770 1853 815 1895 in
838 1853 1116 1895 voluntatem
1147 1851 1233 1896 Dei
1263 1851 1511 1894 coniectus:
1549 1851 1659 1893 nihil
1683 1851 1768 1894 iam
1791 1858 1918 1907 petas

288 1931 573 1985 particulare,
600 1931 679 1974 sed
703 1930 800 1973 eius
825 1937 1000 1972 tantum
1023 1933 1303 1972 voluntatem
1327 1927 1528 1983 implere.

379 2009 465 2049 Per
498 2008 632 2049 fidem
667 2007 866 2050 uincitur
899 2005 1152 2058 infirmitas,
1185 2005 1319 2048 etiam
1349 2004 1607 2061 corporalis.
1645 2005 1793 2048 Firma
1827 2014 1912 2057 est,

290 2092 450 2139 potens
475 2092 559 2136 est,
587 2084 807 2128 securitas
829 2083 1052 2138 quaedam
1077 2091 1144 2126 est
1167 2082 1310 2126 fortis.

378 2161 456 2202 Est
479 2175 742 2203 neccessum
766 2161 822 2203 ad
847 2174 1000 2204 ueram
1025 2159 1141 2202 viam
1159 2158 1552 2215 contemplationis
1571 2166 1618 2200 vt
1635 2158 1820 2203 interior
1838 2161 1916 2202 ha·

287 2238 447 2280 beatur
472 2251 632 2280 sensus
655 2236 974 2292 poenitentiae,
1001 2237 1157 2280 saltem
1182 2236 1226 2278 in
1245 2250 1429 2292 genere,
1456 2250 1571 2291 quae
1591 2243 1740 2280 tecum
1761 2251 1913 2292 perse-

286 2320 430 2365 ueret,
464 2328 552 2356 non
587 2315 730 2356 solum
771 2314 1113 2369 praeteritorum
1152 2321 1456 2368 peccatorum,
1498 2313 1578 2357 sed
1610 2313 1913 2369 praesentium

286 2405 465 2450 quoque
488 2398 533 2432 et
562 2390 820 2432 oblitorum.
855 2390 975 2433 Hinc
1012 2390 1280 2433 conciliatur
1316 2390 1525 2433 confusio
1562 2404 1712 2433 coram
1741 2392 1845 2434 Deo
1870 2399 1914 2435 et

287 2466 535 2519 humilitas,
562 2467 762 2509 nascitur
784 2467 953 2509 fiducia
970 2467 1015 2510 in
1039 2469 1154 2519 De03
1182 2481 1298 2522 quae
1321 2475 1427 2510 sunt
1456 2467 1725 2524 grauissima
1748 2467 1913 2524 princi-

286 2544 356 2599 pia
393 2545 449 2587 ad
487 2543 929 2599 contemplationem.
967 2544 1184 2599 Alioquin
1223 2553 1290 2588 est
1323 2544 1532 2600 superbia
1568 2545 1665 2589 sine
1697 2545 1911 2589 exercitio

285 2620 570 2677 purgationis
593 2620 714 2663 adire
736 2620 1002 2673 orationem,
1029 2622 1186 2665 saltem
1210 2623 1267 2665 ad
1289 2621 1522 2677 principia.

373 2697 539 2753 Magna
559 2705 604 2740 et
627 2697 949 2740 iucundissima
972 2705 1040 2741 est
1059 2698 1334 2741 familiaritas
1355 2713 1459 2742 cum
1480 2701 1595 2752 Deo,
1616 2714 1752 2755 supra
1775 2714 1908 2754 quam

283 2775 494 2830 explicari
519 2782 683 2831 potest,
710 2782 803 2817 tota
825 2773 870 2815 in
894 2774 991 2817 eius
1014 2775 1321 2818 misericordia
1343 2783 1387 2819 et
1410 2776 1612 2819 bonitate
1636 2775 1694 2820 38
1723 2777 1908 2819 fundata

284 2860 327 2895 et
351 2853 575 2907 absorpta:
603 2851 678 2893 vbi
703 2850 807 2893 boni
832 2850 941 2893 nihil
971 2851 1014 2893 in
1049 2859 1092 2895 te
1129 2852 1285 2904 sentis,
1313 2854 1391 2895 sed
1420 2854 1545 2897 Deus
1567 2854 1618 2896 fit
1647 2853 1728 2896 tibi
1759 2853 1909 2896 omnia

282 2927 328 2969 in
353 2928 578 2980 omnibus3
605 2927 711 2970 hinc
736 2927 846 2970 mira
869 2929 1062 2971 dulcedo
1091 2928 1417 2983 colloquiorum
1446 2929 1665 2982 succedit,
1694 2938 1905 2985 tanquam

283 3003 412 3046 amici
441 3006 496 3046 ad
535 3004 746 3055 amicum,
783 3003 966 3057 fiducia,
999 3019 1116 3059 spes,
1149 3006 1277 3058 fides,
1311 3005 1518 3059 virtutes,
1553 3007 1687 3059 dona,
1714 3007 1902 3063 gratiae.
