2028 3426
357 213 426 257 7¹6
831 212 984 250 PATms
1012 212 1256 247 Hir-:RONYMI
1283 211 1432 247 NADAL

312 317 548 360 vtilitatem
591 325 711 359 tuam
740 319 824 360 249
855 323 899 358 et
927 313 1135 370 proximi,
1167 320 1215 355 vt
1243 313 1434 369 apostoli
1463 313 1594 370 signa
1630 315 1936 370 postulabant,

307 403 353 436 et
375 393 566 437 ecclesia
589 392 937 436 consolationes.

399 470 593 514 Mittitur
616 470 801 526 spiritus
825 485 849 511 a
875 471 1010 513 Patre
1033 476 1077 513 et
1101 467 1326 525 Filio.JFit
1350 467 1489 523 igitur
1512 482 1566 512 ea
1590 467 1805 513 missione
1827 476 1875 511 vt
1898 468 1941 510 in

309 548 468 604 >piritu
491 547 710 591 sentiatur
734 547 852 589 illius
876 545 1112 602 productio
1135 552 1320 589 aeterna
1342 552 1386 588 et
1410 545 1586 588 infinita
1609 545 1741 588 modo
1760 545 1943 589 inenar—

312 627 456 670 rabili.

399 703 590 747 Cuidam
627 701 864 744 meditanti
897 701 1281 757 quemadmodum
1311 700 1520 756 apostoli,
1554 707 1744 756 accepto
1772 699 1943 756 Spiritu

309 789 482 832 sancto,
519 781 823 834 loquebantur
857 777 1084 834 magnalia
1112 777 1214 831 Dei,
1248 777 1358 819 nihil
1387 772 1655 821 occurrebat
1685 776 1787 833 ipsi,
1821 777 1942 832 quod

308 859 433 914 prius
462 859 738 911 loqueretur,
771 870 904 911 quam
936 862 1139 910 peccata,
1165 869 1191 897 e
1219 854 1385 909 quibus
1407 869 1509 897 eum
1532 853 1756 897 Dominus
1779 853 1941 896 libera-

309 943 492 979 uerat...

396 1012 593 1068 Quidam
619 1012 662 1053 in
687 1010 758 1054 die
782 1012 956 1055 Ssrnae.
984 1009 1221 1052 Trinitatis
1250 1009 1552 1053 meditabatur
1574 1009 1753 1053 diuinas
1776 1011 1942 1066 produ-

306 1090 482 1133 ctiones
510 1103 565 1131 ex
594 1088 816 1132 infinitate
846 1087 1016 1139 diuina,
1049 1087 1093 1129 in
1123 1101 1211 1142 qua
1241 1086 1390 1129 omnia
1419 1086 1549 1130 facile
1577 1086 1816 1131 videbatur
1844 1101 1941 1130 cre-

308 1168 432 1218 dere,
476 1166 748 1221 intelligere.
796 1164 946 1209 Subiit
979 1163 1196 1220 cogitatio
1228 1164 1284 1206 de
1321 1163 1545 1207 infinitate
1581 1163 1796 1207 bonitatis
1827 1164 1933 1209 Dei.

307 1245 461 1299 Itaque
484 1244 540 1286 ad
563 1245 680 1285 hanc
703 1242 1096 1298 contemplandam
1126 1241 1257 1285 facile
1285 1242 1547 1293 accedebat,
1572 1246 1642 1287 251
1667 1256 1718 1284 ac
1741 1241 1943 1285 suauiter

303 1320 672 1375 conquiescebat3
705 1319 750 1361 in
780 1319 978 1363 essentia
1007 1333 1114 1361 vero
1137 1319 1501 1374 contemplanda,
1531 1319 1775 1361 difficulter
1805 1326 1941 1374 atque

307 1397 573 1449 insuauiter,
600 1396 739 1439 veluti
756 1396 999 1452 asperitate
1017 1396 1209 1451 quadam
1233 1396 1289 1438 ab
1307 1394 1380 1438 illa
1398 1395 1690 1440 meditatione
1713 1396 1937 1452 repulsus,

305 1474 431 1529 quasi
466 1473 740 1529 intelligeret
770 1473 878 1529 quid
910 1473 983 1516 sit:
1025 1473 1287 1517 «Scrutator
1326 1471 1572 1516 maiestatis
1605 1472 1882 1528 opprimetur
1914 1487 1939 1515 a

304 1551 448 1605 gloria
475 1553 501 1594 ¹.
516 1572 532 1590 ι)

393 1630 440 1671 In
463 1628 536 1672 die
559 1626 734 1672 Ssmae.
761 1627 1013 1678 Trinitatis,
1038 1642 1178 1683 quum
1202 1628 1382 1683 quidam
1407 1635 1571 1680 oraret,
1593 1641 1676 1670 nec
1695 1627 1936 1682 quicquam

303 1707 360 1749 de
402 1708 535 1748 Patre
572 1704 749 1761 ignatio
787 1705 1024 1760 cogitaret,
1061 1704 1199 1747 subiit
1232 1713 1428 1747 mentem
1467 1691 1938 1761 illius-contemplatio

302 1783 469 1839 Ignatii
492 1782 698 1825 sublimis
720 1782 775 1825 de
799 1781 1036 1834 Trinitate,
1062 1789 1107 1824 et
1130 1782 1415 1826 desiderabat
1439 1790 1485 1824 vt
1508 1781 1554 1824 in
1577 1782 1651 1825 illa
1673 1796 1752 1837 per
1770 1781 1935 1824 oratio-

307 1874 408 1902 nem
432 1859 595 1916 Ignatii
619 1859 868 1902 iuuaretur.
895 1859 1013 1902 Dein
1035 1859 1185 1903 statim
1215 1859 1405 1903 accessit
1427 1859 1612 1903 deuotio
1641 1859 1863 1914 quaedam
1891 1858 1937 1900 in

304 1936 530 1993 Ignatium
555 1951 736 1991 magna,
767 1943 894 1979 extra
918 1936 1136 1988 ordinem,
1163 1944 1208 1979 et
1230 1936 1374 1980 oratio
1398 1943 1446 1978 vt
1464 1951 1544 1992 per
1562 1936 1686 1979 illum
1704 1937 1937 1992 guberna—

306 2021 427 2056 retur
450 2020 494 2055 et
517 2012 612 2068 ipse
635 2020 680 2056 et
702 2012 922 2056 Societas:
950 2013 1055 2058 inde
1084 2021 1276 2068 sequuta
1305 2013 1538 2070 dissipatio
1569 2013 1786 2064 omnium,
1818 2026 1935 2068 quae

303 2105 629 2145 nonnunquam
654 2092 769 2132 hanc
793 2090 1082 2134 deuotionem
1108 2098 1410 2142 tentauerant,
1437 2098 1482 2134 et
1504 2106 1589 2146 pax
1613 2104 1779 2147 magna
1796 2090 1935 2133 deuo-

306 2167 437 2209 tionis
461 2167 504 2208 in
530 2166 756 2222 Ignatium
779 2173 824 2210 et
848 2166 967 2210 illius
996 2167 1208 2210 omnibus
1237 2167 1350 2211 actis
1379 2182 1430 2210 ac
1460 2167 1607 2211 dictis.
1640 2168 1796 2222 Itaque
1825 2166 1935 2209 nihil

300 2258 539 2287 occurrere
563 2251 751 2298 poterat,
778 2245 901 2298 quod
924 2259 1013 2287 non
1033 2244 1139 2287 boni
1157 2245 1430 2296 consuleret,
1451 2259 1554 2287 cum
1573 2251 1712 2301 gustu
1731 2243 1930 2300 spiritus;

302 2320 568 2363 nominatim
598 2335 704 2362 vero
739 2321 914 2365 vineam
945 2336 996 2365 ac
1029 2323 1212 2365 domum
1245 2322 1343 2365 eius
1378 2329 1502 2364 tanto
1536 2323 1702 2366 affectu
1733 2321 1934 2376 comple-

301 2399 526 2449 ctabatur,
564 2406 610 2439 vt
641 2403 725 2444 252
760 2398 868 2440 nihil
902 2407 1022 2443 esset
1052 2398 1096 2441 in
1127 2399 1228 2451 illis,
1255 2399 1375 2453 quod
1404 2413 1495 2441 non
1518 2406 1703 2454 cuperet
1734 2396 1935 2441 suauiter

298 2474 570 2517 deosculari.

392 2552 456 2593 Ex
479 2561 618 2607 gustu
645 2552 827 2608 spiritus
850 2554 905 2595 de
929 2554 1075 2596 Ssma.
1105 2552 1343 2603 Trinitate,
1370 2552 1492 2603 vnio,
1519 2566 1604 2607 pax
1622 2559 1667 2594 et
1685 2550 1870 2595 deuotio
1887 2549 1930 2592 in

304 2628 539 2682 ignatium.

392 2706 587 2761 Magnus
610 2720 771 2749 sensus
794 2720 897 2748 cum
921 2707 1166 2763 lachrymis
1189 2707 1233 2749 in
1257 2706 1573 2762 procuratione
1592 2706 1709 2761 asud
1728 2704 1929 2748 cardina-

301 2782 383 2821 lem
412 2781 786 2834 Alexandrinum,
814 2791 860 2824 vt
882 2783 1128 2826 Germania
1151 2784 1336 2826 iuuetur
1358 2798 1383 2825 a
1409 2783 1550 2826 Paulo
1573 2796 1614 2835 4.

390 2856 624 2913 Optimum
649 2858 832 2914 spiritus
855 2860 1140 2911 exercitium,
1167 2867 1215 2901 vt
1234 2873 1557 2914 nonnunquam
1579 2858 1661 2902 Dei
1681 2857 1930 2901 misericor-

372 3024 378 3040 ¹
433 3022 577 3064 PRov.‚
599 3024 723 3068 XXV,
746 3034 804 3069 27.
