<?xml version="1.0" encoding="UTF-8"?>
<!DOCTYPE html PUBLIC "-//W3C//DTD XHTML 1.0 Transitional//EN"
    "http://www.w3.org/TR/xhtml1/DTD/xhtml1-transitional.dtd">
<html xmlns="http://www.w3.org/1999/xhtml" xml:lang="en" lang="en">
 <head>
  <title>
</title>
<meta http-equiv="Content-Type" content="text/html;charset=utf-8" />
  <meta name='ocr-system' content='tesseract 3.04.00' />
  <meta name='ocr-capabilities' content='ocr_page ocr_carea ocr_par ocr_line ocrx_word'/>
</head>
<body>
  <div class='ocr_page' id='page_1' title='image "./epistolaephieron11nada/epistolaephieron11nada_0669.png"; bbox 0 0 2028 3426; ppageno 0'>
   <div class='ocr_carea' id='block_1_1' title="bbox 0 1975 64 3426">
    <p class='ocr_par' dir='ltr' id='par_1_1' title="bbox 0 1975 64 3426">
     <span class='ocr_line' id='line_1_1' title="bbox 0 1975 64 3426; baseline 0 0"><span class='ocrx_word' id='word_1_1' title='bbox 0 1975 64 3426; x_wconf 95' lang='lat' dir='ltr'> </span> 
     </span>
    </p>
   </div>
   <div class='ocr_carea' id='block_1_2' title="bbox 310 241 1619 290">
    <p class='ocr_par' dir='ltr' id='par_1_2' title="bbox 310 241 1619 290">
     <span class='ocr_line' id='line_1_2' title="bbox 310 241 1619 290; baseline 0.002 -13"><span class='ocrx_word' id='word_1_2' title='bbox 310 243 459 288; x_wconf 68' lang='lat' dir='ltr'>Dici-A,</span> <span class='ocrx_word' id='word_1_3' title='bbox 490 250 544 277; x_wconf 81' lang='lat' dir='ltr'>Ex</span> <span class='ocrx_word' id='word_1_4' title='bbox 572 241 821 276; x_wconf 75' lang='lat' dir='ltr'>SOCIETATls</span> <span class='ocrx_word' id='word_1_5' title='bbox 848 241 1060 277; x_wconf 77' lang='lat' dir='ltr'>PATmBUs</span> <span class='ocrx_word' id='word_1_6' title='bbox 1087 244 1400 288; x_wconf 77' lang='lat' dir='ltr'>COLLEcTA—-65</span> <span class='ocrx_word' id='word_1_7' title='bbox 1549 244 1619 290; x_wconf 79' lang='lat'>643</span> 
     </span>
    </p>
   </div>
   <div class='ocr_carea' id='block_1_3' title="bbox 4 341 1683 1777">
    <p class='ocr_par' dir='ltr' id='par_1_3' title="bbox 4 341 1683 1777">
     <span class='ocr_line' id='line_1_3' title="bbox 44 341 1665 397; baseline 0.001 -11"><span class='ocrx_word' id='word_1_8' title='bbox 44 343 314 387; x_wconf 86' lang='lat' dir='ltr'>sideratione</span> <span class='ocrx_word' id='word_1_9' title='bbox 332 342 507 386; x_wconf 91' lang='lat' dir='ltr'>videbis</span> <span class='ocrx_word' id='word_1_10' title='bbox 523 341 739 385; x_wconf 89' lang='lat' dir='ltr'>iustitiam</span> <span class='ocrx_word' id='word_1_11' title='bbox 756 341 840 384; x_wconf 87' lang='lat' dir='ltr'>Dei</span> <span class='ocrx_word' id='word_1_12' title='bbox 856 356 965 397; x_wconf 88' lang='lat' dir='ltr'>erga</span> <span class='ocrx_word' id='word_1_13' title='bbox 984 343 1234 395; x_wconf 87' lang='lat' dir='ltr'>damnatos,</span> <span class='ocrx_word' id='word_1_14' title='bbox 1255 351 1299 385; x_wconf 90' lang='lat' dir='ltr'>et</span> <span class='ocrx_word' id='word_1_15' title='bbox 1318 344 1665 388; x_wconf 73' lang='lat' dir='ltr'>misericordiam</span> 
     </span>
     <span class='ocr_line' id='line_1_4' title="bbox 44 418 1668 476; baseline 0.001 -13"><span class='ocrx_word' id='word_1_16' title='bbox 44 435 154 476; x_wconf 84' lang='lat' dir='ltr'>erga</span> <span class='ocrx_word' id='word_1_17' title='bbox 182 427 226 464; x_wconf 90' lang='lat' dir='ltr'>te</span> <span class='ocrx_word' id='word_1_18' title='bbox 254 428 300 462; x_wconf 92' lang='lat' dir='ltr'>et</span> <span class='ocrx_word' id='word_1_19' title='bbox 327 434 542 471; x_wconf 85' lang='lat' dir='ltr'>amorem;</span> <span class='ocrx_word' id='word_1_20' title='bbox 575 419 751 462; x_wconf 89' lang='lat' dir='ltr'>uidebis</span> <span class='ocrx_word' id='word_1_21' title='bbox 783 418 918 461; x_wconf 87' lang='lat' dir='ltr'>etiam</span> <span class='ocrx_word' id='word_1_22' title='bbox 951 427 1165 473; x_wconf 88' lang='lat' dir='ltr'>quantam</span> <span class='ocrx_word' id='word_1_23' title='bbox 1199 421 1496 463; x_wconf 87' lang='lat' dir='ltr'>reuerentiam</span> <span class='ocrx_word' id='word_1_24' title='bbox 1529 423 1668 466; x_wconf 86' lang='lat' dir='ltr'>debes</span> 
     </span>
     <span class='ocr_line' id='line_1_5' title="bbox 38 495 1668 551; baseline 0 -11"><span class='ocrx_word' id='word_1_25' title='bbox 38 497 258 540; x_wconf 60' lang='lat' dir='ltr'>‘fratribus</span> <span class='ocrx_word' id='word_1_26' title='bbox 300 504 345 540; x_wconf 89' lang='lat' dir='ltr'>et</span> <span class='ocrx_word' id='word_1_27' title='bbox 382 496 576 540; x_wconf 78' lang='lat' dir='ltr'>maxime</span> <span class='ocrx_word' id='word_1_28' title='bbox 613 495 921 551; x_wconf 88' lang='lat' dir='ltr'>superioribus</span> <span class='ocrx_word' id='word_1_29' title='bbox 963 504 1009 538; x_wconf 90' lang='lat' dir='ltr'>et</span> <span class='ocrx_word' id='word_1_30' title='bbox 1046 503 1264 550; x_wconf 90' lang='lat' dir='ltr'>quantum</span> <span class='ocrx_word' id='word_1_31' title='bbox 1309 497 1533 539; x_wconf 88' lang='lat' dir='ltr'>humiliari</span> <span class='ocrx_word' id='word_1_32' title='bbox 1570 501 1668 542; x_wconf 91' lang='lat' dir='ltr'>Deo</span> 
     </span>
     <span class='ocr_line' id='line_1_6' title="bbox 46 571 1666 628; baseline 0.001 -13"><span class='ocrx_word' id='word_1_33' title='bbox 46 574 226 628; x_wconf 89' lang='lat' dir='ltr'>quando</span> <span class='ocrx_word' id='word_1_34' title='bbox 248 572 572 623; x_wconf 79' lang='lat' dir='ltr'>communicas,</span> <span class='ocrx_word' id='word_1_35' title='bbox 598 573 719 627; x_wconf 91' lang='lat' dir='ltr'>quod</span> <span class='ocrx_word' id='word_1_36' title='bbox 743 572 869 614; x_wconf 86' lang='lat' dir='ltr'>uelut</span> <span class='ocrx_word' id='word_1_37' title='bbox 891 571 1019 614; x_wconf 90' lang='lat' dir='ltr'>alteri</span> <span class='ocrx_word' id='word_1_38' title='bbox 1040 572 1187 628; x_wconf 89' lang='lat' dir='ltr'>Judae</span> <span class='ocrx_word' id='word_1_39' title='bbox 1215 573 1291 615; x_wconf 93' lang='lat' dir='ltr'>det</span> <span class='ocrx_word' id='word_1_40' title='bbox 1320 587 1484 628; x_wconf 89' lang='lat' dir='ltr'>corpus</span> <span class='ocrx_word' id='word_1_41' title='bbox 1516 589 1666 627; x_wconf 91' lang='lat' dir='ltr'>suum,</span> 
     </span>
     <span class='ocr_line' id='line_1_7' title="bbox 28 647 1667 704; baseline 0.001 -14"><span class='ocrx_word' id='word_1_42' title='bbox 28 649 167 704; x_wconf 68' lang='lat' dir='ltr'>&#39;quod</span> <span class='ocrx_word' id='word_1_43' title='bbox 188 649 321 691; x_wconf 88' lang='lat' dir='ltr'>detur</span> <span class='ocrx_word' id='word_1_44' title='bbox 345 648 425 689; x_wconf 88' lang='lat' dir='ltr'>tibi</span> <span class='ocrx_word' id='word_1_45' title='bbox 449 655 626 703; x_wconf 86' lang='lat' dir='ltr'>tempus</span> <span class='ocrx_word' id='word_1_46' title='bbox 648 647 925 703; x_wconf 88' lang='lat' dir='ltr'>poenitendi.</span> <span class='ocrx_word' id='word_1_47' title='bbox 952 648 994 690; x_wconf 89' lang='lat' dir='ltr'>O</span> <span class='ocrx_word' id='word_1_48' title='bbox 1013 647 1225 698; x_wconf 77' lang='lat' dir='ltr'><strong>Domine,</strong></span> <span class='ocrx_word' id='word_1_49' title='bbox 1247 647 1283 689; x_wconf 92' lang='lat' dir='ltr'>si</span> <span class='ocrx_word' id='word_1_50' title='bbox 1303 656 1350 689; x_wconf 92' lang='lat' dir='ltr'>tu</span> <span class='ocrx_word' id='word_1_51' title='bbox 1368 649 1515 703; x_wconf 87' lang='lat' dir='ltr'>aperis</span> <span class='ocrx_word' id='word_1_52' title='bbox 1534 649 1667 702; x_wconf 86' lang='lat' dir='ltr'>viam,</span> 
     </span>
     <span class='ocr_line' id='line_1_8' title="bbox 48 723 1669 781; baseline -0.001 -13"><span class='ocrx_word' id='word_1_53' title='bbox 48 740 213 781; x_wconf 83' lang='lat' dir='ltr'>magna</span> <span class='ocrx_word' id='word_1_54' title='bbox 241 724 542 768; x_wconf 79' lang='lat' dir='ltr'>consideratio</span> <span class='ocrx_word' id='word_1_55' title='bbox 570 732 638 768; x_wconf 89' lang='lat' dir='ltr'>est</span> <span class='ocrx_word' id='word_1_56' title='bbox 668 725 782 768; x_wconf 92' lang='lat' dir='ltr'>haec</span> <span class='ocrx_word' id='word_1_57' title='bbox 819 731 978 766; x_wconf 88' lang='lat' dir='ltr'>contra</span> <span class='ocrx_word' id='word_1_58' title='bbox 1014 723 1286 779; x_wconf 79' lang='lat' dir='ltr'>superbiam,</span> <span class='ocrx_word' id='word_1_59' title='bbox 1326 725 1669 780; x_wconf 80' lang='lat' dir='ltr'>impatientiam,</span> 
     </span>
     <span class='ocr_line' id='line_1_9' title="bbox 48 800 1672 856; baseline 0.001 -12"><span class='ocrx_word' id='word_1_60' title='bbox 48 802 249 844; x_wconf 80' lang='lat' dir='ltr'>acediam</span> <span class='ocrx_word' id='word_1_61' title='bbox 272 809 317 844; x_wconf 89' lang='lat' dir='ltr'>et</span> <span class='ocrx_word' id='word_1_62' title='bbox 340 801 511 856; x_wconf 85' lang='lat' dir='ltr'>reliqua</span> <span class='ocrx_word' id='word_1_63' title='bbox 535 800 658 853; x_wconf 89' lang='lat' dir='ltr'>uitia,</span> <span class='ocrx_word' id='word_1_64' title='bbox 685 809 730 843; x_wconf 91' lang='lat' dir='ltr'>et</span> <span class='ocrx_word' id='word_1_65' title='bbox 752 800 944 844; x_wconf 85' lang='lat' dir='ltr'>maxime</span> <span class='ocrx_word' id='word_1_66' title='bbox 966 802 1023 842; x_wconf 89' lang='lat' dir='ltr'>ad</span> <span class='ocrx_word' id='word_1_67' title='bbox 1044 800 1367 856; x_wconf 81' lang='lat' dir='ltr'>gratitudinem</span> <span class='ocrx_word' id='word_1_68' title='bbox 1390 802 1434 843; x_wconf 92' lang='lat' dir='ltr'>in</span> <span class='ocrx_word' id='word_1_69' title='bbox 1464 802 1672 845; x_wconf 89' lang='lat' dir='ltr'>omnibus</span> 
     </span>
     <span class='ocr_line' id='line_1_10' title="bbox 49 877 1672 921; baseline 0 -1"><span class='ocrx_word' id='word_1_70' title='bbox 49 878 294 920; x_wconf 80' lang='lat' dir='ltr'>beneficiis.</span> <span class='ocrx_word' id='word_1_71' title='bbox 338 878 486 921; x_wconf 90' lang='lat' dir='ltr'>Debet</span> <span class='ocrx_word' id='word_1_72' title='bbox 523 892 623 920; x_wconf 87' lang='lat' dir='ltr'>esse</span> <span class='ocrx_word' id='word_1_73' title='bbox 664 877 856 920; x_wconf 88' lang='lat' dir='ltr'>maxima</span> <span class='ocrx_word' id='word_1_74' title='bbox 893 877 1240 919; x_wconf 81' lang='lat' dir='ltr'>communicatio</span> <span class='ocrx_word' id='word_1_75' title='bbox 1277 877 1532 921; x_wconf 88' lang='lat' dir='ltr'>intellectus</span> <span class='ocrx_word' id='word_1_76' title='bbox 1570 893 1672 921; x_wconf 89' lang='lat' dir='ltr'>cum</span> 
     </span>
     <span class='ocr_line' id='line_1_11' title="bbox 51 953 1675 1008; baseline 0.001 -12"><span class='ocrx_word' id='word_1_77' title='bbox 51 956 302 1005; x_wconf 86' lang='lat' dir='ltr'>uoluntate,</span> <span class='ocrx_word' id='word_1_78' title='bbox 329 954 390 996; x_wconf 92' lang='lat' dir='ltr'>ita</span> <span class='ocrx_word' id='word_1_79' title='bbox 414 962 479 1007; x_wconf 91' lang='lat' dir='ltr'>ut,</span> <span class='ocrx_word' id='word_1_80' title='bbox 505 953 735 998; x_wconf 87' lang='lat' dir='ltr'>intellecta</span> <span class='ocrx_word' id='word_1_81' title='bbox 759 954 872 998; x_wconf 76' lang='lat'>2641·</span> <span class='ocrx_word' id='word_1_82' title='bbox 889 954 1038 1008; x_wconf 86' lang='lat' dir='ltr'>aliqua</span> <span class='ocrx_word' id='word_1_83' title='bbox 1055 954 1262 1006; x_wconf 89' lang='lat' dir='ltr'>ueritate,</span> <span class='ocrx_word' id='word_1_84' title='bbox 1284 954 1402 997; x_wconf 87' lang='lat' dir='ltr'>illam</span> <span class='ocrx_word' id='word_1_85' title='bbox 1420 956 1675 998; x_wconf 89' lang='lat' dir='ltr'>comunicet</span> 
     </span>
     <span class='ocr_line' id='line_1_12' title="bbox 53 1031 1676 1085; baseline 0.001 -12"><span class='ocrx_word' id='word_1_86' title='bbox 53 1031 274 1073; x_wconf 88' lang='lat' dir='ltr'>uoluntati</span> <span class='ocrx_word' id='word_1_87' title='bbox 297 1031 553 1073; x_wconf 89' lang='lat' dir='ltr'>intellectus</span> <span class='ocrx_word' id='word_1_88' title='bbox 575 1039 624 1073; x_wconf 89' lang='lat' dir='ltr'>ut</span> <span class='ocrx_word' id='word_1_89' title='bbox 647 1031 796 1084; x_wconf 86' lang='lat' dir='ltr'>faciat,</span> <span class='ocrx_word' id='word_1_90' title='bbox 822 1031 1204 1085; x_wconf 88' lang='lat' dir='ltr'>quemadmodum</span> <span class='ocrx_word' id='word_1_91' title='bbox 1230 1033 1422 1083; x_wconf 88' lang='lat' dir='ltr'>Martha,</span> <span class='ocrx_word' id='word_1_92' title='bbox 1456 1032 1553 1074; x_wconf 90' lang='lat' dir='ltr'>uiso</span> <span class='ocrx_word' id='word_1_93' title='bbox 1581 1034 1676 1075; x_wconf 91' lang='lat' dir='ltr'>Do·-</span> 
     </span>
     <span class='ocr_line' id='line_1_13' title="bbox 44 1107 1677 1163; baseline 0.002 -15"><span class='ocrx_word' id='word_1_94' title='bbox 44 1107 189 1158; x_wconf 64' lang='lat' dir='ltr'>&gt;mino,</span> <span class='ocrx_word' id='word_1_95' title='bbox 216 1107 396 1150; x_wconf 89' lang='lat' dir='ltr'>uocavit</span> <span class='ocrx_word' id='word_1_96' title='bbox 420 1107 625 1158; x_wconf 87' lang='lat' dir='ltr'>Mariam,</span> <span class='ocrx_word' id='word_1_97' title='bbox 652 1115 697 1151; x_wconf 90' lang='lat' dir='ltr'>et</span> <span class='ocrx_word' id='word_1_98' title='bbox 719 1107 846 1150; x_wconf 83' lang='lat' dir='ltr'>dixit:</span> <span class='ocrx_word' id='word_1_99' title='bbox 882 1107 1126 1163; x_wconf 81' lang='lat' dir='ltr'>«Magister</span> <span class='ocrx_word' id='word_1_100' title='bbox 1159 1115 1290 1151; x_wconf 88' lang='lat' dir='ltr'>uocat</span> <span class='ocrx_word' id='word_1_101' title='bbox 1320 1115 1364 1151; x_wconf 88' lang='lat' dir='ltr'>te</span> <span class='ocrx_word' id='word_1_102' title='bbox 1397 1110 1453 1153; x_wconf 82' lang='lat'>¹.»</span> <span class='ocrx_word' id='word_1_103' title='bbox 1486 1110 1551 1151; x_wconf 91' lang='lat' dir='ltr'>Ita</span> <span class='ocrx_word' id='word_1_104' title='bbox 1581 1111 1677 1151; x_wconf 88' lang='lat' dir='ltr'>uult</span> 
     </span>
     <span class='ocr_line' id='line_1_14' title="bbox 56 1183 1679 1237; baseline 0.002 -11"><span class='ocrx_word' id='word_1_105' title='bbox 56 1186 177 1227; x_wconf 86' lang='lat' dir='ltr'>Deus</span> <span class='ocrx_word' id='word_1_106' title='bbox 202 1185 498 1235; x_wconf 85' lang='lat' dir='ltr'>uoluntatem,</span> <span class='ocrx_word' id='word_1_107' title='bbox 524 1191 569 1227; x_wconf 91' lang='lat' dir='ltr'>et</span> <span class='ocrx_word' id='word_1_108' title='bbox 606 1183 861 1227; x_wconf 86' lang='lat' dir='ltr'>intellectus</span> <span class='ocrx_word' id='word_1_109' title='bbox 898 1184 1034 1228; x_wconf 87' lang='lat' dir='ltr'>debet</span> <span class='ocrx_word' id='word_1_110' title='bbox 1066 1183 1264 1227; x_wconf 88' lang='lat' dir='ltr'>excitare</span> <span class='ocrx_word' id='word_1_111' title='bbox 1296 1186 1593 1237; x_wconf 89' lang='lat' dir='ltr'>uoluntatem,</span> <span class='ocrx_word' id='word_1_112' title='bbox 1634 1194 1679 1229; x_wconf 89' lang='lat' dir='ltr'>et</span> 
     </span>
     <span class='ocr_line' id='line_1_15' title="bbox 4 1260 1675 1318; baseline 0.002 -17"><span class='ocrx_word' id='word_1_113' title='bbox 4 1300 7 1301; x_wconf 14' lang='grc' dir='ltr'><em>γ</em></span> <span class='ocrx_word' id='word_1_114' title='bbox 44 1261 221 1304; x_wconf 74' lang='lat' dir='ltr'>vducere</span> <span class='ocrx_word' id='word_1_115' title='bbox 244 1261 299 1303; x_wconf 91' lang='lat' dir='ltr'>ad</span> <span class='ocrx_word' id='word_1_116' title='bbox 321 1262 487 1311; x_wconf 89' lang='lat' dir='ltr'>Deum,</span> <span class='ocrx_word' id='word_1_117' title='bbox 512 1260 631 1303; x_wconf 88' lang='lat' dir='ltr'>sicut</span> <span class='ocrx_word' id='word_1_118' title='bbox 653 1261 836 1316; x_wconf 87' lang='lat' dir='ltr'>gallina,</span> <span class='ocrx_word' id='word_1_119' title='bbox 862 1260 1052 1303; x_wconf 88' lang='lat' dir='ltr'>inuento</span> <span class='ocrx_word' id='word_1_120' title='bbox 1069 1260 1186 1313; x_wconf 90' lang='lat' dir='ltr'>cibo,</span> <span class='ocrx_word' id='word_1_121' title='bbox 1207 1261 1510 1304; x_wconf 85' lang='lat' dir='ltr'>communicat</span> <span class='ocrx_word' id='word_1_122' title='bbox 1528 1262 1675 1318; x_wconf 81' lang='lat' dir='ltr'>pullis,</span> 
     </span>
     <span class='ocr_line' id='line_1_16' title="bbox 11 1336 1681 1393; baseline 0.004 -17"><span class='ocrx_word' id='word_1_123' title='bbox 11 1373 13 1376; x_wconf 79' lang='grc'>,</span> <span class='ocrx_word' id='word_1_124' title='bbox 53 1337 114 1379; x_wconf 88' lang='lat' dir='ltr'>ita</span> <span class='ocrx_word' id='word_1_125' title='bbox 138 1337 408 1388; x_wconf 90' lang='lat' dir='ltr'>intellectus;</span> <span class='ocrx_word' id='word_1_126' title='bbox 436 1337 563 1380; x_wconf 86' lang='lat' dir='ltr'>aliter</span> <span class='ocrx_word' id='word_1_127' title='bbox 584 1336 736 1380; x_wconf 90' lang='lat' dir='ltr'>aridus</span> <span class='ocrx_word' id='word_1_128' title='bbox 758 1346 908 1379; x_wconf 89' lang='lat' dir='ltr'>manet</span> <span class='ocrx_word' id='word_1_129' title='bbox 932 1337 1130 1393; x_wconf 89' lang='lat' dir='ltr'>spiritus,</span> <span class='ocrx_word' id='word_1_130' title='bbox 1151 1345 1195 1380; x_wconf 89' lang='lat' dir='ltr'>et</span> <span class='ocrx_word' id='word_1_131' title='bbox 1213 1338 1249 1380; x_wconf 89' lang='lat' dir='ltr'>si</span> <span class='ocrx_word' id='word_1_132' title='bbox 1268 1337 1313 1380; x_wconf 91' lang='lat' dir='ltr'>in</span> <span class='ocrx_word' id='word_1_133' title='bbox 1332 1339 1543 1381; x_wconf 86' lang='lat' dir='ltr'>omnibus</span> <span class='ocrx_word' id='word_1_134' title='bbox 1565 1353 1681 1393; x_wconf 88' lang='lat' dir='ltr'>quae</span> 
     </span>
     <span class='ocr_line' id='line_1_17' title="bbox 54 1413 1679 1471; baseline 0.001 -16"><span class='ocrx_word' id='word_1_135' title='bbox 54 1414 248 1469; x_wconf 85' lang='lat' dir='ltr'>legimus</span> <span class='ocrx_word' id='word_1_136' title='bbox 278 1428 489 1456; x_wconf 90' lang='lat' dir='ltr'>curamus</span> <span class='ocrx_word' id='word_1_137' title='bbox 522 1421 570 1456; x_wconf 89' lang='lat' dir='ltr'>ut</span> <span class='ocrx_word' id='word_1_138' title='bbox 598 1413 855 1456; x_wconf 88' lang='lat' dir='ltr'>intellectus</span> <span class='ocrx_word' id='word_1_139' title='bbox 893 1423 937 1457; x_wconf 91' lang='lat' dir='ltr'>et</span> <span class='ocrx_word' id='word_1_140' title='bbox 975 1415 1186 1457; x_wconf 85' lang='lat' dir='ltr'>uoluntas</span> <span class='ocrx_word' id='word_1_141' title='bbox 1223 1414 1446 1466; x_wconf 88' lang='lat' dir='ltr'>cibentur,</span> <span class='ocrx_word' id='word_1_142' title='bbox 1488 1430 1679 1471; x_wconf 85' lang='lat' dir='ltr'>magnos</span> 
     </span>
     <span class='ocr_line' id='line_1_18' title="bbox 49 1490 1679 1548; baseline 0.002 -16"><span class='ocrx_word' id='word_1_143' title='bbox 49 1492 294 1534; x_wconf 50' lang='lat' dir='ltr'>*thesauros</span> <span class='ocrx_word' id='word_1_144' title='bbox 324 1490 526 1545; x_wconf 89' lang='lat' dir='ltr'>acquiret</span> <span class='ocrx_word' id='word_1_145' title='bbox 547 1490 706 1546; x_wconf 77' lang='lat' dir='ltr'>[statim</span> <span class='ocrx_word' id='word_1_146' title='bbox 738 1493 893 1543; x_wconf 90' lang='lat' dir='ltr'>homo,</span> <span class='ocrx_word' id='word_1_147' title='bbox 933 1491 1052 1533; x_wconf 88' lang='lat' dir='ltr'>sicut</span> <span class='ocrx_word' id='word_1_148' title='bbox 1090 1492 1286 1546; x_wconf 87' lang='lat' dir='ltr'>quando,</span> <span class='ocrx_word' id='word_1_149' title='bbox 1327 1493 1417 1534; x_wconf 91' lang='lat' dir='ltr'>duo</span> <span class='ocrx_word' id='word_1_150' title='bbox 1455 1493 1679 1548; x_wconf 88' lang='lat' dir='ltr'>marsupia</span> 
     </span>
     <span class='ocr_line' id='line_1_19' title="bbox 54 1567 1680 1625; baseline 0.002 -17"><span class='ocrx_word' id='word_1_151' title='bbox 54 1568 244 1620; x_wconf 87' lang='lat' dir='ltr'>habens,</span> <span class='ocrx_word' id='word_1_152' title='bbox 270 1567 345 1610; x_wconf 93' lang='lat' dir='ltr'>illa</span> <span class='ocrx_word' id='word_1_153' title='bbox 367 1568 460 1610; x_wconf 90' lang='lat' dir='ltr'>duo</span> <span class='ocrx_word' id='word_1_154' title='bbox 481 1568 653 1623; x_wconf 89' lang='lat' dir='ltr'>implet,</span> <span class='ocrx_word' id='word_1_155' title='bbox 680 1567 815 1609; x_wconf 87' lang='lat' dir='ltr'>ditior</span> <span class='ocrx_word' id='word_1_156' title='bbox 838 1567 938 1620; x_wconf 88' lang='lat' dir='ltr'>erit,</span> <span class='ocrx_word' id='word_1_157' title='bbox 965 1583 1099 1623; x_wconf 90' lang='lat' dir='ltr'>quam</span> <span class='ocrx_word' id='word_1_158' title='bbox 1122 1568 1160 1610; x_wconf 91' lang='lat' dir='ltr'>si</span> <span class='ocrx_word' id='word_1_159' title='bbox 1187 1583 1326 1610; x_wconf 89' lang='lat' dir='ltr'>vnum</span> <span class='ocrx_word' id='word_1_160' title='bbox 1354 1570 1499 1611; x_wconf 87' lang='lat' dir='ltr'>solum</span> <span class='ocrx_word' id='word_1_161' title='bbox 1522 1569 1680 1625; x_wconf 92' lang='lat' dir='ltr'>imple-</span> 
     </span>
     <span class='ocr_line' id='line_1_20' title="bbox 57 1644 1683 1701; baseline 0.002 -17"><span class='ocrx_word' id='word_1_162' title='bbox 57 1653 139 1687; x_wconf 86' lang='lat' dir='ltr'>ret.</span> <span class='ocrx_word' id='word_1_163' title='bbox 167 1644 243 1688; x_wconf 89' lang='lat' dir='ltr'>Sic</span> <span class='ocrx_word' id='word_1_164' title='bbox 268 1645 321 1686; x_wconf 82' lang='lat' dir='ltr'>P.</span> <span class='ocrx_word' id='word_1_165' title='bbox 348 1644 620 1687; x_wconf 86' lang='lat' dir='ltr'>Franciscus</span> <span class='ocrx_word' id='word_1_166' title='bbox 642 1645 700 1688; x_wconf 89' lang='lat' dir='ltr'>de</span> <span class='ocrx_word' id='word_1_167' title='bbox 730 1645 864 1699; x_wconf 87' lang='lat' dir='ltr'>Borja</span> <span class='ocrx_word' id='word_1_168' title='bbox 893 1653 1038 1698; x_wconf 89' lang='lat' dir='ltr'>curat,</span> <span class='ocrx_word' id='word_1_169' title='bbox 1071 1653 1120 1687; x_wconf 91' lang='lat' dir='ltr'>ut</span> <span class='ocrx_word' id='word_1_170' title='bbox 1148 1646 1299 1688; x_wconf 89' lang='lat' dir='ltr'>omnia</span> <span class='ocrx_word' id='word_1_171' title='bbox 1325 1646 1605 1701; x_wconf 89' lang='lat' dir='ltr'>speculativa</span> <span class='ocrx_word' id='word_1_172' title='bbox 1627 1647 1683 1688; x_wconf 87' lang='lat' dir='ltr'>ad</span> 
     </span>
     <span class='ocr_line' id='line_1_21' title="bbox 57 1721 1678 1777; baseline 0.001 -14"><span class='ocrx_word' id='word_1_173' title='bbox 57 1722 269 1764; x_wconf 85' lang='lat' dir='ltr'>affectum</span> <span class='ocrx_word' id='word_1_174' title='bbox 296 1721 498 1772; x_wconf 88' lang='lat' dir='ltr'>reducat,</span> <span class='ocrx_word' id='word_1_175' title='bbox 524 1729 570 1763; x_wconf 90' lang='lat' dir='ltr'>et</span> <span class='ocrx_word' id='word_1_176' title='bbox 599 1721 663 1764; x_wconf 92' lang='lat' dir='ltr'>sic</span> <span class='ocrx_word' id='word_1_177' title='bbox 696 1721 890 1764; x_wconf 86' lang='lat' dir='ltr'>maxime</span> <span class='ocrx_word' id='word_1_178' title='bbox 924 1721 1116 1777; x_wconf 87' lang='lat' dir='ltr'>proficit,</span> <span class='ocrx_word' id='word_1_179' title='bbox 1151 1722 1279 1765; x_wconf 86' lang='lat' dir='ltr'>aliter</span> <span class='ocrx_word' id='word_1_180' title='bbox 1311 1730 1379 1765; x_wconf 84' lang='lat' dir='ltr'>est</span> <span class='ocrx_word' id='word_1_181' title='bbox 1414 1723 1554 1765; x_wconf 85' lang='lat' dir='ltr'>ueluti</span> <span class='ocrx_word' id='word_1_182' title='bbox 1587 1723 1678 1777; x_wconf 89' lang='lat' dir='ltr'>qui,</span> 
     </span>
    </p>
   </div>
   <div class='ocr_carea' id='block_1_4' title="bbox 50 1797 1682 1929">
    <p class='ocr_par' dir='ltr' id='par_1_4' title="bbox 50 1797 1682 1929">
     <span class='ocr_line' id='line_1_22' title="bbox 57 1797 1682 1854; baseline 0.002 -16"><span class='ocrx_word' id='word_1_183' title='bbox 57 1797 183 1853; x_wconf 90' lang='lat' dir='ltr'>piper</span> <span class='ocrx_word' id='word_1_184' title='bbox 213 1799 387 1840; x_wconf 88' lang='lat' dir='ltr'>habens</span> <span class='ocrx_word' id='word_1_185' title='bbox 416 1797 462 1840; x_wconf 91' lang='lat' dir='ltr'>in</span> <span class='ocrx_word' id='word_1_186' title='bbox 491 1812 585 1849; x_wconf 89' lang='lat' dir='ltr'>ore,</span> <span class='ocrx_word' id='word_1_187' title='bbox 613 1797 815 1853; x_wconf 84' lang='lat' dir='ltr'>linguam</span> <span class='ocrx_word' id='word_1_188' title='bbox 844 1799 1028 1842; x_wconf 83' lang='lat' dir='ltr'>haberet</span> <span class='ocrx_word' id='word_1_189' title='bbox 1059 1799 1256 1854; x_wconf 29' lang='lat' dir='ltr'>calidam,</span> <span class='ocrx_word' id='word_1_190' title='bbox 1277 1806 1321 1842; x_wconf 90' lang='lat' dir='ltr'>et</span> <span class='ocrx_word' id='word_1_191' title='bbox 1352 1813 1418 1851; x_wconf 88' lang='lat' dir='ltr'>os;</span> <span class='ocrx_word' id='word_1_192' title='bbox 1446 1807 1490 1842; x_wconf 91' lang='lat' dir='ltr'>et</span> <span class='ocrx_word' id='word_1_193' title='bbox 1514 1806 1682 1841; x_wconf 86' lang='lat' dir='ltr'>storna-</span> 
     </span>
     <span class='ocr_line' id='line_1_23' title="bbox 50 1873 448 1929; baseline 0.005 -14"><span class='ocrx_word' id='word_1_194' title='bbox 50 1875 193 1915; x_wconf 89' lang='lat' dir='ltr'>-chum</span> <span class='ocrx_word' id='word_1_195' title='bbox 216 1873 448 1929; x_wconf 86' lang='lat' dir='ltr'>frigidum.</span> 
     </span>
    </p>
   </div>
   <div class='ocr_carea' id='block_1_5' title="bbox 148 1987 1226 2121">
    <p class='ocr_par' dir='ltr' id='par_1_5' title="bbox 148 1987 1226 2121">
     <span class='ocr_line' id='line_1_24' title="bbox 148 1987 1226 2032; baseline 0.002 -2"><span class='ocrx_word' id='word_1_196' title='bbox 148 1987 262 2031; x_wconf 78' lang='lat' dir='ltr'><strong>270v</strong></span> <span class='ocrx_word' id='word_1_197' title='bbox 532 2001 686 2030; x_wconf 83' lang='lat' dir='ltr'>PATER</span> <span class='ocrx_word' id='word_1_198' title='bbox 710 2001 897 2030; x_wconf 84' lang='lat' dir='ltr'>NOSTER</span> <span class='ocrx_word' id='word_1_199' title='bbox 921 2001 1150 2032; x_wconf 87' lang='lat' dir='ltr'>IGNATIUS</span> <span class='ocrx_word' id='word_1_200' title='bbox 1174 1996 1192 2014; x_wconf 77' lang='lat'>⁸</span> <span class='ocrx_word' id='word_1_201' title='bbox 1215 1990 1226 2008; x_wconf 40' lang='grc' dir='ltr'>Ξ</span> 
     </span>
     <span class='ocr_line' id='line_1_25' title="bbox 815 2077 942 2121; baseline 0.024 -3"><span class='ocrx_word' id='word_1_202' title='bbox 815 2077 942 2121; x_wconf 84' lang='lat' dir='ltr'>Ihus.</span> 
     </span>
    </p>
   </div>
   <div class='ocr_carea' id='block_1_6' title="bbox 29 2176 1688 2614">
    <p class='ocr_par' dir='ltr' id='par_1_6' title="bbox 34 2176 1687 2393">
     <span class='ocr_line' id='line_1_26' title="bbox 151 2176 1687 2233; baseline 0.001 -14"><span class='ocrx_word' id='word_1_203' title='bbox 151 2178 297 2231; x_wconf 84' lang='lat' dir='ltr'>Saepe</span> <span class='ocrx_word' id='word_1_204' title='bbox 322 2178 446 2219; x_wconf 90' lang='lat' dir='ltr'>Deus</span> <span class='ocrx_word' id='word_1_205' title='bbox 470 2192 526 2220; x_wconf 88' lang='lat' dir='ltr'>ex</span> <span class='ocrx_word' id='word_1_206' title='bbox 549 2176 645 2219; x_wconf 89' lang='lat' dir='ltr'>aliis</span> <span class='ocrx_word' id='word_1_207' title='bbox 676 2177 774 2218; x_wconf 88' lang='lat' dir='ltr'>uult</span> <span class='ocrx_word' id='word_1_208' title='bbox 802 2178 966 2221; x_wconf 90' lang='lat' dir='ltr'>docere</span> <span class='ocrx_word' id='word_1_209' title='bbox 995 2193 1049 2221; x_wconf 86' lang='lat' dir='ltr'>ex</span> <span class='ocrx_word' id='word_1_210' title='bbox 1078 2177 1346 2230; x_wconf 86' lang='lat' dir='ltr'>humilitate,</span> <span class='ocrx_word' id='word_1_211' title='bbox 1380 2187 1429 2220; x_wconf 91' lang='lat' dir='ltr'>ut</span> <span class='ocrx_word' id='word_1_212' title='bbox 1458 2179 1578 2233; x_wconf 88' lang='lat' dir='ltr'>quod</span> <span class='ocrx_word' id='word_1_213' title='bbox 1611 2185 1687 2220; x_wconf 84' lang='lat' dir='ltr'>tua</span> 
     </span>
     <span class='ocr_line' id='line_1_27' title="bbox 57 2252 1687 2309; baseline 0.002 -16"><span class='ocrx_word' id='word_1_214' title='bbox 57 2252 303 2303; x_wconf 84' lang='lat' dir='ltr'>industria,</span> <span class='ocrx_word' id='word_1_215' title='bbox 328 2252 578 2305; x_wconf 88' lang='lat' dir='ltr'>intellectu,</span> <span class='ocrx_word' id='word_1_216' title='bbox 604 2252 792 2305; x_wconf 88' lang='lat' dir='ltr'>artibus,</span> <span class='ocrx_word' id='word_1_217' title='bbox 818 2253 1022 2295; x_wconf 91' lang='lat' dir='ltr'>doctrina</span> <span class='ocrx_word' id='word_1_218' title='bbox 1051 2269 1141 2296; x_wconf 92' lang='lat' dir='ltr'>non</span> <span class='ocrx_word' id='word_1_219' title='bbox 1170 2254 1355 2309; x_wconf 90' lang='lat' dir='ltr'>potuisti</span> <span class='ocrx_word' id='word_1_220' title='bbox 1384 2254 1616 2309; x_wconf 83' lang='lat' dir='ltr'>consequi,</span> <span class='ocrx_word' id='word_1_221' title='bbox 1643 2255 1687 2296; x_wconf 89' lang='lat' dir='ltr'>id</span> 
     </span>
     <span class='ocr_line' id='line_1_28' title="bbox 34 2328 1624 2393; baseline 0.001 -23"><span class='ocrx_word' id='word_1_222' title='bbox 34 2344 37 2350; x_wconf 89' lang='lat'><em>·</em></span> <span class='ocrx_word' id='word_1_223' title='bbox 65 2329 176 2371; x_wconf 91' lang='lat' dir='ltr'>alius</span> <span class='ocrx_word' id='word_1_224' title='bbox 201 2336 244 2371; x_wconf 91' lang='lat' dir='ltr'>te</span> <span class='ocrx_word' id='word_1_225' title='bbox 266 2330 442 2380; x_wconf 91' lang='lat' dir='ltr'>doceat,</span> <span class='ocrx_word' id='word_1_226' title='bbox 468 2336 512 2371; x_wconf 90' lang='lat' dir='ltr'>et</span> <span class='ocrx_word' id='word_1_227' title='bbox 530 2328 806 2384; x_wconf 88' lang='lat' dir='ltr'>experientia</span> <span class='ocrx_word' id='word_1_228' title='bbox 828 2330 975 2372; x_wconf 88' lang='lat' dir='ltr'>discas</span> <span class='ocrx_word' id='word_1_229' title='bbox 999 2337 1041 2393; x_wconf 73' lang='lat' dir='ltr'>te</span> <span class='ocrx_word' id='word_1_230' title='bbox 1065 2331 1205 2373; x_wconf 89' lang='lat' dir='ltr'>multa</span> <span class='ocrx_word' id='word_1_231' title='bbox 1222 2331 1456 2386; x_wconf 85' lang='lat' dir='ltr'>ignorasse</span> <span class='ocrx_word' id='word_1_232' title='bbox 1478 2331 1624 2373; x_wconf 86' lang='lat' dir='ltr'>nimis.</span> 
     </span>
    </p>

    <p class='ocr_par' dir='ltr' id='par_1_7' title="bbox 29 2389 1688 2614">
     <span class='ocr_line' id='line_1_29' title="bbox 29 2389 1688 2462; baseline 0.001 -14"><span class='ocrx_word' id='word_1_233' title='bbox 29 2389 35 2393; x_wconf 18' lang='lat' dir='ltr'><em>q</em></span> <span class='ocrx_word' id='word_1_234' title='bbox 154 2407 213 2448; x_wconf 85' lang='lat' dir='ltr'>Vt</span> <span class='ocrx_word' id='word_1_235' title='bbox 237 2419 434 2461; x_wconf 87' lang='lat' dir='ltr'>operam,</span> <span class='ocrx_word' id='word_1_236' title='bbox 466 2405 751 2458; x_wconf 79' lang='lat' dir='ltr'>industriam,</span> <span class='ocrx_word' id='word_1_237' title='bbox 783 2405 1008 2461; x_wconf 89' lang='lat' dir='ltr'>potentias</span> <span class='ocrx_word' id='word_1_238' title='bbox 1038 2415 1136 2449; x_wconf 91' lang='lat' dir='ltr'>tuas</span> <span class='ocrx_word' id='word_1_239' title='bbox 1169 2407 1331 2449; x_wconf 88' lang='lat' dir='ltr'>dedisti</span> <span class='ocrx_word' id='word_1_240' title='bbox 1364 2408 1419 2449; x_wconf 91' lang='lat' dir='ltr'>ad</span> <span class='ocrx_word' id='word_1_241' title='bbox 1451 2416 1688 2462; x_wconf 86' lang='lat' dir='ltr'>peccatum</span> 
     </span>
     <span class='ocr_line' id='line_1_30' title="bbox 40 2482 1687 2537; baseline 0.001 -14"><span class='ocrx_word' id='word_1_242' title='bbox 40 2512 49 2534; x_wconf 66' lang='lat'><em>5</em></span> <span class='ocrx_word' id='word_1_243' title='bbox 65 2489 110 2524; x_wconf 90' lang='lat' dir='ltr'>et</span> <span class='ocrx_word' id='word_1_244' title='bbox 139 2483 196 2524; x_wconf 92' lang='lat' dir='ltr'>ad</span> <span class='ocrx_word' id='word_1_245' title='bbox 223 2482 404 2524; x_wconf 87' lang='lat' dir='ltr'>habitus</span> <span class='ocrx_word' id='word_1_246' title='bbox 441 2483 784 2537; x_wconf 88' lang='lat' dir='ltr'>comparandos,</span> <span class='ocrx_word' id='word_1_247' title='bbox 826 2482 887 2525; x_wconf 90' lang='lat' dir='ltr'>ita</span> <span class='ocrx_word' id='word_1_248' title='bbox 925 2483 1093 2526; x_wconf 90' lang='lat' dir='ltr'>eisdem</span> <span class='ocrx_word' id='word_1_249' title='bbox 1126 2483 1143 2507; x_wconf 76' lang='lat' dir='ltr'>b</span> <span class='ocrx_word' id='word_1_250' title='bbox 1171 2484 1353 2526; x_wconf 92' lang='lat' dir='ltr'>omnino</span> <span class='ocrx_word' id='word_1_251' title='bbox 1392 2484 1548 2525; x_wconf 88' lang='lat' dir='ltr'>mediis</span> <span class='ocrx_word' id='word_1_252' title='bbox 1586 2498 1687 2525; x_wconf 89' lang='lat' dir='ltr'>cum</span> 
     </span>
     <span class='ocr_line' id='line_1_31' title="bbox 38 2558 1688 2614; baseline 0.001 -14"><span class='ocrx_word' id='word_1_253' title='bbox 38 2558 217 2601; x_wconf 51' lang='lat' dir='ltr'>{divina</span> <span class='ocrx_word' id='word_1_254' title='bbox 239 2559 385 2614; x_wconf 89' lang='lat' dir='ltr'>gratia</span> <span class='ocrx_word' id='word_1_255' title='bbox 408 2566 425 2583; x_wconf 78' lang='lat'>⁰</span> <span class='ocrx_word' id='word_1_256' title='bbox 446 2566 547 2614; x_wconf 90' lang='lat' dir='ltr'>post</span> <span class='ocrx_word' id='word_1_257' title='bbox 572 2573 725 2601; x_wconf 85' lang='lat' dir='ltr'>ueram</span> <span class='ocrx_word' id='word_1_258' title='bbox 749 2559 1066 2603; x_wconf 89' lang='lat' dir='ltr'>contritionem</span> <span class='ocrx_word' id='word_1_259' title='bbox 1090 2561 1189 2604; x_wconf 88' lang='lat' dir='ltr'>uult</span> <span class='ocrx_word' id='word_1_260' title='bbox 1213 2563 1336 2603; x_wconf 87' lang='lat' dir='ltr'>Deus</span> <span class='ocrx_word' id='word_1_261' title='bbox 1361 2568 1402 2604; x_wconf 89' lang='lat' dir='ltr'>te</span> <span class='ocrx_word' id='word_1_262' title='bbox 1426 2560 1498 2601; x_wconf 88' lang='lat' dir='ltr'>illa</span> <span class='ocrx_word' id='word_1_263' title='bbox 1520 2561 1538 2583; x_wconf 72' lang='lat'>‘¹</span> <span class='ocrx_word' id='word_1_264' title='bbox 1567 2560 1688 2601; x_wconf 91' lang='lat' dir='ltr'>dele-</span> 
     </span>
    </p>
   </div>
   <div class='ocr_carea' id='block_1_7' title="bbox 67 2633 327 2640">
    <p class='ocr_par' dir='ltr' id='par_1_8' title="bbox 67 2633 327 2640">
     <span class='ocr_line' id='line_1_32' title="bbox 67 2633 327 2640; baseline 0 786"><span class='ocrx_word' id='word_1_265' title='bbox 67 2633 327 2640; x_wconf 95' lang='lat' dir='ltr'> </span> 
     </span>
    </p>
   </div>
   <div class='ocr_carea' id='block_1_8' title="bbox 137 2657 1716 2705">
    <p class='ocr_par' dir='ltr' id='par_1_9' title="bbox 137 2657 1716 2705">
     <span class='ocr_line' id='line_1_33' title="bbox 137 2657 1716 2705; baseline 0 -13"><span class='ocrx_word' id='word_1_266' title='bbox 137 2669 154 2684; x_wconf 59' lang='grc'>3</span> <span class='ocrx_word' id='word_1_267' title='bbox 179 2659 287 2692; x_wconf 89' lang='lat' dir='ltr'>Haec</span> <span class='ocrx_word' id='word_1_268' title='bbox 300 2657 501 2704; x_wconf 85' lang='lat' dir='ltr'>inscriptio</span> <span class='ocrx_word' id='word_1_269' title='bbox 515 2663 576 2693; x_wconf 87' lang='lat' dir='ltr'>est</span> <span class='ocrx_word' id='word_1_270' title='bbox 589 2659 829 2704; x_wconf 85' lang='lat' dir='ltr'>autographa</span> <span class='ocrx_word' id='word_1_271' title='bbox 845 2658 1005 2704; x_wconf 85' lang='lat' dir='ltr'>Natalis,</span> <span class='ocrx_word' id='word_1_272' title='bbox 1018 2659 1083 2705; x_wconf 89' lang='lat' dir='ltr'>qui</span> <span class='ocrx_word' id='word_1_273' title='bbox 1098 2660 1214 2694; x_wconf 88' lang='lat' dir='ltr'>etiarn</span> <span class='ocrx_word' id='word_1_274' title='bbox 1231 2660 1436 2705; x_wconf 84' lang='lat' dir='ltr'>unicuique</span> <span class='ocrx_word' id='word_1_275' title='bbox 1454 2659 1689 2704; x_wconf 83' lang='lat' dir='ltr'>paragrapho</span> <span class='ocrx_word' id='word_1_276' title='bbox 1712 2679 1716 2682; x_wconf 93' lang='lat'><em>-</em></span> 
     </span>
    </p>
   </div>
   <div class='ocr_carea' id='block_1_9' title="bbox 41 2715 1691 2868">
    <p class='ocr_par' dir='ltr' id='par_1_10' title="bbox 41 2715 1691 2868">
     <span class='ocr_line' id='line_1_34' title="bbox 68 2715 1690 2764; baseline 0.001 -14"><span class='ocrx_word' id='word_1_277' title='bbox 68 2715 140 2750; x_wconf 91' lang='lat' dir='ltr'>hoc</span> <span class='ocrx_word' id='word_1_278' title='bbox 164 2716 319 2761; x_wconf 81' lang='lat' dir='ltr'>signum</span> <span class='ocrx_word' id='word_1_279' title='bbox 343 2716 497 2762; x_wconf 82' lang='lat' dir='ltr'>propria</span> <span class='ocrx_word' id='word_1_280' title='bbox 521 2728 635 2751; x_wconf 90' lang='lat' dir='ltr'>manu</span> <span class='ocrx_word' id='word_1_281' title='bbox 661 2716 810 2752; x_wconf 90' lang='lat' dir='ltr'>addidit</span> <span class='ocrx_word' id='word_1_282' title='bbox 835 2717 918 2762; x_wconf 51' lang='lat' dir='ltr'>Lm,</span> <span class='ocrx_word' id='word_1_283' title='bbox 939 2717 977 2751; x_wconf 87' lang='lat' dir='ltr'>id</span> <span class='ocrx_word' id='word_1_284' title='bbox 997 2724 1071 2763; x_wconf 85' lang='lat' dir='ltr'>est,</span> <span class='ocrx_word' id='word_1_285' title='bbox 1091 2719 1292 2764; x_wconf 77' lang='lat' dir='ltr'>Ignatius.</span> <span class='ocrx_word' id='word_1_286' title='bbox 1344 2720 1409 2744; x_wconf 80' lang='lat' dir='ltr'>—b</span> <span class='ocrx_word' id='word_1_287' title='bbox 1437 2719 1520 2752; x_wconf 90' lang='lat' dir='ltr'>Hoc</span> <span class='ocrx_word' id='word_1_288' title='bbox 1541 2718 1648 2751; x_wconf 86' lang='lat' dir='ltr'>verb.</span> <span class='ocrx_word' id='word_1_289' title='bbox 1670 2728 1690 2750; x_wconf 87' lang='lat' dir='ltr'>a</span> 
     </span>
     <span class='ocr_line' id='line_1_35' title="bbox 46 2771 1691 2812; baseline 0 -3"><span class='ocrx_word' id='word_1_290' title='bbox 46 2771 159 2811; x_wconf 62' lang='lat' dir='ltr'>‘Nat.</span> <span class='ocrx_word' id='word_1_291' title='bbox 187 2775 450 2812; x_wconf 85' lang='lat' dir='ltr'>emendatum.</span> <span class='ocrx_word' id='word_1_292' title='bbox 504 2785 566 2802; x_wconf 80' lang='lat' dir='ltr'>-c</span> <span class='ocrx_word' id='word_1_293' title='bbox 593 2776 702 2810; x_wconf 90' lang='lat' dir='ltr'>Haec</span> <span class='ocrx_word' id='word_1_294' title='bbox 726 2775 748 2809; x_wconf 86' lang='lat'>3</span> <span class='ocrx_word' id='word_1_295' title='bbox 772 2777 892 2811; x_wconf 87' lang='lat' dir='ltr'>verba</span> <span class='ocrx_word' id='word_1_296' title='bbox 917 2776 1077 2812; x_wconf 88' lang='lat' dir='ltr'>addidit.</span> <span class='ocrx_word' id='word_1_297' title='bbox 1105 2777 1197 2812; x_wconf 87' lang='lat' dir='ltr'>Nat.</span> <span class='ocrx_word' id='word_1_298' title='bbox 1255 2779 1319 2803; x_wconf 78' lang='lat' dir='ltr'>--d</span> <span class='ocrx_word' id='word_1_299' title='bbox 1347 2778 1429 2810; x_wconf 91' lang='lat' dir='ltr'>Hoc</span> <span class='ocrx_word' id='word_1_300' title='bbox 1450 2777 1560 2811; x_wconf 87' lang='lat' dir='ltr'>verb.</span> <span class='ocrx_word' id='word_1_301' title='bbox 1587 2775 1691 2810; x_wconf 86' lang='lat' dir='ltr'>addi-</span> 
     </span>
     <span class='ocr_line' id='line_1_36' title="bbox 41 2831 237 2868; baseline 0 0"><span class='ocrx_word' id='word_1_302' title='bbox 41 2831 125 2868; x_wconf 63' lang='lat' dir='ltr'>:dit</span> <span class='ocrx_word' id='word_1_303' title='bbox 143 2834 237 2868; x_wconf 87' lang='lat' dir='ltr'>Nat.</span> 
     </span>
    </p>
   </div>
   <div class='ocr_carea' id='block_1_10' title="bbox 72 2897 329 2904">
    <p class='ocr_par' dir='ltr' id='par_1_11' title="bbox 72 2897 329 2904">
     <span class='ocr_line' id='line_1_37' title="bbox 72 2897 329 2904; baseline 0 522"><span class='ocrx_word' id='word_1_304' title='bbox 72 2897 329 2904; x_wconf 95' lang='lat' dir='ltr'> </span> 
     </span>
    </p>
   </div>
   <div class='ocr_carea' id='block_1_11' title="bbox 140 2923 488 2967">
    <p class='ocr_par' dir='ltr' id='par_1_12' title="bbox 140 2923 488 2967">
     <span class='ocr_line' id='line_1_38' title="bbox 140 2923 488 2967; baseline 0 -10"><span class='ocrx_word' id='word_1_305' title='bbox 140 2923 150 2942; x_wconf 90' lang='lat'>¹</span> <span class='ocrx_word' id='word_1_306' title='bbox 201 2924 344 2967; x_wconf 80' lang='lat' dir='ltr'>JoAN.,</span> <span class='ocrx_word' id='word_1_307' title='bbox 364 2923 414 2967; x_wconf 91' lang='lat' dir='ltr'>X,</span> <span class='ocrx_word' id='word_1_308' title='bbox 430 2923 488 2957; x_wconf 87' lang='lat'>28.</span> 
     </span>
    </p>
   </div>
   <div class='ocr_carea' id='block_1_12' title="bbox 69 2981 1688 3087">
    <p class='ocr_par' dir='ltr' id='par_1_13' title="bbox 69 2981 1688 3087">
     <span class='ocr_line' id='line_1_39' title="bbox 138 2981 1688 3028; baseline 0.001 -12"><span class='ocrx_word' id='word_1_309' title='bbox 138 2984 152 3002; x_wconf 73' lang='lat'>‘²</span> <span class='ocrx_word' id='word_1_310' title='bbox 203 2983 310 3016; x_wconf 88' lang='lat' dir='ltr'>Haec</span> <span class='ocrx_word' id='word_1_311' title='bbox 333 2981 436 3016; x_wconf 84' lang='lat' dir='ltr'>dicta</span> <span class='ocrx_word' id='word_1_312' title='bbox 467 2982 506 3016; x_wconf 88' lang='lat' dir='ltr'>S.</span> <span class='ocrx_word' id='word_1_313' title='bbox 536 2982 689 3027; x_wconf 85' lang='lat' dir='ltr'>Ignatii,</span> <span class='ocrx_word' id='word_1_314' title='bbox 721 2982 916 3017; x_wconf 91' lang='lat' dir='ltr'>nonnullis</span> <span class='ocrx_word' id='word_1_315' title='bbox 947 2982 1282 3017; x_wconf 83' lang='lat' dir='ltr'>emendationibus</span> <span class='ocrx_word' id='word_1_316' title='bbox 1309 2993 1329 3016; x_wconf 89' lang='lat' dir='ltr'>a</span> <span class='ocrx_word' id='word_1_317' title='bbox 1355 2981 1481 3016; x_wconf 86' lang='lat' dir='ltr'>Natali</span> <span class='ocrx_word' id='word_1_318' title='bbox 1506 2982 1688 3028; x_wconf 83' lang='lat' dir='ltr'>expolita,</span> 
     </span>
     <span class='ocr_line' id='line_1_40' title="bbox 69 3039 1100 3087; baseline 0.003 -13"><span class='ocrx_word' id='word_1_319' title='bbox 69 3039 258 3075; x_wconf 82' lang='lat' dir='ltr'>habentur</span> <span class='ocrx_word' id='word_1_320' title='bbox 276 3041 315 3075; x_wconf 93' lang='lat' dir='ltr'>in</span> <span class='ocrx_word' id='word_1_321' title='bbox 332 3040 466 3075; x_wconf 83' lang='lat' dir='ltr'>codice</span> <span class='ocrx_word' id='word_1_322' title='bbox 484 3040 645 3075; x_wconf 80' lang='lat' dir='ltr'>Natalis</span> <span class='ocrx_word' id='word_1_323' title='bbox 663 3041 867 3086; x_wconf 77' lang='lat' dir='ltr'>opuscula,</span> <span class='ocrx_word' id='word_1_324' title='bbox 888 3052 1003 3087; x_wconf 82' lang='lat' dir='ltr'>pagg.</span> <span class='ocrx_word' id='word_1_325' title='bbox 1025 3049 1100 3085; x_wconf 81' lang='lat'>1-5.</span> 
     </span>
    </p>
   </div>
  </div>
 </body>
</html>
