2028 3426
345 211 415 255 456
818 209 973 243 Purus
999 207 1242 243 Hmnoxnn
1269 208 1420 243 NADAL
1962 237 1969 242 .
1990 234 1992 258 a

1964 268 1982 291 Ἰ-
2022 287 2023 293 ,

300 326 398 368 cap.
428 312 551 365 ult.⁰,
577 311 646 354 vel
677 325 733 354 ex
762 309 931 365 regulis
965 307 1283 352 communibus
1317 307 1577 364 theologiae
1608 313 1714 350 sunt
1747 313 1936 363 peccata
1959 279 1991 345 ἕω
2022 306 2024 320 ²

302 388 524 432 mortalia.

392 478 433 509 2.
499 465 693 517 Deinde,
720 463 842 520 quod
865 464 921 505 ad
945 462 1215 518 particulare
1246 461 1461 505 iudicium
1485 459 1664 514 attinet,
1696 466 1848 504 vtrum
1878 474 1951 505 ex¹
1991 495 1994 511 ,

301 543 486 587 leuitate
510 542 739 593 materiae,
773 541 843 584 vel
865 554 922 583 ex
944 539 1318 584 indeliberatione
1344 546 1491 592 actus,
1524 538 1597 582 vel
1625 537 1712 581 alia
1739 537 1936 580 circum—
1952 466 1995 645 s

301 621 468 664 stantia
501 621 709 664 desinant
748 633 848 662 esse
880 617 1085 660 mortalia
1119 624 1320 673 peccata,
1356 614 1634 659 confessario
1667 611 1970 670 relinquitur(

302 697 612 741 iudicandum.
640 698 795 751 Atque
818 695 880 738 ita
901 702 1096 746 constat,
1117 695 1239 750 quod
1258 694 1381 736 nulla
1398 693 1582 749 ponitur
1598 690 1842 748 prohibitio
1859 698 1939 734 aut

299 775 527 832 obligatio,
554 774 678 816 iuxta
702 772 1049 816 constitutiones
1073 778 1264 823 nostras,
1286 784 1402 826 quae
1422 769 1555 813 faciat
1573 783 1674 813 esse
1692 774 1930 824 peceatum
1976 791 1983 798 ·

303 853 495 896 mortale
518 852 578 903 id,
606 852 728 906 quod
750 865 806 893 ex
828 863 877 893 se
901 863 990 892 non
1013 856 1150 892 esset.
1959 841 1963 902 l

393 934 478 976 258
514 928 687 979 Tertio,
723 908 906 983 quando
939 926 1159 970 iudicaret
1191 924 1495 968 confessarius
1523 922 1717 978 aliquem
1752 937 1808 967 ex
1842 921 1938 965 istis
1958 911 1963 949 ³.

305 1007 486 1050 casibus
510 1020 610 1050 esse
633 1012 871 1061 peccatum
895 1004 1098 1055 mortale,
1125 1016 1272 1057 neque
1295 1002 1431 1044 vllam
1453 1001 1621 1044 habere
1643 999 1938 1043 circumstan-

307 1084 427 1136 tiam,
456 1090 638 1138 propter
656 1096 791 1136 quam
810 1081 868 1123 sit
886 1080 1077 1133 veniale,
1097 1078 1215 1122 norit
1232 1078 1488 1123 necessario
1506 1076 1745 1128 reseruari,
1766 1083 1812 1120 et
1828 1090 1939 1119 con-

308 1163 509 1204 fitentem
535 1158 702 1203 remitti
726 1159 782 1202 ad
804 1157 1081 1215 superiorem
1105 1158 1286 1200 debere.
1314 1154 1694 1211 Quandoquidem
1718 1153 1765 1196 in
1787 1154 1939 1197 eccle—

306 1239 387 1291 sia,
423 1247 512 1281 tam
547 1238 593 1280 in
626 1236 865 1280 ordinariis
897 1233 1301 1285 iurisdictionibus,
1336 1246 1472 1288 quam
1505 1232 1551 1274 in
1584 1230 1654 1283 iis,
1686 1245 1803 1286 quae
1830 1237 1938 1274 sunt

307 1316 599 1372 religionum,
640 1314 774 1357 vaide
809 1312 995 1367 antiqua
1029 1312 1312 1366 multumque
1349 1309 1512 1352 vsitata
1544 1309 1830 1352 consuetudo
1872 1314 1942 1352 est

308 1395 435 1444 haec,
464 1400 511 1434 vt
534 1406 667 1435 casus
690 1390 828 1446 aliqui
850 1389 1159 1446 superioribus
1181 1395 1487 1439 reseruentur3
1512 1393 1558 1429 et
1580 1385 1625 1428 in
1645 1384 1942 1441 religionibus

307 1470 488 1525 quidem
522 1469 692 1512 leuiora
720 1468 856 1511 etiam
883 1474 1075 1522 peccata
1103 1464 1326 1509 reseruari
1357 1465 1520 1507 solent.
1553 1463 1603 1505 In
1635 1461 1803 1505 nostris
1833 1475 1942 1505 vero

1967 961 1985 999 l

307 1546 727 1598 constitutionibus,
761 1544 830 1600 33²
864 1552 1007 1601 parte,
1040 1558 1138 1599 cap.
1179 1543 1258 1594 1.⁰‚
1290 1541 1472 1593 dicitur,
1505 1541 1551 1584 in
1583 1540 1812 1585 Societate
1841 1553 1942 1583 esse

307 1633 519 1681 oportere
543 1622 805 1666 huiusmodi
827 1636 1016 1665 casuum
1040 1620 1413 1671 reseruationem,
1434 1626 1479 1661 et
1497 1618 1542 1661 in
1560 1617 1755 1663 decretis
1772 1616 1944 1673 primae

308 1700 679 1758 congregationis
701 1699 1022 1755 relinquuntur
1044 1696 1290 1741 definiendi
1313 1696 1519 1753 generali
1542 1697 1568 1739 ¹.

398 1792 439 1832 4.
508 1779 702 1834 Quarto,
734 1791 837 1819 cum
868 1783 1021 1832 aperte
1044 1781 1290 1827 constaret,
1321 1788 1412 1816 non
1441 1788 1542 1817 esse
1570 1773 1672 1829 plus
1701 1786 1836 1827 quam
1866 1785 1945 1814 ve-

309 1856 460 1909 nialia,
486 1850 721 1899 obseruari
744 1853 928 1910 expedit
951 1853 1011 1904 id,
1038 1853 1158 1908 quod
1183 1851 1398 1894 statuitur
1419 1851 1476 1893 ad
1498 1851 1669 1894 calcem
1688 1851 1850 1891 horum
1869 1861 1944 1890 ca-

310 1949 442 1977 suum
481 1934 537 1976 de
576 1931 774 1988 peccatis
813 1930 1083 1981 venialibus,
1126 1928 1339 1971 nimirum
1369 1928 1492 1983 quod
1529 1941 1619 1970 non
1654 1932 1946 1970 reseruantur

312 2009 585 2061 necessario,
606 2009 691 2052 nisi
709 2009 896 2052 accedat
913 2006 1165 2063 periculum
1182 2021 1261 2062 per
1278 2020 1326 2049 se
1341 2004 1517 2061 peccati
1536 2003 1738 2046 mortalis
1754 2009 1799 2046 et
1815 2016 1946 2045 scan-

311 2087 416 2139 dali,
458 2087 494 2130 si
531 2085 752 2142 superiori
791 2099 880 2127 non
914 2083 1277 2135 manifestentur,
1312 2086 1395 2128 259
1434 2082 1555 2137 quod
1592 2081 1789 2136 culpam,
1829 2093 1946 2134 quae
1993 2112 1995 2114 -

311 2172 430 2209 esset
449 2163 615 2218 alioqui
632 2162 836 2213 venialis,
860 2163 1027 2205 faceret
1046 2161 1294 2203 mortalem.
1309 2160 1635 2203 Verumtamen
1653 2156 1729 2200 vbi
1748 2158 1836 2199 hoc
1854 2170 1945 2198 non

312 2250 447 2293 esset,
473 2249 518 2284 et
540 2239 803 2283 incurrisset
826 2238 926 2292 quis
949 2237 994 2280 in
1016 2236 1273 2294 praedictos
1302 2250 1436 2279 casus
1465 2241 1738 2286 reseruatos,
1770 2231 1946 2277 etiamsi

313 2318 563 2369 venialiter,
590 2315 845 2359 adhortatio
868 2315 1126 2357 adhibenda
1148 2321 1216 2358 est
1238 2311 1579 2364 confitentibus,
1612 2319 1660 2353 vt
1689 2309 1946 2367 superiores

313 2411 423 2439 suos
455 2396 634 2445 adeant3
668 2393 802 2437 etiam
832 2392 869 2435 si
900 2391 944 2433 id
973 2398 1100 2434 extra
1129 2397 1384 2433 reseruatos
1414 2387 1719 2432 necessarium
1748 2401 1839 2430 non
1868 2385 1943 2437 sit,

313 2480 381 2516 est
405 2480 554 2516 tamen
579 2470 739 2513 melius
761 2476 806 2512 et
829 2469 998 2520 Vtilius,
1024 2476 1069 2511 et
1093 2467 1238 2523 magis
1262 2466 1509 2511 conuenire
1531 2466 1588 2508 ad
1617 2463 1946 2521 perfectionem

313 2551 503 2594 videtur.
531 2548 668 2603 Quod
686 2546 923 2589 consilium
943 2544 1019 2600 qui
1039 2559 1129 2587 non
1147 2544 1513 2599 amplecteretur,
1538 2541 1695 2585 haberi
1712 2542 1848 2585 debet
1865 2539 1947 2582 im-

314 2628 558 2685 perfectus.
591 2622 908 2667 Confessarius
940 2628 1091 2664 autem
1121 2620 1411 2676 praecipuam
1442 2619 1540 2663 eius
1569 2633 1723 2661 curam
1754 2625 1772 2643 ²

315 2718 475 2761 gerere
497 2703 633 2745 debet
657 2708 871 2754 tanquam
895 2697 1161 2754 imperfecti.
1190 2698 1327 2752 Quod
1349 2696 1386 2739 si
1415 2697 1471 2739 ad
1501 2694 1827 2752 perfectionem
1857 2708 1947 2736 non

386 2852 402 2867 a
453 2838 629 2885 Spatium
649 2847 814 2871 vacuum
832 2833 1011 2869 relictum
1032 2843 1099 2879 pro
1118 2841 1138 2866 2
1159 2832 1268 2866 verb.
1291 2831 1331 2866 in
1349 2830 1498 2866 codice.

388 2966 396 2985 ¹
449 2964 595 3008 Congr.
626 2962 690 3007 1.²²‚
719 2960 822 2995 decr.
856 2957 935 2994 103.
966 2957 1065 2993 Vide
1099 2956 1216 2992 etiam
1243 2966 1385 3001 congr.
1418 2964 1524 2999 λειω,
1559 2954 1665 2990 decr.
1697 2953 1766 2999 603
1802 2951 1946 2990 Ordin.

315 3024 433 3069 Gen.,
455 3034 540 3068 cap.
562 3022 609 3065 V,
631 3033 669 3056 n.
690 3018 725 3064 33
746 3024 786 3054 et
803 3028 937 3064 congr.
959 3025 1018 3062 20,
1037 3015 1144 3054 decr.
1166 3024 1225 3060 24.
