2028 3426
669 269 1007 304 INSTRUCTIONES
1017 287 1048 292 —
1056 265 1078 301 6
1085 273 1099 301 1
1579 263 1647 309 389

68 372 211 416 ficiat.
238 356 341 414 lllos
363 371 503 427 igitur
524 368 708 412 habebit
725 368 772 410 in
788 368 987 425 praecio,
1008 367 1141 410 simul
1158 381 1339 423 operam
1358 365 1481 409 dabit
1505 380 1560 408 ne
1582 367 1691 409 fiant

67 456 254 506 propter
276 446 589 502 antiquitatem
611 445 844 489 liberiores
867 452 944 488 aut
967 443 1336 501 negligentiores.

161 527 270 568 Earn
294 523 626 574 auctoritatem,
648 536 781 577 quam
802 521 936 563 officii
954 520 1068 563 ratio
1086 520 1243 576 exigit,
1264 534 1367 562 cum
1386 520 1538 562 debita
1556 519 1690 561 animi

66 601 333 658 ‘integritate
370 599 597 656 sapienter
629 612 682 641 ac
718 598 920 642 suauiter
957 598 1180 642 retineant
1213 597 1482 652 superiores3
1510 610 1625 650 quae
1648 605 1692 638 et

74 678 280 735 religioni
303 676 544 722 Societatis
565 683 871 719 consentanea
908 674 981 727 sit,
1012 682 1058 718 et
1094 681 1243 717 rectae
1265 672 1584 730 gubernationi
1623 687 1693 715 re-

6 793 13 804 ,
69 758 251 811 busque
273 753 485 811 gerendis
507 752 762 796 necessaria
784 759 828 794 et
850 751 989 795 Vtilis.
1015 753 1078 793 Ea
1100 766 1208 795 vero
1231 750 1288 793 sit
1309 751 1457 806 plena,
1484 749 1691 804 simplex,

75 832 276 885 humilis,
302 831 366 874 sic
390 837 556 880 tamen,
582 837 631 871 vt
662 842 818 871 omnes
855 843 936 871 eos
969 835 1261 871 reuereantur
1298 834 1343 871 et
1375 827 1619 870 obseruent
1650 825 1696 867 in

76 908 288 962 Domino,
313 922 445 950 nemo
469 912 747 949 contemnat.

164 985 279 1026 Illud
303 997 483 1039 quoque
506 997 531 1024 a
548 981 814 1037 prouinciali
837 981 880 1022 in
905 981 1197 1037 collegiorum
1227 994 1413 1023 suorum
1442 979 1697 1021 visitatione

78 1062 329 1105 curandum
352 1067 420 1103 est
443 1059 616 1110 sedulo,
644 1065 690 1099 vt
712 1058 757 1099 in
780 1059 915 1100 rebus
939 1057 1148 1100 omnibus
1171 1058 1303 1113 plena
1319 1057 1374 1101 59
1397 1057 1477 1098 fiat
1500 1070 1695 1098 renoua-

80 1139 141 1181 tio
164 1139 220 1181 ad
251 1152 351 1181 earn
376 1150 594 1186 normam,
621 1149 754 1189 quam
787 1134 833 1176 in
855 1134 1028 1177 ratione
1062 1133 1198 1176 totius
1220 1133 1361 1176 nostri
1394 1132 1588 1176 instituti
1611 1133 1698 1176 so-

12 1223 14 1225 ’
71 1215 216 1258 *cietas
237 1213 405 1269 vbique
432 1219 601 1256 seruat.
626 1211 803 1255 Deinde
825 1225 948 1263 vero,
974 1218 1022 1252 vt
1046 1210 1088 1252 in
1113 1225 1195 1252 suo
1220 1210 1410 1265 quisque
1443 1209 1589 1252 officio
1621 1216 1698 1251 aut

72 1291 292 1336 exercitio
315 1305 394 1334 seu
418 1288 664 1331 ministerio
687 1295 859 1330 crescat
881 1287 964 1343 piis
986 1287 1234 1340 desideriis,
1255 1287 1512 1330 actionibus
1534 1301 1586 1329 ac
1609 1287 1698 1329 fer-

81 1383 188 1411 uore
211 1374 383 1411 sancto.
411 1365 477 1420 &⁰
500 1366 575 1408 illa
597 1379 679 1407 suo
703 1364 860 1408 ordine
883 1371 1149 1418 exequatur,
1176 1378 1290 1418 quae
1311 1378 1366 1406 ex
1390 1362 1700 1405 instructioni-

79 1446 165 1488 bus
186 1442 420 1499 collegerit
437 1457 536 1486 esse
553 1441 599 1483 in
616 1440 872 1483 visitatione
889 1440 1083 1496 agenda:
1111 1448 1262 1494 atque,
1289 1447 1336 1481 vt
1358 1454 1448 1481 vno
1470 1439 1608 1482 verbo
1631 1439 1700 1480 di-

73 1536 195 1574 ·cam,
216 1519 434 1576 singulari
453 1518 602 1561 studio
620 1518 665 1559 in
683 1532 780 1561 eam
799 1531 952 1559 curam
971 1516 1168 1558 animum
1185 1516 1434 1568 intendere,
1453 1530 1504 1558 ac
1523 1530 1698 1559 ornnem

75 1612 261 1654 operam
279 1596 494 1640 adhibere
512 1595 661 1646 debet,
683 1601 732 1636 vt
749 1593 916 1649 singuli
933 1593 989 1636 ad
1007 1592 1199 1635 instituti
1219 1592 1359 1635 nostri
1377 1592 1699 1648 perfectionem

78 1682 126 1717 et
149 1675 403 1717 absolutam
432 1672 529 1715 eius
558 1670 940 1720 obseruationem,
968 1669 1175 1722 maxima,
1202 1684 1289 1723 qua
1311 1669 1356 1710 in
1388 1669 1582 1712 Domino
1605 1669 1701 1711 fieri

83 1751 265 1807 poterit,
286 1765 389 1793 cum
412 1748 637 1792 suauitate
655 1755 700 1791 et
721 1746 1026 1790 consolatione
1048 1745 1249 1801 spiritus,
1270 1753 1639 1801 promoueantur.

171 1827 336 1871 Modus
359 1834 508 1868 autern
533 1823 877 1881 gubernationis
900 1822 1167 1878 prouinciali
1195 1829 1325 1877 aptus
1353 1822 1390 1864 is
1420 1822 1518 1874 erit,
1546 1829 1593 1863 vt
1614 1837 1703 1865 vno

81 1920 139 1948 ex
170 1905 270 1946 loco
294 1904 349 1946 ad
373 1901 525 1953 aliurn,
558 1908 694 1955 atque
723 1900 827 1943 item
852 1899 957 1942 inde
989 1899 1046 1941 ad
1079 1899 1231 1951 alium,
1252 1899 1354 1941 loca
1385 1898 1565 1954 singula
1597 1913 1704 1955 sepe

77 1980 338 2031 tinuisendo,
364 1994 464 2023 sese
486 1978 706 2029 conferat3
730 1976 901 2018 diutius
930 1975 1019 2017 illic
1049 1983 1421 2027 commoraturus,
1447 1975 1522 2017 vbi
1546 1991 1593 2019 se
1615 1976 1705 2018 vti-

77 2057 170 2100 lius
193 2057 238 2098 in
261 2055 457 2099 Domino
479 2053 648 2098 versari
671 2067 804 2109 posse
825 2060 991 2108 speret,
1018 2052 1088 2096 vel
1111 2051 1186 2094 vbi
1209 2052 1353 2108 magis
1382 2052 1465 2095 erit
1496 2067 1705 2097 necessa-

79 2134 200 2176 rium
223 2132 484 2175 subsistere.
514 2129 764 2188 Praecipue
794 2143 900 2171 vero
923 2128 1009 2172 illis
1032 2128 1302 2184 tempestiue
1339 2129 1394 2172 6⁰
1417 2142 1548 2184 opem
1574 2131 1704 2183 ferat,

30 2206 33 2207 ⁷
80 2224 232 2265 eoque
261 2216 470 2252 occurrat
508 2205 786 2262 diligentius,
820 2206 894 2248 vbi
931 2205 1043 2248 sciat
1070 2220 1251 2248 causam
1289 2206 1359 2249 vel
1393 2206 1707 2250 necessitatem

79 2286 358 2342 grauiorem,
385 2298 500 2340 quae
528 2283 669 2339 ipsius
691 2282 988 2338 praesentiam
1019 2282 1256 2325 desideret.

175 2362 439 2418 Superiores
462 2360 542 2403 toti
569 2360 833 2403 incumbant
865 2359 1198 2415 gubernationi,
1225 2373 1373 2414 neque
1401 2360 1605 2403 diuidant
1629 2375 1706 2403 cu—

0 2431 1 2437 ’
23 2500 26 2503 Ι
83 2454 188 2481 ram—
204 2453 330 2481 suam
355 2445 398 2480 et
421 2451 618 2493 operam,
646 2437 793 2491 quoad
816 2435 912 2479 eius
934 2435 1031 2477 fieri
1048 2435 1226 2490 poterit.
1248 2436 1368 2479 Satis
1389 2437 1529 2479 multa
1552 2445 1707 2493 agent,

87 2516 124 2558 si
141 2517 304 2557 bonam
325 2521 582 2568 rectamque
599 2512 817 2555 rationem
837 2513 1025 2554 reddent
1047 2511 1180 2554 officii
1203 2512 1272 2554 su‘i
1288 2514 1387 2556 Deo
1409 2520 1453 2555 et
1475 2514 1704 2557 Societati.

83 2593 206 2636 Sunt
225 2599 374 2634 tamen
397 2591 564 2632 multae
582 2596 733 2645 partes
755 2588 801 2631 in
818 2603 973 2632 eorum
995 2588 1169 2640 officiis,
1191 2603 1302 2643 quas
1325 2589 1361 2631 si
1385 2589 1544 2641 sciant,
1567 2590 1601 2631 si
1625 2590 1710 2632 illis

84 2668 344 2710 afficiantur
372 2665 638 2717 efficaciter,
671 2665 707 2707 si
740 2680 822 2721 pro
851 2664 1072 2720 dignitate
1104 2664 1202 2708 illas
1234 2672 1395 2721 gerant
1424 2666 1468 2707 in
1496 2666 1708 2717 Domino,

86 2743 200 2786 nihil
221 2743 278 2785 sit
302 2744 503 2786 futurum
532 2740 748 2797 temporis
770 2741 952 2794 residui,
978 2741 1098 2796 quod
1120 2741 1217 2783 aliis
1235 2741 1605 2796 occupationibus
1627 2741 1711 2784 irn-

23 2868 25 2871 y
85 2819 300 2875 pertiant.
327 2821 382 2861 Et
405 2814 556 2862 'tamen
578 2819 628 2860 fit
653 2819 759 2870 fere,
785 2825 833 2860 vt
862 2817 1006 2861 obiter
1028 2817 1210 2873 aliquod
1239 2817 1532 2860 ministerium
1557 2818 1711 2861 Socie-

86 2895 194 2939 tatis
217 2896 340 2938 obire
362 2895 550 2951 possint,
576 2894 697 2949 quod
715 2908 818 2936 cum
838 2883 1024 2945 faciunt,
1046 2895 1339 2937 vehementer
1360 2901 1568 2945 caueant,
1590 2909 1645 2937 ne
1667 2894 1712 2936 id

23 2967 26 2970 ’
85 2973 169 3014 fiat
186 2986 288 3014 cum
309 2971 483 3014 iactura
500 2970 800 3014 solicitudinis
818 2970 888 3013 vel
904 2983 1083 3026 operae,
1104 2983 1237 3023 quarn
1256 2984 1337 3011 suo
1356 2969 1504 3011 officio
1526 2971 1708 3014 debent.

180 3050 284 3091 Non
306 3049 470 3091 dentur
491 3047 636 3090 nostri
658 3047 704 3089 in
738 3048 864 3090 aulas
897 3046 1166 3102 principum,
1192 3046 1271 3088 sed
1296 3047 1530 3089 attendant
1554 3048 1714 3090 funda-
