2028 3426
522 254 754 291 ORATIONIS
780 260 1219 297 OBSERVA‘rroNEs—-7o
1565 253 1635 296 689

60 354 184 410 Quid
206 356 318 397 non?
351 355 573 399 Breuiter:
600 371 647 398 re
686 355 878 411 experiri
898 362 1024 410 potes
1046 354 1170 409 quod
1207 353 1353 408 inquit
1382 353 1546 396 Dauid:
1578 368 1683 395 «vo-

59 431 282 472 luntatem
301 429 555 474 timentium
581 446 629 474 se
653 431 786 475 faciet
809 434 859 473 ¹».

150 508 212 550 Vt
249 507 449 549 omnium
488 522 636 551 rerum
674 522 942 564 progressus
979 513 1084 549 sunt
1122 506 1278 549 ordine
1316 520 1398 548 suo
1435 505 1677 557 distributi,

62 585 183 638 quod
211 583 256 625 in
287 583 537 639 pictoribus
567 577 707 627 videri
737 592 900 640 potest,
926 583 1002 639 qui
1031 583 1223 639 primum
1261 582 1371 624 nihil
1401 582 1523 623 aliud
1553 596 1686 636 quam

62 659 229 716 primos
246 660 460 704 adhibent
479 662 667 713 colores,
694 676 745 704 ac
769 661 1032 717 imperfecte
1054 659 1207 716 primis
1229 658 1361 701 lineis
1383 659 1584 702 membra
1607 659 1686 700 de-

64 736 262 792 signant:
295 752 473 780 rursum
504 739 560 781 de
589 738 768 794 integro
797 737 1017 793 incipiunt
1045 745 1090 780 et
1118 743 1339 779 conantur
1370 735 1426 777 ad
1448 748 1688 776 consuma—

66 813 233 857 tionem
272 814 435 869 operis,
468 814 601 858 toties
639 814 859 870 principio
898 813 1105 869 repetito,
1136 812 1312 868 quoties
1344 813 1400 854 ad
1436 812 1687 866 perfectum

66 904 184 945 opus
206 891 451 934 deductum
476 905 566 933 non
589 898 674 944 est;
700 891 762 934 ita
784 892 829 933 in
853 890 946 933 vita
968 889 1152 946 spiritus
1177 889 1256 932 tibi
1279 895 1347 933 est
1370 889 1615 944 agendum,
1642 894 1689 927 vt

66 981 145 1022 per
166 966 283 1009 viam
307 968 589 1023 purgationis
613 976 657 1012 et
679 967 1035 1019 illuminationis,
1061 967 1098 1009 si
1120 967 1173 1009 ad
1198 965 1523 1022 perfectionem
1551 963 1690 1006 visio-

67 1043 137 1087 nis
155 1050 290 1099 atque
312 1052 498 1100 gustum
521 1045 716 1099 aliquem
747 1059 881 1087 verae
904 1043 1300 1099 contemplationis
1329 1041 1589 1093 ascendisti,
1615 1056 1690 1084 6)(-

67 1120 202 1177 periri
229 1129 247 1146 ³
276 1136 454 1163 rursum
489 1123 545 1165 de
574 1122 753 1178 integro
782 1138 837 1166 ex
865 1122 1109 1164 maioribus
1141 1119 1373 1175 principiis
1397 1133 1476 1174 per
1504 1119 1691 1160 eandem

69 1198 186 1240 viam
209 1199 266 1241 ad
288 1198 502 1242 maiorem
526 1199 851 1254 perfectionem
874 1198 1028 1241 conari
1051 1198 1096 1240 in
1120 1200 1219 1241 Deo
1242 1212 1322 1252 per
1345 1196 1580 1239 Christum
1604 1209 1693 1237 non

69 1274 263 1321 desinas.
291 1275 347 1319 39
370 1276 594 1318 Futurum
623 1276 743 1319 enim
772 1284 840 1320 est
869 1283 917 1318 vt
947 1290 1122 1331 semper
1150 1274 1301 1329 quoad
1330 1273 1458 1317 viues
1486 1272 1694 1328 proficias

69 1351 115 1393 in
139 1351 210 1394 via
231 1351 414 1408 spiritus
437 1353 493 1395 ad
524 1353 948 1408 contemplationem
976 1359 1276 1396 aeternorum.

159 1429 234 1472 Ad
270 1428 556 1484 purgatiuam
593 1444 649 1472 6)(
685 1429 864 1485 integro
902 1429 1137 1484 repetitam
1182 1428 1347 1470 adhibe
1391 1426 1605 1482 quicquid
1643 1441 1697 1468 ex

72 1505 281 1548 omnibus
305 1505 393 1548 tuis
421 1506 646 1549 exercitiis
669 1506 911 1562 superioris
940 1520 1208 1561 progressus
1238 1504 1422 1560 spiritus
1452 1511 1496 1547 et
1525 1503 1697 1559 gratiae

73 1582 296 1637 recepisti,
321 1582 418 1626 siue
440 1582 726 1626 illuminatiui
748 1590 893 1625 status
910 1582 983 1634 sit,
1005 1582 1102 1625 siue
1124 1581 1301 1624 vnitiui:
1325 1581 1435 1624 mire
1452 1580 1570 1623 enirn
1589 1594 1697 1622 con-

74 1659 254 1702 iunctae
277 1668 383 1702 sunt
405 1659 505 1703 illae
529 1668 619 1702 tres
647 1659 763 1713 viae,
790 1669 834 1703 et
863 1659 1186 1703 incredibiliter
1208 1674 1256 1702 se
1280 1658 1498 1701 adiuuant
1520 1672 1571 1700 ac
1594 1671 1692 1712 pro—

75 1744 275 1780 mouent.

168 1813 372 1857 «Delicta
395 1814 495 1868 quis
518 1814 730 1870 intelligit
758 1816 825 1856 ²›>?
852 1814 1003 1856 nullus
1032 1814 1180 1868 plane.
1214 1814 1278 1855 Ita
1307 1813 1358 1854 fit
1387 1818 1450 1863 vt,
1481 1825 1571 1865 quo
1600 1810 1699 1864 quis

76 1890 223 1946 magis
256 1890 434 1946 proficit
467 1891 513 1932 in
545 1891 618 1934 via
649 1891 884 1947 spirituali,
922 1890 1134 1934 maiorem
1164 1890 1221 1933 de
1249 1888 1446 1945 cognitis
1478 1888 1613 1930 etiam
1647 1902 1701 1930 6)(

78 1973 205 2022 parte
226 1967 423 2022 peccatis
446 1967 752 2023 cognitionem
776 1966 981 2022 accipiat,
1002 1967 1131 2022 plura
1152 1966 1303 2018 etiam,
1326 1979 1440 2020 quae
1457 1965 1698 2014 latuerant,

79 2051 312 2099 agnoscat.
341 2044 484 2086 Simu]
511 2043 759 2099 acquiritur
782 2043 983 2099 cognitio
1012 2057 1250 2085 causarum
1280 2041 1469 2097 peccati,
1503 2040 1703 2083 occasio

78 2121 164 2172 niS,
197 2120 472 2164 extensionis
496 2121 732 2171 malorum,
759 2134 874 2175 quae
904 2134 983 2175 per
1004 2127 1241 2175 peccatum
1263 2117 1434 2160 homini
1457 2116 1702 2160 concilian—

81 2204 168 2240 tur.
196 2199 261 2239 Ita
283 2204 351 2241 est
373 2211 549 2252 semper
570 2197 626 2240 de
648 2196 828 2252 integro
856 2197 912 2238 ad
940 2197 1058 2238 hanc
1090 2195 1398 2251 cognitionem
1422 2194 1701 2237 contenden—

81 2275 204 2317 dum.
232 2276 304 2326 Et,
330 2280 378 2315 vt
401 2274 576 2316 dicatur
599 2273 887 2328 compendio:
915 2288 1004 2328 quo
1033 2272 1178 2328 magis
1209 2286 1258 2315 se
1287 2270 1522 2327 cognoscit
1549 2272 1699 2319 homo,

81 2358 126 2393 et
148 2352 313 2403 Deum,
338 2351 428 2393 vim
452 2349 649 2393 mandati
672 2349 830 2401 diuini,
858 2358 901 2393 et
923 2364 1050 2392 suam
1068 2349 1407 2404 obligationem,
1428 2354 1471 2389 et
1489 2348 1701 2389 damnum

81 2427 140 2471 40
164 2428 355 2483 peccati3
381 2443 451 2480 eo,
477 2442 532 2470 ex
555 2442 743 2471 numero
764 2435 1068 2482 peccatorum,
1095 2428 1272 2481 culpam
1295 2424 1548 2467 distinctius
1572 2423 1702 2464 intel-

83 2504 211 2560 liget;
243 2512 377 2558 atque
410 2505 586 2546 illorum
616 2503 817 2559 cognitio
849 2503 1090 2546 terminum
1125 2509 1325 2545 creatum
1364 2501 1534 2543 nullum
1568 2500 1703 2542 habet

84 2595 165 2636 pro
181 2582 270 2623 hoc
287 2588 424 2634 statu,
444 2595 496 2624 ac
513 2595 569 2624 ne
587 2595 668 2636 pro
687 2581 838 2622 futuro
855 2579 1054 2634 quidem.
1074 2581 1190 2622 Nam
1208 2586 1253 2621 et
1271 2578 1541 2632 quicumque
1563 2584 1669 2617 tunc
1689 2574 1705 2597 Ι)

86 2657 170 2700 erit
187 2657 355 2712 gloriae
372 2657 643 2700 sublimioris
662 2664 739 2699 tua
756 2663 940 2712 peccata
963 2655 1176 2711 preterita
1199 2654 1441 2710 perfectius
1463 2651 1701 2706 intelliget.

87 2734 153 2775 Ita
174 2734 223 2775 fit
245 2742 293 2776 vt
315 2742 498 2789 peccata
518 2741 674 2776 nostra
697 2748 831 2788 supra
860 2747 996 2788 puras
1025 2739 1253 2774 creaturas
1286 2744 1442 2772 omnes
1465 2728 1592 2783 virgo
1622 2728 1705 2771 Dei

159 2879 176 2896 a
224 2869 335 2904 Prius
359 2869 558 2916 experire;
576 2869 679 2916 quod
698 2868 846 2903 Natalis
871 2867 1107 2903 emendavit.
1161 2868 1225 2892 ——b
1253 2865 1368 2899 Haud
1390 2863 1592 2910 perspicue
1611 2864 1707 2897 haec

24 2958 34 2963 -
89 2927 165 2962 duo
183 2929 302 2963 verba
321 2934 478 2964 exarata
495 2935 599 2964 sunt.
621 2929 677 2963 [ta
696 2938 824 2963 tamen
843 2926 1009 2972 legenda
1027 2925 1309 2963 existimamus.

165 3053 175 3074 ²
225 3052 294 3087 Ps.
312 3051 487 3098 CXLIV,
512 3059 568 3097 19.
1197 3051 1210 3069 ι’
1264 3048 1326 3083 ps.
1348 3046 1489 3090 xvm,
1513 3044 1567 3080 13.

267 3116 383 3145 Emsr.
404 3116 442 3145 P.
463 3116 596 3151 ΝΑῠΑι,
618 3123 696 3144 rom.
721 3115 784 3143 lV.
1501 3110 1536 3137 45
