2028 3426
356 190 425 236 426
828 190 982 224 PA‘rms
1008 189 1252 224 Humonvm
1278 187 1431 224 NADAL

309 292 540 336 ritualium
562 292 835 349 praefectus,
861 290 1139 342 sacerdotes,
1165 289 1465 341 confessores,
1491 289 1749 345 praefectus
1771 287 1945 332 studio-

310 384 430 422 rum,
455 370 665 421 lecto'res,
693 369 939 419 scholareS,
965 374 1053 410 etc.

400 448 500 504 Ipse
517 461 701 502 quoque
725 445 925 487 omnium
945 444 1097 487 officia
1114 459 1253 500 penes
1274 459 1319 488 se
1338 445 1522 496 habeat,
1544 457 1687 498 eaque
1705 442 1835 495 sciat,
1857 456 1947 497 quo

311 524 523 566 omnibus
546 522 921 579 superintendere
944 520 1106 563 rnelius
1130 520 1286 576 possit.

401 600 590 644 Curabit
626 606 873 655 praeterea,
909 605 958 639 vt
989 599 1155 641 habeat
1188 596 1499 652 vnusquisque
1532 595 1847 652 particularem
1881 594 1947 636 in-

311 678 610 721 structionem
651 684 695 718 et
734 677 933 727 modum,
966 689 1058 730 quo
1088 674 1240 717 officio
1277 688 1360 717 suo
1400 681 1524 716 recte
1548 674 1785 729 fungatur,
1827 673 1948 727 quod

313 755 496 811 quidem
529 768 641 796 voce
665 753 789 809 prius
822 760 865 796 et
894 752 1000 794 viua
1035 751 1302 805 traditione,
1330 752 1401 795 vel
1431 750 1657 807 generalis
1686 749 1944 806 praepositi,

312 833 383 875 vel
407 830 713 887 prouincialis,
741 830 812 872 vel
835 844 933 881 sua,
968 830 1199 885 agendum
1228 835 1312 881 est;
1339 827 1504 870 deinde
1532 827 1666 871 etiam
1692 827 1878 884 scripto,
1911 828 1947 870 si

313 909 519 952 videatur
543 907 869 958 necessarium,
903 914 951 948 vt
973 921 1131 950 omnes
1158 920 1241 948 sua
1269 906 1437 949 obeant
1467 920 1669 956 munera,
1696 920 1787 947 non
1814 913 1950 960 prout

313 985 395 1042 ipsi
435 985 697 1040 intelligunt
731 991 808 1026 aut
842 983 1025 1039 proprio
1057 997 1213 1034 sensu,
1254 983 1334 1025 sed
1366 981 1492 1025 iuxta
1524 980 1871 1037 intelligentiam
1905 990 1950 1025 et

314 1077 497 1107 sensum
523 1060 783 1113 Societatis,
811 1075 945 1115 quem
968 1059 1159 1117 legitimi
1183 1059 1442 1116 superiores
1463 1067 1738 1116 suggerunt.

402 1139 792 1195 Superintendens
815 1137 1024 1194 accipere
1046 1138 1183 1181 debet
1205 1135 1552 1193 intelligentiam
1576 1136 1714 1179 officii
1737 1135 1822 1187 sui,
1849 1150 1948 1178 mo-

315 1219 515 1272 dumque
546 1216 658 1258 illud
696 1215 949 1271 exequendi
989 1216 1045 1257 ab
1083 1213 1344 1258 immediato
1382 1212 1615 1269 superiore
1647 1227 1747 1264 suo,
1783 1227 1948 1268 nempe

316 1297 485 1338 Romae
508 1309 533 1336 a
555 1292 772 1349 generali:
800 1292 897 1335 aliis
920 1291 965 1334 in
988 1291 1102 1334 locis
1124 1306 1149 1334 a
1171 1290 1438 1347 prouinciali
1462 1289 1703 1333 ordinarie.

401 1371 460 1416 Ι5Ι
483 1369 910 1426 Superintendentis
933 1368 1143 1412 officium·
1164 1368 1210 1410 in
1233 1381 1288 1413 eo
1312 1367 1536 1419 consistit,
1564 1374 1611 1409 vt
1640 1365 1850 1422 collegio,
1884 1381 1951 1409 re-

312 1448 426 1492 ctori
455 1457 499 1491 et
528 1446 800 1490 officialibus
829 1446 1018 1501 aliisque
1047 1445 1258 1489 omnibus
1285 1445 1544 1505 Vniuersam
1574 1458 1672 1487 eam
1705 1443 1961 1497 rationem„

313 1527 515 1575 modum,
537 1533 582 1567 et
605 1523 920 1569 executionem
946 1523 1240 1580 praescribat,
1266 1537 1401 1577 quam
1425 1537 1450 1565 a
1473 1536 1556 1565 suo
1578 1520 1799 1577 superiori
1822 1534 1952 1564 acce-

313 1603 444 1659 perit,
471 1617 561 1658 qua
591 1616 670 1658 per
699 1601 800 1644 illos
826 1600 949 1657 ipsos
979 1600 1206 1644 ministros
1234 1614 1342 1643 suos
1363 1599 1608 1656 collegium
1637 1598 1695 1641 sit
1724 1599 1952 1654 guberna-

314 1689 458 1723 turus.
494 1682 583 1723 Res
622 1687 772 1722 tamen
801 1679 975 1734 aliquas
1003 1678 1088 1721 sibi
1117 1678 1200 1720 soli
1228 1678 1432 1734 agendas
1460 1675 1687 1720 ordinarie
1726 1683 1948 1719 reseruet.

314 1758 569 1801 Nonnullas
608 1756 744 1801 etiarn
777 1756 888 1799 alias
919 1755 1303 1807 extraordinarie„
1325 1769 1382 1798 ex
1415 1769 1606 1810 quarum
1639 1752 1951 1798 reseruatione

314 1836 498 1879 cenSeat
537 1833 720 1890 collegii
758 1833 1138 1890 gubernationem
1179 1831 1384 1875 adiuuari
1424 1832 1496 1875 vel
1533 1830 1767 1876 reformari
1797 1843 1948 1886 posse,

314 1922 359 1955 et
381 1914 465 1955 has
483 1911 664 1967 quidem
691 1910 942 1953 reseruabit
965 1911 1110 1954 donec
1133 1909 1377 1965 collegium
1402 1909 1446 1951 in
1471 1922 1603 1951 suum
1628 1915 1794 1950 statum
1821 1906 1954 1950 resti-

317 1996 488 2032 tuatur.

404 2066 561 2117 Curet,
588 2072 637 2107 vt
659 2081 684 2108 a
707 2079 756 2109 se
779 2073 993 2120 tanquam
1025 2063 1227 2107 omnium
1258 2062 1492 2120 superiore
1520 2061 1784 2106 vniuersum
1816 2061 1953 2104 colle-

316 2142 443 2198 gium
469 2143 682 2198 pendeat,
708 2142 950 2197 praecipue
973 2155 1083 2185 vero
1106 2148 1269 2184 rector.

404 2219 528 2263 Sciat
550 2233 658 2262 vero
683 2232 999 2274 quaecumque
1021 2218 1066 2260 in
1089 2217 1285 2273 collegio
1309 2217 1440 2268 fiunt,
1466 2215 1661 2259 maxime
1692 2229 1782 2270 quo
1815 2215 1954 2258 modo

315 2310 364 2339 se
392 2303 523 2352 gerat
552 2303 698 2339 rector
731 2295 804 2339 152
826 2295 1084 2350 caeterique
1114 2294 1350 2345 officiales,
1382 2300 1520 2348 atque
1549 2292 1684 2335 etiam
1709 2292 1954 2347 particula-

315 2387 405 2426 res,
430 2379 491 2424 et,
517 2372 592 2414 vbi
616 2386 731 2427 opus
755 2372 905 2424 fuerit,
931 2371 1028 2428 ipse
1050 2371 1267 2415 auxilium
1292 2386 1425 2414 suum
1448 2370 1666 2413 conferat.

405 2451 494 2492 Res
516 2463 609 2500 eas,
637 2463 754 2504 quae
777 2456 884 2491 sunt
908 2448 1107 2500 odiosae,
1139 2464 1219 2504 per
1249 2455 1470 2492 rectorem
1501 2455 1624 2503 agat,
1657 2447 1730 2490 vel
1761 2460 1838 2501 per
1869 2444 1956 2487 rni-

317 2527 524 2569 nistrum.

406 2605 548 2647 Curet
571 2611 619 2645 vt
642 2603 727 2646 sibi
750 2617 908 2645 omnes
930 2603 1094 2645 habeat
1116 2603 1422 2657 obsequentes
1452 2615 1554 2644 curn
1586 2615 1740 2644 amore
1774 2607 1819 2644 et
1849 2614 1953 2642 sua-

318 2681 477 2733 uitate,
509 2680 658 2736 sitque
688 2681 784 2737 ipse
813 2680 1023 2722 omnibus
1053 2687 1226 2724 certum
1257 2679 1484 2735 refugium
1516 2692 1568 2721 ac
1591 2677 1878 2733 refrigerium
1908 2676 1954 2718 in

318 2758 530 2801 Domino.

410 2835 595 2892 Cogitet
617 2849 671 2878 ac
695 2843 845 2892 speret
868 2835 912 2878 in
931 2834 1129 2878 Domino
1152 2842 1334 2890 propter
1356 2833 1573 2885 officium,
1595 2832 1717 2887 quod
1741 2830 1951 2881 sustinet,

318 2913 403 2955 sibi
427 2913 576 2956 datam
600 2912 652 2955 iri
675 2913 888 2969 gratiam,
910 2912 952 2955 si
974 2912 1122 2968 seipse
1145 2911 1416 2967 disposuerit
1434 2925 1538 2953 cum
1556 2909 1642 2953 Dei
1661 2907 1844 2960 auxilio,
1865 2920 1953 2962 qua

318 2990 500 3045 explere
524 3004 692 3033 munus
714 3004 848 3032 suum
872 2989 1028 3045 possit,
1055 2989 1108 3031 ad
1136 2987 1350 3032 maiorem
1370 2986 1454 3030 Dei
1479 2973 1669 3042 gloriam
1688 2992 1733 3028 et
1750 2983 1952 3027 omnium
