2028 3426
549 269 824 305 MONUMENTA
853 269 1110 306 LUSrrANIAE
1119 289 1153 294 -
1161 278 1182 304 2
1189 277 1203 303 1
1578 270 1642 314 187

153 371 375 416 Dominus
398 370 601 427 Ignatius
628 373 636 392 ¹
661 371 924 415 admittetur
945 371 1001 413 ad
1029 370 1371 426 professionem,
1407 371 1480 411 uel
1508 372 1691 415 studere

20 469 24 473 ·
69 451 213 494 adhuc
233 447 513 504 permitetur,
538 456 673 504 prout
698 448 820 491 Patri
842 447 1109 504 prouinciali
1131 447 1372 491 videbitur.

154 524 345 568 Michael
377 525 433 566 de
452 519 455 522 ’
471 525 651 568 Bairros
688 525 841 568 audiat
879 527 1003 580 quod
1040 526 1096 568 de
1132 524 1396 580 quadrienio
1435 524 1691 580 theologiae

0 603 1 610 ’
70 608 270 658 superest
305 600 389 654 illi,
434 609 479 643 et
516 601 680 646 deinde
711 603 842 657 juxta
879 601 1226 646 constitutiones
1269 602 1324 644 ad
1366 601 1689 657 professionem

55 679 58 683 ⁴
70 677 344 722 admittetur.
494 733 497 736 y
724 674 728 686 ²

156 755 288 797 Pater
309 754 538 810 Georgius
561 755 799 806 Serranus,
825 754 1020 810 peractis
1036 769 1140 797 cum
1157 753 1468 796 satisfactione
1492 754 1692 809 superio-

70 845 165 875 rum
186 830 540 886 probationibus,
566 831 829 874 admittatur
851 832 908 873 ad
930 830 1273 886 professionem.

152 908 186 949 F
189 906 419 949 ranciscus
442 907 630 950 Adorno
654 907 859 950 mittatur
880 907 926 950 in
949 907 1142 950 Italiam.

154 985 318 1027 Actum
344 990 412 1027 est
434 984 490 1027 de
513 983 852 1027 coadiutoribus
873 983 1197 1040 spiritualibus.
1224 984 1281 1025 Et
1303 983 1495 1039 primum
1518 984 1574 1027 de
1605 986 1691 1026 Pa—

45 1067 136 1103 ·tre
161 1059 309 1103 Dictio
338 1062 370 1111 2,
401 1060 590 1113 flandro,
622 1067 842 1103 statutum
871 1067 955 1112 est,
990 1067 1038 1102 ut
1069 1059 1133 1114 sic
1166 1066 1368 1103 maneret
1405 1060 1523 1102 sicut
1559 1061 1693 1103 modo

72 1143 230 1180 manet.

152 1215 220 1257 De
244 1215 377 1256 Patre
396 1215 606 1258 Manuele
623 1213 805 1257 Godino
823 1220 1041 1256 statutum
1060 1220 1144 1265 est,
1167 1220 1217 1255 ut
1234 1213 1376 1268 ipsius
1394 1213 1603 1256 electioni
1622 1229 1693 1257 re-

57 1289 356 1345 ‘linqueretun
382 1306 439 1333 an
463 1291 600 1334 uellet
623 1290 947 1346 professionem
978 1290 1111 1332 trium
1143 1296 1351 1332 uotorum
1381 1289 1601 1342 emittere,
1635 1306 1690 1334 an

60 1366 215 1424 [potius
236 1367 282 1409 in
305 1367 611 1411 coadiutorem
634 1362 909 1423 spiritualem
933 1366 1120 1409 admitti,

152 1445 271 1487 Idem
293 1444 349 1487 de
373 1446 508 1487 Patre
530 1445 565 1486 F
570 1443 773 1486 rancisco
796 1443 1070 1498 AnrriqueZ.

152 1521 271 1564 Idem
294 1521 350 1563 de
375 1523 508 1563 Patre
532 1520 758 1563 Cornelio.

151 1598 270 1641 Idem
293 1598 348 1641 de
371 1599 507 1640 Patre
530 1598 722 1640 Alfonso
745 1597 908 1653 Egidio
931 1604 1148 1640 statutum
1180 1605 1262 1649 est,
1296 1605 1344 1639 ut
1374 1598 1418 1639 in
1448 1597 1689 1640 coadiuto-

69 1687 158 1717 rem
179 1673 455 1729 spiritualem
472 1674 801 1718 admitteretur.

153 1751 271 1793 Idem
293 1752 348 1793 de
370 1751 543 1793 Didaco
568 1753 726 1793 PereZ.

153 1827 272 1870 Idem
295 1829 350 1870 de
373 1827 574 1883 Georgio
598 1826 751 1883 Rigio.

153 1904 273 1946 Idem
295 1906 351 1948 de
373 1905 587 1947 Leonello
610 1905 665 1946 de
689 1903 830 1947 Lima.

153 1982 270 2023 Idem
294 1982 348 2024 de
370 1983 406 2023 F
409 1981 657 2025 erdinando
680 1982 736 2023 de
755 1982 919 2024 Prado.

10 2114 13 2123 ἲ
152 2057 220 2102 De
249 2060 382 2102 Patre
409 2057 660 2101 Guillermo
695 2057 830 2109 idem,
871 2058 956 2100 nisi
988 2057 1138 2114 potius
1176 2058 1406 2103 videretur
1444 2058 1488 2100 in
1527 2059 1690 2101 studiis

11 2127 13 2150 ¹
72 2135 358 2179 exercendus.

105 2233 108 2237 ·
152 2213 220 2254 De
241 2213 377 2255 Petro
405 2213 572 2267 Lopez,
603 2218 652 2253 vt
680 2211 943 2254 admittatur
973 2211 1018 2253 in
1048 2212 1372 2265 coadiutorem,
1405 2212 1530 2268 prius
1560 2227 1688 2268 pera-

72 2286 149 2330 ctis
170 2288 522 2343 probationibus7
547 2295 592 2331 et
616 2288 821 2332 uideatur
843 2303 900 2330 an
923 2288 1146 2332 remoueri
1163 2289 1326 2331 debeat
1343 2305 1398 2333 ex
1417 2289 1688 2332 monasterio

72 2363 118 2407 S.
142 2365 176 2407 F
179 2364 262 2407 ins.
1194 2360 1204 2366 ⁵

156 2442 286 2485 Pater
310 2444 472 2486 Petrus
494 2442 606 2485 Diaz
629 2442 892 2484 admittatur
914 2441 958 2483 in
982 2441 1287 2485 coadiutorem
1311 2442 1603 2497 spiritualem.

154 2518 271 2560 Idem
293 2519 470 2574 Gaspar
492 2518 620 2561 Diez.

81 2623 84 2626 >
155 2594 273 2638 Idem
295 2595 522 2638 Antonius
544 2596 639 2638 Vaz
662 2610 744 2637 suo
768 2602 984 2650 tempore,
1009 2602 1111 2650 post
1126 2594 1439 2650 probationem
1458 2602 1502 2639 et
1520 2595 1688 2637 instru-

73 2667 274 2714 ctionem.

155 2748 224 2791 De
250 2748 586 2791 coadiutoribus
616 2748 936 2804 temporalibus
963 2755 1031 2790 est
1059 2754 1227 2799 actum,
1259 2755 1304 2791 et
1332 2748 1480 2791 uisum
1510 2756 1578 2791 est
1609 2749 1688 2790 ad-

64 2820 333 2882 vmittendum
357 2839 455 2869 esse
478 2824 794 2869 Sebastianum
818 2825 875 2866 de
898 2824 1099 2868 Oliuera.

21 2977 24 2980 .
145 2947 152 2967 ¹
201 2947 244 2984 B.
270 2947 313 2982 P.
339 2948 513 2993 Ignatius
539 2947 737 2993 Azevedo,
763 2948 874 2994 cujus
905 2948 1095 2994 professio
1120 2949 1284 2984 habetur
1312 2948 1350 2983 in
1378 2948 1506 2994 Epist.
1534 2948 1582 2984 P.
1611 2947 1690 2982 Na-

76 3003 155 3048 αἰαὶ,
172 3005 219 3050 11,
232 3041 235 3043 ,
240 3013 321 3051 592.

140 3064 154 3084 ²
202 3062 334 3100 Dicius
353 3067 415 3104 vel
434 3066 563 3101 Ditius
588 3065 771 3101 scribitur
789 3066 890 3112 apud
912 3067 1039 3113 Epist.
1061 3066 1224 3107 Ildixtae,
1245 3067 1272 3111 Ι,
1294 3065 1376 3110 233,
1397 3065 1477 3110 538,
1495 3065 1576 3111 539.
