2028 3426
653 229 1157 270 ANJMADVERSIONES-63
1274 249 1276 251 >
1599 227 1668 263 623

177 339 238 382 Ut
257 337 480 381 scribatur
499 334 684 378 historia
702 334 981 377 fundationis
999 331 1309 388 collegiorum.
1331 330 1566 374 Scribatur
1588 344 1716 385 prae-

91 424 212 459 terea
239 414 489 458 chronicon
527 412 783 457 Societatis.
816 413 890 455 Ad
918 413 1032 455 haec
1069 410 1306 464 catalogus
1339 407 1643 462 professorum
1674 414 1718 448 et

89 492 402 536 coadiutorum
428 491 739 542 formatorum,
765 487 973 544 apposito
1002 486 1074 530 die
1102 493 1147 529 et
1169 499 1303 527 anno.

181 568 357 612 Poterit
375 581 430 610 ex
449 565 732 609 examinibus
750 565 1033 607 visitatorum
1052 572 1069 588 ³
1086 561 1247 605 confici
1266 561 1501 616 catalogus
1520 559 1719 601 omnium

95 649 280 689 Patrum
304 649 354 687 et'
372 646 560 686 fratrum
585 641 878 697 collegiorum
902 641 1021 682 illius
1044 638 1275 695 temporis.

183 721 358 765 Poterit
381 736 436 763 ex
458 709 614 763 eorum
632 718 650 743 b
668 718 885 760 relatione
902 725 948 760 et
970 715 1150 772 scriptis
1168 714 1321 770 colligi
1339 720 1485 756 status
1503 713 1720 768 collegio—

98 814 214 851 rum,
241 798 348 853 quid
371 798 638 848 curandum,
666 796 773 850 quid
797 794 1067 845 cauendum,
1094 792 1202 847 quid
1230 792 1474 847 agendum,
1497 789 1723 844 quomodo

99 875 446 931 gubernandum
469 873 665 928 quoduis
688 871 930 927 collegium
953 870 1025 913 sit.

184 951 285 996 Sint
310 950 438 992 multi
461 950 505 991 in
530 949 774 1001 Societate,
795 948 871 1003 qui
891 961 974 990 nec
992 947 1080 989 sint
1105 953 1120 971 ⁶
1138 944 1411 997 scholastici,
1432 958 1517 988 nec
1539 943 1724 986 coadiu—

104 1036 241 1081 tores,
267 1042 351 1072 nec
374 1026 566 1083 professi
589 1041 643 1069 ex
666 1032 803 1077 statu,
831 1038 915 1067 nec
944 1024 1198 1066 habeantur
1218 1021 1237 1046 d
1259 1037 1341 1077 pro
1364 1020 1563 1064 nouitiis.
1586 1022 1727 1062 Exer-

105 1105 279 1148 cebitur
302 1104 363 1147 ita
386 1103 650 1159 simplicitas
673 1109 717 1144 et
740 1101 972 1144 humilitas
995 1107 1253 1142 nostrorum
1276 1107 1307 1140 0.

189 1182 350 1226 Solent
373 1179 672 1237 prouinciales
692 1187 736 1222 et
754 1186 968 1229 rectores,
989 1191 1069 1233 pro
1087 1190 1170 1218 suo
1188 1175 1314 1231 quisq
1323 1190 1379 1218 ue
1396 1174 1597 1230 ingenio,
1619 1174 1727 1216 scri-

105 1262 214 1302 bere
240 1259 295 1300 ad
326 1258 583 1314 generalem
623 1255 761 1308 uarie3
793 1255 1048 1310 exemplum
1077 1260 1146 1295 est
1185 1251 1412 1304 Canisius,
1439 1253 1651 1307 Lanoyus
1684 1257 1729 1293 et

104 1336 366 1380 Leonardus
388 1333 412 1387 f3
439 1340 546 1376 sunt
575 1331 847 1376 admonendi
877 1330 1258 1385 quemadmodum
1297 1329 1493 1372 debeant
1529 1327 1729 1371 scribere

103 1420 148 1454 et
182 1412 218 1454 si
247 1426 381 1466 quarn
409 1410 589 1453 habent·
615 1408 812 1465 phrasim
850 1407 897 1449 in
936 1406 1174 1449 scribendo
1206 1405 1550 1456 emendandam,
1585 1419 1683 1447 eam
1717 1411 1734 1435 g

102 1478 343 1531 iubeantur
366 1488 622 1531 emendare.
658 1483 948 1528 Admonendi
976 1482 1106 1532 nein
1144 1483 1403 1524 alterutram
1434 1487 1607 1537 partem
1644 1480 1735 1523 sint

105 1565 244 1608 nimii:
266 1566 338 1607 vel
357 1563 588 1619 querulosi
607 1570 651 1605 et
669 1562 803 1614 anxii,
826 1562 897 1605 vel
915 1561 1107 1603 fidentes
1123 1566 1169 1601 et
1186 1558 1349 1601 securi.
1372 1558 1438 1601 Hi·
1451 1558 1568 1601 laeta
1586 1557 1736 1600 omnia

106 1642 327 1685 scribunt:
354 1641 415 1683 illi
440 1642 532 1684 fere
556 1640 699 1682 tristia
721 1638 754 1681 ¹³.

198 1718 555 1762 Accuratissime
578 1725 646 1760 est
679 1716 988 1759 annotandum
1027 1730 1096 1766 ea,
1128 1728 1243 1770 quae
1280 1713 1476 1756 debeant
1510 1711 1662 1755 caueri
1692 1710 1736 1753 in
1763 1751 1766 1754 .

109 1796 303 1852 singulis
326 1795 530 1851 partibus
554 1792 810 1845 Societatis,
838 1789 1102 1848 praesertim
1131 1791 1176 1832 in
1205 1789 1403 1853 antiquis
1431 1788 1739 1844 superioribus

108 1881 153 1916 et
176 1872 454 1924 ministeriis3
482 1878 526 1915 et
549 1873 634 1913 hoc
657 1870 839 1924 quidem
862 1884 917 1911 ex
939 1867 1215 1924 experientia
1237 1866 1353 1909 sumi
1375 1873 1540 1922 potest,
1567 1879 1736 1920 suppo-

110 1949 195 1991 sita
217 1948 413 1991 instituti
436 1946 752 2002 intelligentia.

199 2024 591 2068 Constitutionum
617 2024 844 2079 exemplar
869 2025 919 2065 Ρ.
949 2021 1110 2078 Ignatii
1133 2028 1202 2063 est
1223 2019 1600 2072 confirmandum,
1633 2018 1739 2061 alio—

112 2102 205 2156 qui,
231 2101 277 2143 ni
301 2102 489 2156 probato
512 2115 565 2143 eo
588 2115 613 2141 a
635 2099 1009 2155 congregatione,
1034 2112 1125 2140 non
1148 2104 1217 2140 est
1239 2097 1352 2139 fides
1375 2103 1499 2139 certa
1522 2095 1547 2137 i.

202 2180 268 2220 Ex
299 2177 397 2220 aliis
428 2177 630 2232 partibus
669 2175 1043 2218 constitutionum
1078 2181 1122 2216 et
1159 2173 1532 2223 declarationum,
1561 2180 1656 2213 tum
1687 2186 1742 2213 ex

115 2254 320 2298 examine
352 2263 397 2298 et
425 2253 618 2296 decretis
650 2251 1021 2308 congregationis
1044 2250 1284 2306 generalis,
1316 2247 1739 2298 consuetudinibus,

119 2331 452 2382 traditionibus,
479 2330 524 2372 in
547 2328 864 2384 compendium
888 2328 1158 2386 colligenda,
1186 2341 1302 2381 quae
1327 2327 1487 2381 legunt
1518 2323 1676 2370 nouitii
1700 2323 1745 2364 in

118 2407 261 2462 prima
283 2407 565 2463 probatione.

201 2485 276 2526 *Ne
294 2483 588 2539 egrediantur
609 2483 742 2524 domo
772 2481 914 2523 nostri
943 2482 1113 2535 absque
1141 2480 1282 2532 socio;
1311 2487 1526 2535 parentur
1566 2492 1673 2520 uero
1701 2477 1746 2517 in

121 2559 312 2615 singulis
335 2560 545 2602 domibus
568 2567 612 2603 et
635 2557 839 2614 collegiis
862 2557 1165 2612 probatissimi
1187 2557 1243 2598 ad
1266 2558 1351 2598 hoc
1376 2554 1672 2598 ministerium
1703 2560 1748 2595 et

123 2637 263 2678 multo
281 2635 626 2692 diligentissime
649 2635 948 2677 instruantur:
976 2633 1022 2675 hi
1047 2634 1243 2676 referent
1266 2634 1321 2674 ad
1347 2631 1621 2686 superiorem
1640 2629 1748 2684 quid

124 2713 268 2768 egerit
291 2712 460 2765 socius,
486 2719 573 2755 etc.

196 2864 213 2880 a
263 2853 520 2888 Emendatum
539 2864 560 2887 a
578 2853 669 2888 Nat.
689 2864 738 2887 ex
756 2852 853 2887 meis
872 2852 1134 2886 examinibus.
1188 2852 1252 2876 -b
1281 2847 1536 2883 Emendatum
1556 2859 1576 2881 a
1596 2847 1683 2883 Nat.
1703 2859 1750 2881 ex

128 2923 229 2947 mea.-
281 2922 343 2939 -c
369 2916 462 2947 sunt
481 2924 553 2949 ms.
605 2913 669 2938 -d
695 2911 893 2946 habentur
913 2922 983 2945 ms.
1036 2920 1098 2936 —e
1117 2910 1198 2945 Ult.
1220 2908 1241 2942 3
1261 2908 1379 2941 verba
1398 2905 1545 2940 addidit
1566 2906 1654 2940 Nat.

130 2972 141 2996 f
163 2972 245 3006 Ult.
260 2971 282 3004 6
299 2972 417 3009 verba
437 2970 642 3006 obliterata
657 2976 759 3007 sunt.
813 2979 876 3002 ——a
904 2968 1159 3003 Emendatum
1175 2979 1195 3001 a
1211 2967 1298 3000 Nat.
1317 2967 1387 2999 hoc
1403 2966 1515 2999 verb.
1538 2976 1586 2998 ex
1604 2968 1656 2999 ut.
1710 2985 1753 2991 —

131 3030 147 3054 ¹¹
164 3030 241 3064 Ult.
257 3038 300 3065 22
311 3030 432 3066 ⁴verba
444 3029 572 3064 addita
584 3034 674 3063 sunt
685 3040 706 3062 a
722 3029 797 3062 Nat
850 3029 904 3053 -i
927 3028 1031 3061 Haec
1044 3025 1304 3072 paragraphus
1317 3035 1337 3057 a
1350 3023 1441 3059 Nat.
1458 3022 1664 3058 obliterata
1679 3029 1752 3058 est.
