2028 3426
1942 0 2028 267 fl

2015 304 2021 320 t

424 332 487 374 Vt
521 332 719 378 fructum
750 330 964 386 accipiam
1005 345 1061 374 ex
1098 330 1346 386 gratiarum
1387 330 1580 384 actione,
1617 345 1698 386 pro
1730 330 2022 374 vocatione

334 396 450 461 mea,
477 408 667 464 primum
693 408 863 464 gratias
885 421 1060 450 summa
1083 421 1186 450 cum
1205 406 1461 450 humilitate
1478 414 1522 452 et
1540 407 1783 451 deuotione
1800 409 1973 452 habere
1996 412 2019 447 ἶ

381 228 451 273 580
853 230 1007 264 PATms
1034 228 1277 263 Humonvm
1304 228 1454 264 NADAL

336 493 381 530 et
405 500 558 542 agere,
585 487 705 541 quod
729 500 799 527 me
821 486 878 527 ad
901 484 1175 528 Societatem
1199 484 1385 527 vocarit.

424 562 655 613 Secundo,
682 564 840 606 eodem
864 560 1024 617 spiritu
1047 560 1219 617 gratias
1241 569 1286 604 et
1304 563 1474 606 habere
1490 569 1535 605 et
1553 576 1690 617 agere
1707 564 1822 613 Deo,
1844 563 1966 617 quod

334 654 405 683 me
427 640 563 682 huius
585 639 836 682 vocationis
858 652 1070 694 capacem
1096 637 1269 689 fecerit,
1295 638 1662 694 praestiteritque
1692 639 1966 695 peculiarem

332 715 542 772 gratiam,
569 731 657 771 qua
683 715 965 759 vocationem
989 714 1209 766 audirem,
1236 723 1279 758 et
1304 723 1485 770 praesto
1508 731 1654 760 essem
1679 717 1735 758 ad
1760 716 1965 760 Societa-
2000 728 2002 730 ’
2024 724 2028 780 '¹

333 793 391 836 tis
413 793 686 849 ingressum.

420 875 502 916 568
536 869 707 921 Tertio,
734 869 905 925 gratias
928 869 1063 913 etiam
1087 884 1242 925 agere,
1269 870 1392 924 quod
1415 870 1632 926 dignatus
1661 870 1796 913 fuerit
1825 885 1897 914 me
1919 870 1964 914 in

331 949 416 990 hae
441 947 669 991 Societate
692 946 810 989 votis
833 945 1101 1002 constringi,
1126 960 1243 1001 quae
1267 946 1352 996 fuit
1375 946 1620 1003 singularis
1643 948 1804 1003 gratia.

419 1026 610 1079 Quarto,
637 1023 1150 1090 quotidianisbprecibus
1173 1024 1450 1068 contendere
1472 1039 1498 1066 a
1521 1025 1636 1077 Deo,
1664 1031 1710 1066 vt
1741 1033 1835 1067 tum
1859 1039 1965 1080 pro-

330 1110 426 1157 pter
460 1116 524 1152 se,
563 1100 720 1144 merita
750 1099 973 1155 vnigeniti
1002 1100 1081 1142 filii
1112 1100 1309 1157 suiJesu
1341 1100 1510 1144 Christi
1533 1102 1772 1145 saluatoris
1802 1102 1960 1154 nostri,

331 1193 382 1220 ac
413 1193 492 1234 per
522 1172 898 1221 intercessionem
927 1191 979 1219 ac
1008 1177 1166 1221 merita
1200 1185 1518 1222 sacrosanctae
1550 1178 1742 1234 virginis
1775 1179 1960 1231 Mariae,

330 1264 589 1298 sanctorum
629 1255 829 1298 omnium
869 1262 914 1298 et
951 1255 1234 1310 angelorum,
1275 1263 1323 1296 vt
1361 1254 1468 1297 mihi
1508 1256 1715 1298 conferat
1748 1256 1984 1299 maiorem?

328 1332 464 1374 huius
502 1331 696 1374 instituti
735 1339 780 1374 et
818 1331 992 1387 gratiae
1030 1331 1270 1387 peculiaris
1302 1331 1629 1387 cognitionem,
1667 1348 1963 1388 perseueran-

331 1409 435 1453 tiam
460 1409 657 1464 denique
679 1416 724 1452 et
747 1408 1079 1451 incrementum
1102 1409 1147 1451 in
1171 1409 1491 1453 obseruatione
1514 1409 1731 1453 eiusdem.

417 1486 607 1543 Quinto,
644 1486 833 1531 dilatare
865 1486 1059 1552 yirtutes
1093 1486 1374 1542 theologicas
1407 1487 1463 1529 ad
1496 1487 1640 1530 maius
1673 1487 1857 1543 spiritus
1892 1488 1965 1530 in-

326 1572 608 1609 crementum
632 1564 677 1606 in
707 1565 795 1606 hac
823 1563 1081 1606 vocatione:
1118 1563 1253 1606 fidem
1283 1563 1483 1618 quidem,
1519 1565 1746 1608 credendo
1774 1565 1968 1608 firmiter>

325 1643 472 1685 Deum
496 1642 644 1698 ipsum
668 1640 779 1682 mihi
802 1641 1071 1684 collaturum
1096 1640 1312 1683 auxilium
1338 1649 1382 1684 et
1405 1641 1596 1697 gratiam
1621 1643 1677 1685 ad
1700 1656 1955 1698 consequu-

327 1719 494 1762 tionem
517 1718 620 1761 finis
642 1718 779 1761 huius
800 1714 1068 1770 vocationis,
1093 1718 1129 1760 si
1153 1732 1241 1774 ego
1264 1718 1359 1774 ipse
1384 1718 1494 1760 mihi
1520 1734 1612 1762 non
1635 1719 1794 1762 desim.
1822 1720 1961 1775 Spem
1982 1743 1983 1746 =

326 1812 450 1848 vero,
476 1796 597 1838 omni
622 1795 915 1848 confidentia,
941 1796 1166 1851 sperando
1189 1809 1244 1837 ex
1267 1795 1415 1851 gratia
1432 1795 1589 1838 diuina
1608 1811 1677 1839 me
1696 1796 1957 1852 participem

326 1875 424 1917 fore
446 1879 526 1920 569
550 1873 686 1915 huius
715 1872 986 1924 vocationis,
1018 1872 1055 1914 si
1085 1871 1148 1914 illi
1178 1886 1411 1928 cooperer:
1445 1873 1709 1917 charitatem
1743 1873 1956 1929 denique,
1981 1865 1983 1869 ’

326 1952 537 2002 amando,
558 1951 801 2002 laudando,
823 1957 868 1993 et
885 1949 1073 1992 summis
1090 1949 1300 1992 laudibus
1318 1951 1578 1993 extollendo
1599 1950 1798 1993 diuinam
1817 1950 1958 2007 ipsam

326 2028 626 2081 maiestatem,
651 2035 833 2083 propter
861 2025 1132 2070 beneficium
1163 2040 1265 2068 cum
1297 2026 1342 2068 in
1372 2041 1460 2079 me,
1492 2035 1587 2069 tum
1612 2027 1657 2069 in
1686 2028 1960 2072 Societatem

326 2106 554 2147 collatum.

326 2239 387 2267 DE
421 2237 545 2267 OCTO
587 2235 998 2266 BEATITUDINIBUS
1040 2235 1246 2264 PROPRIE
1285 2236 1346 2264 AD
1386 2235 1612 2265 NOSTRUM
1657 2236 1956 2267 INSTITUTL'M

417 2336 571 2381 «Beati
597 2350 819 2392 pauperes
841 2335 1017 2391 spiritu,
1044 2334 1257 2390 quoniam
1282 2334 1482 2390 ipsorum
1505 2345 1572 2378 est
1593 2350 1782 2390 regnum
1807 2337 1963 2379 coelo-

323 2429 471 2457 rum.»
506 2415 765 2457 Offeramus
793 2414 908 2464 Deo,
941 2413 1117 2463 fratres,
1150 2412 1464 2454 holocaustum
1494 2420 1539 2454 et
1570 2413 1814 2470 perfectam
1847 2414 1957 2456 obe-

325 2491 540 2536 dientiam
585 2492 806 2533 bonorum
852 2496 1112 2531 nostrorum
1155 2487 1377 2539 omnium,
1424 2488 1719 2541 exteriorum,
1760 2489 1959 2545 corporis

325 2578 462 2624 atque
484 2567 638 2619 animi,
666 2582 743 2622 per
767 2565 1061 2621 paupertatis,
1093 2564 1313 2607 castitatis
1346 2571 1482 2620 atque
1515 2565 1799 2609 obedientiae
1833 2574 1955 2619 vota,

325 2647 396 2690 vel
419 2653 542 2690 certe
565 2659 643 2700 per
665 2643 802 2687 animi
831 2641 1110 2697 propositum
1144 2649 1188 2684 et
1221 2641 1520 2685 vocationem.
1548 2642 1639 2697 Qui
1663 2651 1770 2685 sunt
1793 2643 1957 2686 nouitii
1978 2671 1980 2675 v

324 2725 480 2767 eadem
505 2724 695 2767 offerant
718 2722 833 2764 Deo.
859 2718 1137 2761 Coelestium
1161 2719 1383 2760 bonorum
1415 2719 1744 2774 possessionem
1778 2735 1857 2775 pro
1886 2719 1961 2762 his

325 2801 500 2856 reponit
519 2799 648 2842 nobis
671 2797 899 2841 Christus.

417 2877 571 2921 «Beati
595 2875 742 2926 mites,
769 2872 979 2929 quoniam
1009 2871 1093 2927 ipsi
1122 2870 1419 2926 possidebunt
1448 2880 1657 2916 terram.»
1692 2875 1954 2918 Contenda-

324 2970 424 2997 mus
447 2949 533 2997 illis
556 2951 805 3010 praesidiis,
837 2948 1118 3000 consulente,
1149 2951 1235 2994 570
1265 2945 1549 3001 adhortante,
1586 2957 1793 3002 vocante,
1818 2958 1959 3006 atque

325 3032 518 3075 authore
557 3029 757 3080 Christo,
798 3035 847 3068 vt
884 3023 1168 3082 passionibus
1203 3032 1248 3066 et
1287 3023 1436 3079 prauis
1468 3025 1704 3069 affectibus
1738 3026 1959 3082 repressis
