2028 3426
277 213 345 249 228
745 214 900 250 PA'rms
926 213 963 248 H
968 219 1169 248 tERONYMI
1195 210 1346 246 NADAL

231 316 438 360 homines
460 315 676 367 infames,
706 313 994 364 excucullati,
1032 311 1180 356 uentri
1210 311 1368 365 dediti,
1394 311 1652 368 principum
1681 310 1869 354 ambitio

232 394 475 437 aduersum
506 406 751 442 caesarem,
785 390 1005 446 rapacitas
1037 389 1258 431 bonorum
1298 387 1727 440 ecclesiasticorum,
1760 387 1864 430 sim-

197 491 207 512 x
233 469 408 526 plicitas
426 469 559 513 etiam
587 477 773 511 naturae
797 467 847 510 {si
871 467 1016 517 uelis),
1042 465 1227 508 libertas
1248 464 1400 508 carnis
1423 466 1551 522 (quas
1571 466 1661 507 duo
1685 464 1863 521 plebem

190 588 192 591 .
233 546 318 590 illis
341 546 615 597 conciliantl,
642 545 791 588 odium
817 545 1036 587 aduersus
1066 543 1219 584 sedem
1250 542 1541 598 apostolicam
1565 549 1610 585 et
1634 555 1863 584 romanam

233 623 467 667 ecclesiam
491 630 535 665 et
553 621 905 664 ecclesiasticum
927 626 1110 661 statum.
1132 619 1227 662 Nos
1245 618 1471 678 sustine[t]
1487 617 1863 676 ChristusJesus,

235 700 311 756 qui
337 715 514 755 semper
537 698 771 741 ecclesiam
798 696 1086 739 conseruauit
1116 695 1161 738 in
1185 696 1353 740 unione
1380 703 1397 721 ³
1420 695 1697 752 apostolicae
1728 695 1864 747 sedis,

236 777 281 818 in
304 790 530 820 consensu
554 775 751 817 omnium
780 782 1048 829 temporum,
1075 773 1292 817 ecclesiae
1314 772 1568 829 integritas,
1594 772 1799 815 doctrina
1821 765 1868 816 et

234 854 429 905 bonitas,
455 860 548 894 tum
579 852 711 895 etiarn
739 850 955 907 perfectio
979 856 1069 892 tam
1098 851 1346 893 multorum
1371 849 1716 902 catholicorum,
1743 850 1869 894 zelus

235 946 314 986 pro
337 930 532 972 Domino
566 929 862 979 exercituum,
889 935 978 972 etc.
1011 927 1135 970 Nihil
1158 927 1299 984 igitur
1327 928 1449 982 quod
1478 927 1578 970 illos
1609 926 1862 970 timeamus.

236 1007 448 1051 Christus
474 1009 641 1064 Jhesus
671 1005 779 1047 uicit
803 1005 1038 1047 mundum:
1073 1004 1197 1047 illum
1239 1004 1494 1056 timeamus,
1521 1004 1597 1059 qui
1633 1011 1783 1061 potest
1821 1003 1866 1046 in

236 1087 492 1139 gehennam
525 1083 702 1126 mittere
739 1085 764 1124 ¹.
798 1082 951 1126 Simus
988 1081 1094 1124 boni
1125 1083 1441 1134 aemulatores,
1474 1089 1518 1126 et
1549 1081 1659 1124 nihil
1687 1080 1771 1124 erit
1811 1081 1867 1124 ti-

236 1163 466 1204 mendum.
494 1160 668 1203 Timeat
690 1174 800 1215 ergo
824 1159 973 1214 quiuis
996 1168 1183 1215 peccata
1206 1174 1304 1211 sua,
1330 1161 1386 1202 ab
1410 1159 1496 1202 illis
1519 1167 1695 1210 caueat‚
1728 1165 1774 1203 et
1798 1159 1867 1201 ni-

236 1238 299 1280 hil
321 1238 405 1280 erit
428 1238 547 1292 quod
571 1238 686 1279 male
707 1236 792 1278 sibi
826 1236 968 1291 possit
991 1236 1328 1280 accideresSed
1350 1244 1530 1288 contra,
1558 1236 1592 1279 si
1624 1236 1730 1292 quid
1754 1249 1868 1279 con-

238 1315 390 1371 tigerit
421 1322 603 1371 propter
628 1313 863 1357 ueritatem
888 1313 996 1369 pati,
1023 1327 1199 1356 summa
1228 1313 1312 1356 erit
1336 1313 1570 1356 foelicitas.

326 1391 413 1434 Vbi
451 1392 670 1434 aduersus
700 1390 799 1433 illos
837 1391 1065 1446 agendum
1096 1390 1181 1433 erit
1216 1391 1288 1434 uel
1327 1391 1507 1447 publice
1548 1391 1619 1435 uel
1658 1389 1867 1446 priuatim

240 1470 376 1525 {quod
401 1469 478 1511 fiet
500 1481 678 1524 semper
707 1467 782 1510 ubi
822 1467 1128 1511 necessarium
1153 1467 1237 1512 erit
1261 1468 1334 1512 uel
1358 1467 1498 1522 utile),
1526 1468 1569 1510 id
1598 1468 1676 1511 fiet
1707 1468 1865 1524 spiritu

241 1561 346 1590 uere
370 1545 631 1597 christiano,
657 1547 744 1587 hoc
769 1553 854 1597 est,
880 1545 1104 1596 modesto,
1129 1544 1304 1596 humili,
1331 1545 1551 1589 charitate
1580 1553 1626 1589 et
1654 1547 1751 1589 zelo
1781 1547 1867 1591 fer-

238 1623 360 1674 uido,
387 1637 490 1665 cum
515 1622 616 1664 luce
641 1621 863 1673 ueritatis,
890 1635 992 1664 cum
1016 1621 1268 1664 constantia
1291 1629 1335 1664 et
1360 1621 1640 1674 fortitudine,
1667 1637 1768 1666 cum
1788 1638 1863 1679 pa-

238 1700 411 1752 tientia,
444 1714 546 1742 cum
587 1699 709 1750 fidei,
741 1698 837 1755 spei
875 1698 1157 1755 plenitudine
1188 1698 1234 1741 in
1273 1699 1455 1742 Christo
1486 1701 1647 1757 Jhesu.
1681 1701 1868 1744 Nullum

238 1778 426 1820 uerbum
457 1791 482 1819 a
512 1776 643 1819 nobis
680 1776 882 1828 audiant,
914 1776 1036 1831 quod
1074 1776 1148 1820 uel
1184 1776 1468 1832 interpretari
1508 1777 1609 1833 quis
1645 1777 1786 1833 possit
1824 1778 1869 1820 in

237 1868 394 1896 eorum
419 1852 626 1896 iniuriam
651 1853 725 1897 uel
749 1852 964 1906 conuitia‚
990 1853 1064 1896 uel
1095 1852 1391 1909 ignominiam
1415 1867 1516 1896 esse
1546 1853 1691 1908 dictu,
1718 1861 1868 1898 tanm-

238 1919 339 1973 tum¹
358 1930 691 1975 feruentissime
714 1930 930 1974 ueritates
952 1931 1234 1975 orthodoxae
1258 1945 1309 1973 ac
1333 1931 1697 1977 constantissime
1719 1931 1736 1957 b
1758 1941 1870 1976 sunt

239 2009 506 2051 asserendae
529 2022 581 2050 ac
604 2008 962 2064 propugnandae
985 2007 1031 2050 in
1054 2022 1232 2050 summa
1255 2022 1337 2050 sua
1365 2008 1640 2063 synceritate
1670 2024 1722 2052 ac
1749 2009 1870 2054 ueri-

240 2092 345 2137 tate,
372 2099 547 2127 summa
572 2098 674 2127 cum
697 2084 883 2140 spiritus
905 2084 1113 2127 libertate
1136 2084 1179 2126 in
1203 2084 1416 2127 Domino.

327 2161 449 2203 Nihil
468 2161 554 2204 illis
572 2162 811 2205 credamus
833 2162 889 2204 de
912 2160 1107 2217 puritate
1129 2161 1412 2218 dogmatum,
1434 2163 1490 2204 ad
1507 2163 1675 2206 nullam
1695 2164 1767 2207 uel
1786 2164 1871 2206 mi-

240 2238 403 2280 nimam
443 2238 792 2282 declarationem
826 2239 883 2282 ab
912 2237 1088 2280 illorum
1123 2237 1382 2294 integritate
1420 2239 1761 2294 conniueamus,
1793 2242 1874 2284 sed

241 2322 304 2369 saut
328 2329 503 2371 semper
526 2315 587 2357 ita
617 2329 739 2358 nunc
770 2314 977 2369 maxime)
1007 2314 1372 2370 syncerissimam
1412 2315 1719 2373 integritatem
1748 2318 1872 2371 fidei,

240 2394 523 2447 dogmatum,
550 2392 750 2435 omnium
784 2391 1095 2443 traditionum,
1129 2392 1514 2436 caeremoniarum
1544 2395 1872 2439 ecclesiastica-

242 2483 357 2520 rum,
399 2469 729 2525 obligationum
768 2476 905 2524 atque
941 2468 1352 2521 obseruantiarum,
1383 2477 1493 2522 etc.,
1530 2460 1895 2522 conseruemus,'

243 2546 546 2600 profiteamur,
574 2545 883 2601 praedicemus
913 2559 966 2588 ac
990 2560 1347 2602 propugnemus:
1378 2561 1526 2602 neque
1554 2549 1760 2592 excusari
1785 2551 1875 2593 hac

244 2622 286 2663 in
313 2629 437 2676 parte
460 2636 716 2677 possumus,
743 2623 866 2676 quod
890 2623 1079 2664 fortasse
1104 2622 1309 2665 nonnulli
1332 2622 1384 2679 (si
1407 2623 1517 2666 nihil
1539 2624 1624 2667 illis
1647 2626 1875 2669 conceda-

245 2700 358 2753 mus)
382 2698 627 2742 deteriores
650 2699 774 2750 fient,
801 2699 874 2742 uel
897 2699 1080 2741 omnino
1110 2713 1199 2742 non
1229 2706 1336 2743 sunt
1363 2700 1513 2743 omnia
1543 2701 1722 2755 facturi,
1759 2717 1876 2758 quae

245 2775 462 2827 dicemus3
497 2790 599 2817 nam
642 2783 794 2818 nostra
824 2790 913 2818 non
943 2783 1012 2819 est
1042 2775 1232 2819 facultas
1259 2776 1565 2833 dispensandi:
1608 2779 1874 2824 absoluendi

269 2905 274 2910 '
315 2917 331 2932 -ἰ
384 2907 557 2940 unionae
578 2917 648 2940 ms.
702 2908 766 2933 —b
793 2907 1139 2942 constantissimae
1157 2918 1227 2942 ms.

323 3021 329 3038 ¹
384 3018 569 3061 MATTH.,
588 3019 636 3061 X,
658 3017 715 3052 28.
