2028 3426
455 231 729 265 MONUMENTA
756 235 1010 264 PRoleCIAE
1036 227 1318 261 RHENANAE—
1328 222 1372 268 53
1613 221 1682 257 323

92 342 189 387 tur,
211 328 470 390 praesertim
490 346 570 387 pro
588 331 689 381 illis,
707 330 783 384 qui
801 328 1056 372 seruierunt
1074 326 1254 370 interim
1277 324 1498 381 collegiis3
1519 324 1627 366 satis
1646 339 1727 366 au-

96 419 190 453 tem
211 409 295 453 erit
317 408 354 451 si
376 410 537 451 fratres
559 406 694 450 iidem
719 413 874 461 postea
896 404 1133 447 mittantur
1156 401 1440 457 Herbipolim
1465 415 1567 442 cum
1589 400 1726 442 vesti-

98 489 200 539 bus,
227 501 341 541 quas
364 501 420 529 ex
442 485 567 528 Vrbe
591 484 808 535 tulerunt,
842 483 914 526 uel
942 480 1244 525 mediocribus
1273 478 1386 531 aliis,
1418 477 1464 519 in
1496 477 1661 531 quibus
1690 477 1726 518 si

99 568 485 619 essergrauatum
508 559 767 615 collegium,
800 559 1010 602 refundet
1039 556 1206 612 aliquid
1234 570 1315 612 pro
1347 554 1434 597 illis
1467 553 1723 609 sumptibus

99 639 344 695 collegium
369 637 686 692 herbipolense
742 669 749 677 .

188 717 344 772 Agere
366 721 514 770 potest
537 711 827 769 prouincialis
850 727 952 754 cum
975 709 1279 761 confessariis,
1308 715 1355 751 ut
1378 723 1435 751 ne
1459 715 1627 750 temere
1655 707 1724 748 di-

91 799 314 849 spensent
344 806 448 834 cum
480 789 646 832 nostris
673 788 902 839 fratribus,
928 787 1003 842 qui
1026 786 1215 842 cupiunt
1232 784 1411 829 liberari
1440 799 1465 827 a
1493 783 1724 826 recitando

98 869 248 913 officio
270 871 430 912 beatae
452 866 672 923 Virginis.
699 866 836 920 Quod
859 865 895 907 si
918 864 1118 906 iudicant
1147 877 1241 914 eos,
1267 861 1343 916 qui
1366 868 1543 917 petunt,
1572 860 1725 902 utilius

95 947 146 989 in*
176 945 470 990 meditatione
507 942 726 999 spirituali
765 944 850 984 hoc
889 949 1065 996 tempus
1102 939 1321 985 recitandi
1365 937 1498 981 officii
1536 951 1720 993 ponere,

96 1030 313 1080 poterunt
340 1021 522 1077 quidem
545 1019 822 1076 dispensare,
849 1020 927 1062 sed
956 1018 1212 1060 consultum
1242 1022 1361 1059 esset
1394 1015 1544 1067 etiam,
1572 1022 1621 1056 ut
1658 1014 1721 1056 al-

95 1100 236 1143 ternis
258 1099 419 1143 diebus
448 1104 628 1140 orarent
650 1095 845 1138 officium
870 1095 1039 1137 dictum
1068 1094 1299 1144 vocaliter,
1318 1100 1369 1138 et
1398 1091 1495 1134 aliis
1533 1090 1722 1134 medita-

96 1184 268 1230 rentur,
295 1183 344 1218 ut
366 1175 428 1217 ita
449 1189 541 1217 non
563 1173 746 1216 omnino
768 1173 1036 1214 desuescant
1059 1170 1203 1214 vocali
1225 1169 1428 1212 oratione
1452 1169 1534 1211 uti.
1556 1169 1659 1223 Qua
1677 1167 1721 1208 in

96 1269 145 1297 re
169 1253 376 1296 habenda
398 1251 482 1294 erit
507 1250 619 1293 ratio
642 1249 836 1305 diligens
865 1262 1175 1304 personarum,
1207 1261 1311 1289 cum
1341 1246 1506 1300 quibus
1536 1244 1723 1299 dispen-

90 1337 238 1372 satur.

184 1406 232 1451 Si
260 1405 487 1450 Monachii
515 1406 676 1447 domus
709 1402 1025 1446 conuictorum
1064 1400 1230 1444 nostris
1262 1401 1499 1442 offerretur
1537 1398 1718 1441 nomine

94 1483 401 1540 principis,⁴ut
424 1496 578 1525 curam
602 1479 1073 1534 eius'susciperemus,
1101 1477 1442 1532 respondeatur,
1469 1491 1562 1519 rem
1593 1474 1720 1530 prius

87 1561 151 1603 -ad
173 1560 428 1616 generalem
454 1558 735 1603 referendam
759 1571 873 1607 esse,
899 1563 944 1598 et
967 1555 1190 1597 scribatur
1212 1553 1269 1605 ei,
1296 1568 1351 1595 an
1371 1552 1428 1594 sit
1446 1551 1607 1607 aliquis
1623 1551 1720 1593 ido-

93 1651 206 1679 neus
229 1652 254 1680 e
282 1635 464 1684 nostris,
492 1634 570 1690 qui
598 1632 785 1689 praefici
814 1631 971 1688 possit,
1004 1631 1101 1686 ipso
1139 1629 1466 1672 consentiente.
1502 1627 1721 1671 Difficiles

86 1713 259 1768 alioqui
278 1727 360 1755 nos
382 1713 599 1768 praebere
622 1711 840 1755 debemus
863 1709 907 1751 in
932 1710 1023 1750 hoc
1045 1722 1168 1750 nouo
1193 1721 1331 1750 onere
1353 1705 1657 1760 suscipiendo.
1680 1690 1684 1693 ⁵

181 1791 434 1833 Absoluere
451 1788 593 1831 nostri
612 1795 804 1843 possunt
825 1785 1094 1829 simoniacos
1113 1785 1168 1826 ab
1187 1781 1625 1833 excomunicatione3
1641 1782 1720 1824 sed
1754 1801 1758 1804 ·

86 1868 213 1922 *quod
235 1868 291 1909 ad
319 1865 650 1909 restitutionem
680 1863 857 1914 attinet,
883 1861 1095 1904 monendi
1123 1868 1239 1903 sunt,
1258 1859 1335 1912 illi,
1364 1866 1412 1901 ut
1441 1857 1720 1900 satisfaciant

94 1944 243 1986 bullae
279 1941 526 1998 pontificis,
559 1941 735 1984 etiamsi
765 1955 880 1995 opus
917 1945 1037 1983 esset
1073 1938 1235 1980 cedere
1272 1935 1486 1980 benefitio
1520 1943 1552 1977 ἢ.
1588 1935 1720 1977 Adde

84 2020 214 2075 *quod
236 2021 404 2062 debent
425 2018 556 2074 periti
579 2032 678 2061 esse
701 2018 757 2059 ad
780 2015 1036 2059 faciendum
1056 2015 1176 2069 quod
1199 2014 1367 2055 debent
1390 2011 1422 2054 ¹³.

181 2098 284 2139 Non
305 2110 419 2151 opus
443 2094 527 2137 erit
549 2100 825 2150 praesentes,
852 2091 928 2147 qui
957 2091 1045 2134 iarn
1074 2090 1169 2132 noti
1198 2097 1321 2141 sunt,
1347 2088 1647 2132 confessarios
1673 2097 1717 2130 et

86 2173 434 2216 concionatores
466 2172 523 2215 de
555 2185 676 2213 nouo
707 2170 980 2221 examinare,
1007 2168 1087 2212 sed
1118 2175 1318 2217 curetur,
1354 2173 1400 2207 ut
1434 2166 1714 2217 sacerdotes,

90 2249 172 2304 qui
194 2256 400 2305 possunt,
426 2247 629 2302 quotidie
657 2250 814 2289 horam
838 2261 973 2288 Vnam
1006 2246 1161 2301 legant
1190 2245 1246 2286 de
1274 2243 1454 2285 casibus
1484 2241 1717 2284 conscien-

89 2327 196 2378 tiae,
227 2333 364 2381 utque
394 2325 449 2367 de
486 2324 572 2366 illis
609 2323 760 2375 etiam,
792 2322 867 2365 ubi
896 2322 994 2365 fieri
1022 2321 1257 2364 commode
1286 2326 1452 2375 potest,
1479 2318 1717 2361 lectionem

87 2402 294 2453 audiant,
315 2410 360 2444 et
383 2401 499 2443 inter
522 2416 570 2444 se
593 2400 828 2443 conferant
845 2405 924 2441 aut
946 2397 1180 2454 disputent
1198 2397 1449 2439 commode.

180 2479 422 2534 Augustae
448 2477 598 2520 videat
636 2475 927 2532 prouincialis
956 2481 1181 2529 quatenus
1211 2472 1421 2528 expediat
1453 2472 1716 2527 dispensare

86 2570 195 2598 cum
218 2554 398 2606 nostris,
428 2561 476 2596 ut
499 2553 742 2609 aliquando
765 2551 848 2594 soli
872 2552 1089 2606 templum
1114 2551 1296 2601 adeant,
1323 2549 1360 2591 si
1383 2548 1618 2591 commode
1643 2561 1717 2588 so—

88 2631 212 2674 cium
237 2632 406 2674 habere
428 2645 519 2672 non
543 2635 749 2685 possunt.

180 2707 413 2752 Scribatur
443 2708 630 2749 Romam
669 2706 725 2748 ad
754 2704 907 2763 P.[N.]
937 2704 1082 2760 primo
1113 2717 1294 2758 quoque
1334 2710 1551 2755 tempore,
1579 2714 1636 2740 an
1666 2698 1716 2739 li-

127 2810 130 2819 ’
160 2829 177 2846 a
227 2819 268 2853 In
284 2817 471 2864 margine,
488 2817 647 2852 Polanci
663 2827 791 2852 manu:
818 2817 984 2851 Videtur
994 2818 1106 2861 posse
1117 2814 1291 2860 proponi
1301 2812 1497 2859 pontifici.
1514 2811 1619 2844 Fiat.
1671 2831 1714 2835 —

89 2879 109 2905 b
135 2878 244 2912 Haec
263 2888 404 2912 novem
423 2877 543 2912 verba
561 2876 697 2912 addita
709 2882 800 2911 sunt
818 2874 977 2910 Polanci
997 2885 1111 2908 manu
1130 2873 1177 2907 ad
1202 2873 1318 2907 finem
1344 2870 1585 2917 paragraphi.

161 2972 171 2992 ¹
223 2971 323 3007 Vide
347 2971 475 3007 socios
502 2972 624 3006 Roma
642 2970 682 3005 in
702 2969 952 3005 Germaniam
979 2968 1118 3002 missos
1151 2967 1189 3001 in
1224 2967 1350 3011 Epist.
1388 2966 1433 2999 P.
1464 2964 1611 3006 Nadal,
1640 2964 1712 3009 III,

90 3039 173 3077 224,
195 3039 278 3075 225.
