2028 3426
335 164 405 210 434
541 211 544 216 Ι
808 165 963 201 Pin-ms
989 163 1234 198 HissRoNYm
1259 162 1412 198 NADAL

292 280 373 322 pro
395 265 576 311 leuibus
597 266 866 316 defectibus,
887 263 1284 317 extraordinarias,
1305 263 1376 307 vel
1394 271 1577 320 propter
1593 263 1830 321 grauiores
1847 265 1929 309 de·-⁴

290 345 453 395 fectus,
480 358 572 386 non
594 342 758 399 poterit
781 342 1042 384 inconsulto
1063 348 1241 386 rectore
1261 325 1389 385 dare,

377 421 585 464 Minister
618 427 854 475 reputatur
890 419 1097 475 superior
1132 433 1232 462 esse
1264 418 1309 460 in
1343 418 1553 475 collegio.
1594 426 1639 461 et
1671 433 1830 464 omnes
1862 418 1925 462 illi
1961 402 1981 429 ’Ἰ

289 500 564 550 subduntur,
585 498 720 541 etiam
744 497 1002 540 sacerdotes
1024 504 1069 540 et
1091 496 1298 553 professi.

379 578 671 625 Procurator,
708 575 965 630 praefectus
993 574 1265 626 studiorum,
1300 572 1581 626 confessarii,
1621 573 1923 629 professores,

288 653 633 696 concionatores
655 658 789 694 erunt
812 650 994 706 quidem
1018 650 1063 693 in
1083 650 1338 695 obedientia
1356 650 1564 702 ministri,
1587 658 1635 693 vt
1651 650 1801 694 vnitas
1818 651 1926 695 obe-

288 731 483 774 dientiae
523 731 809 782 obseruetur3
851 730 931 771 sed
963 728 1190 785 intelligat
1222 727 1427 772 minister
1463 727 1550 771 illis
1588 743 1636 771 se
1669 742 1761 770 non
1793 742 1926 784 posse

288 807 530 864 quicquam
553 806 865 862 praescribere
887 806 933 849 in
956 807 1042 858 his,
1069 820 1184 862 quae
1206 806 1386 862 proprie
1404 807 1462 848 ad
1478 820 1637 850 eorum
1656 805 1808 848 officia
1826 819 1923 861 spe-

287 892 427 937 ctant,
456 885 510 928 17Ι
535 884 621 926 nisi
650 898 706 927 ex
735 883 918 926 nomine
946 891 991 927 et
1019 897 1233 940 expressa
1262 883 1533 926 comissione
1562 882 1823 939 superioris.
1856 883 1923 925 Illi

288 970 438 1004 autem
469 976 628 1006 omnes
649 961 834 1005 obedire
865 961 1114 1013 debebunt3
1147 960 1186 1003 si
1214 960 1323 1016 quid
1353 968 1504 1004 tamen
1528 959 1783 1003 iudicarent
1805 961 1922 1004 refe-

287 1040 476 1082 rendum
499 1040 556 1081 ad
579 1030 875 1095 superiorem,
896 1038 940 1081 id
963 1039 1103 1082 libere
1125 1045 1356 1094 poterunt.

376 1117 586 1161 Minister
609 1116 761 1171 itaque
783 1117 957 1159 nullum
980 1123 1149 1159 statum
1177 1123 1223 1159 et
1252 1123 1426 1159 certum
1456 1115 1658 1158 officium
1677 1114 1810 1158 aliud
1839 1116 1922 1159 ha-

289 1195 428 1247 bebit,
455 1209 590 1249 quam
614 1201 662 1236 vt
685 1207 734 1238 se
756 1194 981 1250 intelligat
1004 1209 1104 1238 esse
1127 1193 1318 1237 rectoris
1345 1207 1589 1249 organum,
1624 1194 1681 1235 ad
1704 1208 1773 1244 ea,
1805 1207 1923 1248 quae

290 1272 576 1327 peculiariter
600 1271 661 1313 illi
684 1271 952 1327 praescribit
975 1279 1138 1323 rector,
1166 1271 1237 1315 vel
1259 1270 1395 1315 etiam
1418 1269 1455 1312 si
1484 1271 1605 1312 volet
1633 1269 1923 1326 superinten-

285 1351 410 1392 dens.
440 1350 659 1393 Officium
682 1364 790 1392 vero
813 1349 1007 1405 accipiat
1029 1364 1162 1392 suum
1186 1347 1338 1404 quiuis
1359 1347 1565 1393 minister
1588 1363 1613 1390 a
1635 1362 1719 1391 suo
1746 1354 1922 1392 rectore

283 1429 354 1470 vel
377 1427 482 1470 vina
506 1441 633 1479 voce,
662 1427 732 1469 vel
755 1426 889 1471 etiam
908 1427 1095 1483 scripto;
1116 1428 1197 1471 sed
1215 1427 1339 1482 quod
1356 1441 1473 1468 vnus
1491 1425 1696 1468 minister
1711 1425 1917 1482 accipiet,

284 1521 372 1547 non
394 1505 650 1548 subseruiet
674 1504 927 1548 successori
950 1504 1173 1556 ministro,
1195 1504 1280 1547 nisi
1299 1519 1324 1546 a
1342 1511 1520 1548 rectore
1543 1503 1855 1556 confirmetur,
1876 1511 1920 1547 et

283 1583 410 1638 quasi
433 1597 605 1625 nouum
632 1584 851 1635 tradatur,
878 1581 1105 1646 adiunctis
1129 1595 1181 1624 ac
1203 1581 1420 1642 detractis
1442 1596 1559 1636 quae
1581 1582 1718 1624 volet.

370 1744 441 1788 172
570 1771 582 1775 «
806 1757 924 1788 Vsus
949 1757 1127 1787 OFFICII
1153 1756 1466 1787 SUBMINISTRI

369 1892 675 1937 Subminister
699 1899 938 1948 propterea
959 1899 1046 1943 est,
1079 1898 1124 1935 et
1153 1890 1335 1943 dicitur,
1367 1891 1493 1946 quod
1519 1890 1578 1933 sit
1606 1889 1916 1934 immediatum

280 1971 632 2014 instrumentum
656 1969 850 2013 ministri
873 1970 930 2012 ad
952 1983 1026 2012 res
1049 1968 1344 2024 particulares
1366 1968 1618 2020 obeundas,
1649 1975 1786 2022 atque
1812 1981 1916 2011 exe-

280 2048 449 2091 cutioni
474 2049 769 2091 mandandas.

367 2125 672 2169 Subminister
695 2125 835 2180 igitur
859 2124 920 2168 nil
943 2138 1023 2180 per
1046 2138 1095 2167 se
1117 2123 1311 2175 ordinat,
1332 2124 1412 2166 sed
1430 2129 1605 2166 tantum
1624 2130 1693 2167 est
1714 2137 1916 2178 exequu-

281 2212 347 2245 tor
365 2217 531 2254 rerum,
558 2217 673 2257 quae
696 2201 779 2258 ipsi
798 2209 905 2244 sunt
928 2200 1221 2257 praescripta,
1243 2201 1315 2243 vel
1332 2200 1378 2242 in
1395 2214 1565 2256 genere
1587 2201 1659 2244 vel
1677 2200 1723 2242 in
1745 2200 1912 2256 specie,

277 2286 320 2321 et
333 2287 517 2322 exactor
535 2279 764 2321 actionum
780 2278 1146 2330 domesticarum,
1160 2277 1285 2320 iuxta
1297 2277 1419 2332 quod
1436 2276 1522 2319 scit
1539 2291 1638 2320 esse
1657 2276 1915 2320 ordinatum

279 2372 303 2399 a
325 2356 420 2399 suis
442 2355 767 2412 superioribus.

367 2435 447 2476 Est
471 2433 569 2477 eius
591 2432 836 2488 praecipua
858 2446 983 2484 cura,
1009 2439 1073 2483 vt,
1106 2445 1222 2486 quae
1245 2430 1439 2474 attinent
1467 2431 1524 2473 ad
1547 2430 1762 2483 culinam,
1797 2431 1909 2474 refe-

277 2511 487 2562 ctorium,
507 2524 645 2566 penu,
666 2509 824 2553 cellam
844 2507 1080 2560 vinariam,
1102 2508 1260 2550 cellam
1279 2507 1526 2562 aquariam,
1547 2508 1665 2551 bene
1687 2514 1732 2550 et
1755 2506 1913 2551 ordine

276 2596 320 2630 et
345 2596 546 2643 tempore
569 2601 652 2629 suo
679 2586 770 2629 sint
799 2593 970 2641 parata,
1005 2593 1052 2626 vt
1079 2584 1291 2628 cubicula
1322 2584 1413 2627 sint
1441 2585 1657 2628 decenter
1687 2583 1909 2636 ordinata,

276 2673 323 2706 vt
347 2680 402 2707 ne
425 2672 652 2720 vagentur
676 2678 753 2719 per
777 2663 1020 2718 collegium
1043 2663 1221 2714 fratres,
1248 2662 1319 2706 vel
1350 2661 1667 2716 colloquantur
1689 2661 1914 2718 intempe·
1939 2722 1941 2724 -

275 2741 407 2785 stine.
437 2742 661 2786 Breuiter:
688 2748 737 2783 vt
760 2739 1073 2795 vnusquisque
1095 2746 1302 2782 versetur
1325 2738 1370 2780 in
1394 2752 1477 2781 suo
1500 2738 1670 2782 officio.

365 2820 438 2863 173
461 2820 645 2863 Referet
667 2819 723 2862 de
745 2817 957 2860 omnibus
979 2818 1117 2859 rebus
1139 2816 1194 2859 ad
1218 2815 1473 2858 ministrum
1492 2815 1730 2858 ordinarie.

363 2897 543 2939 Nullam
568 2895 692 2938 dabit
715 2894 1040 2951 poenitentiam
1066 2908 1121 2938 ex
1145 2893 1314 2945 officio,
1335 2893 1414 2937 sed
1437 2894 1494 2936 de
1517 2893 1772 2937 defectibus
1790 2895 1884 2938 refe
1899 2918 1911 2923 -

281 2981 346 3016 ret
368 2975 423 3016 ad
448 2973 720 3015 ministrum.
