2028 3426
309 198 381 235 288
782 203 935 239 PATms
962 204 1207 239 HIERONYMI
1233 203 1386 239 NADAL

351 302 661 347 Conseruetur
682 304 928 359 processio,
955 319 1072 359 quae
1096 305 1214 347 facta
1236 311 1305 347 est
1331 306 1418 348 hoc
1447 319 1566 348 anno
1600 306 1711 360 1566
1741 299 1900 350 in‘do-

261 378 426 422 minica
448 379 564 422 infra
586 388 747 424 octaua
770 381 970 436 corporis
989 380 1175 434 Christi,
1195 389 1376 438 propter
1393 381 1767 426 circunstantiam
1787 390 1903 428 tem—

261 451 382 510 poris
405 464 449 499 et
473 457 821 502 haereticorum.

350 533 627 589 Simpliciter
659 549 748 577 non
788 542 973 578 utantur
1013 535 1157 578 nostri
1186 536 1372 593 organis
1400 535 1445 579 in
1475 538 1631 591 choro,
1664 552 1748 582 nec
1778 537 1905 581 tubis

262 617 340 652 aut
364 611 542 653 fistulis.

351 687 634 730 Claudantur
657 689 754 730 loca
777 696 896 731 retro
919 690 1108 731 chorum
1131 697 1258 733 extra
1287 691 1523 746 templum,
1555 705 1613 735 ne
1641 690 1695 734 iis
1722 691 1898 748 possint

261 764 387 806 abuti
411 765 601 808 externi.

350 841 472 884 Nulli
497 843 772 885 concedatur
794 843 1007 885 sacerdos
1030 843 1086 886 ad
1109 845 1380 887 cantandam
1411 845 1592 888 missam
1625 852 1753 890 extra
1782 853 1897 889 tem-

260 919 381 974 plum
407 926 629 970 nostrum,
654 926 699 961 et
721 919 777 962 de
799 921 885 962 hac
908 935 956 964 re
984 921 1246 965 consulatur
1276 923 1411 965 Pater
1440 921 1683 979 generalis,
1717 922 1754 965 si
1782 923 1894 965 uelit

260 996 524 1039 concedere.
553 995 734 1038 Interim
758 1004 967 1039 seruetur
989 999 1294 1043 consuetudo.

348 1073 631 1115 Obseruetur
653 1072 911 1128 diligenter,
946 1081 1011 1127 ut,
1044 1075 1224 1130 quando
1256 1076 1314 1118 ob
1344 1075 1541 1131 aliquam
1572 1076 1893 1121 necessitatem

261 1149 468 1191 concedit
497 1149 701 1205 superior
731 1149 927 1205 aliquam
956 1151 1139 1196 missam
1168 1151 1213 1195 in
1237 1152 1322 1196 alia
1351 1153 1558 1206 ecclesia,
1594 1154 1896 1197 admoneatur

259 1225 442 1268 omnino
470 1226 567 1268 eius
605 1226 669 1270 rei
697 1228 956 1282 praefectus
993 1229 1228 1282 ecclesiae,
1269 1244 1327 1273 ne
1355 1230 1460 1274 inde
1497 1230 1649 1286 aliqua
1687 1231 1898 1275 confusio

261 1302 450 1346 oriatur.

346 1381 392 1421 In
416 1380 637 1424 cubiculis
660 1381 906 1438 prophanis
934 1382 1205 1426 secularium
1237 1397 1328 1426 non
1357 1384 1467 1427 fiant
1496 1399 1521 1427 a
1550 1384 1716 1428 nostris
1744 1400 1894 1438 sacra,

257 1457 334 1499 sed
367 1457 501 1499 huius
530 1457 593 1501 rei
622 1457 901 1514 dispensatio
925 1459 971 1502 in
998 1474 1106 1503 casu
1136 1459 1287 1516 aliquo
1310 1460 1395 1503 erit
1424 1461 1469 1505 in
1493 1461 1678 1504 arbitrio
1701 1462 1889 1518 prouin-

257 1533 397 1586 cialis,
419 1541 463 1577 et
481 1535 668 1578 rectoris
686 1551 742 1580 ex
759 1536 858 1580 eius
875 1536 1209 1592 commissione,
1230 1539 1364 1581 modo
1381 1539 1594 1591 habeant,
1616 1540 1692 1594 qui
1709 1546 1894 1596 petunt,

260 1610 471 1654 disertam
496 1611 593 1655 eius
616 1613 679 1656 rei
703 1613 985 1658 facultatem.

346 1690 442 1732 Nec
465 1698 800 1733 sacramentum
825 1691 1098 1735 matrimonii
1121 1692 1444 1736 ministrabunt
1467 1693 1625 1746 nostri,
1652 1707 1736 1738 nec
1753 1695 1890 1738 bene>

257 1765 407 1808 dicent
431 1766 612 1822 nuptias
635 1767 896 1812 solenniter.
923 1768 972 1814 Si
995 1770 1176 1824 quando
1195 1776 1346 1813 tamen
1364 1784 1419 1813 ex
1437 1784 1663 1815 consensu
1680 1771 1890 1827 parrochi

257 1858 336 1898 per
364 1843 475 1886 alios
503 1845 762 1888 sacerdotes
794 1847 906 1890 haec
928 1846 1090 1901 aliquis
1121 1854 1312 1902 peteret,
1349 1854 1397 1889 ut
1429 1847 1474 1889 in
1508 1854 1666 1891 nostra
1698 1847 1893 1891 ecclesia

257 1920 433 1972 fierent,
469 1921 513 1963 id
546 1921 681 1965 etiam
714 1936 772 1965 ne
800 1923 879 1966 fiat
911 1923 998 1967 nisi
1030 1939 1086 1968 ex
1114 1923 1450 1979 dispensatione
1478 1924 1784 1980 prouincialis,
1821 1925 1897 1968 uel

259 1998 445 2041 rectoris
467 2013 525 2042 ex
549 1999 646 2042 eius
669 2000 1004 2053 commissione,
1033 2001 1109 2044 ubi
1131 2001 1176 2044 id
1200 2001 1330 2044 facile
1353 2001 1511 2057 negari
1534 2016 1629 2044 non
1651 2001 1811 2058 possit.

344 2076 413 2118 De
451 2076 746 2120 concessione
779 2078 1112 2121 communionis
1149 2080 1235 2122 sub
1273 2086 1467 2134 utraque
1500 2092 1558 2121 ne
1589 2079 1899 2134 obloquantur

257 2152 414 2205 nostri,
440 2152 502 2195 ita
525 2162 575 2195 ut
597 2168 651 2197 ea
674 2154 905 2198 oblocutio
927 2155 1070 2211 possit
1093 2155 1389 2200 irreuerentia
1405 2155 1581 2200 censeri
1599 2155 1644 2198 in
1664 2155 1796 2199 Pium
1814 2155 1894 2198 1111

256 2236 300 2271 et
324 2229 680 2273 Maximilianum
704 2231 1021 2287 imperatorem
1050 2235 1076 2275 ¹.
1105 2232 1348 2277 Retineant
1371 2241 1521 2277 autem
1546 2247 1673 2276 suam
1699 2247 1893 2277 consue-

259 2305 478 2358 tudinem,
515 2322 648 2362 quam
680 2310 902 2352 hactenus
929 2317 1188 2362 seruarunt,
1220 2317 1266 2353 et
1294 2310 1593 2366 profiteantur
1623 2309 1818 2353 discrete
1846 2325 1898 2355 se

256 2395 355 2424 esse
384 2391 565 2438 paratos
587 2386 695 2429 dare
726 2393 965 2441 utramque
996 2386 1210 2443 speciem,
1235 2387 1370 2429 modo
1402 2394 1645 2431 seruentur
1672 2386 1887 2430 conditio-

256 2473 337 2503 nes
360 2460 478 2503 sedis
500 2462 791 2516 apostolicae,
817 2471 863 2507 et
885 2463 1020 2506 simul
1043 2464 1190 2519 palam
1215 2463 1383 2507 faciant
1405 2478 1454 2507 se
1477 2471 1716 2520 propterea
1737 2463 1905 2520 paucis-

257 2536 457 2580 fortassis
480 2538 586 2581 dare
609 2539 974 2584 communionem
996 2541 1081 2584 sub
1104 2548 1311 2596 utraque,
1333 2541 1454 2596 quod
1477 2540 1539 2593 hi,
1561 2540 1638 2596 qui
1656 2547 1897 2596 utramque

256 2613 527 2666 desiderant,
554 2617 728 2659 soleant
751 2624 929 2660 tanturn
954 2619 1011 2660 ad
1033 2619 1204 2674 pascha
1226 2617 1579 2670 communicare,
1606 2618 1679 2662 uel
1698 2631 1778 2674 pro
1797 2616 1894 2660 uia-

330 2776 337 2794 ¹
391 2774 482 2810 Pius
501 2775 603 2826 enirn
623 2777 677 2811 IV
696 2776 837 2812 litteris
855 2777 1095 2824 apostolicis,
1114 2777 1178 2813 die
1201 2778 1242 2813 16
1263 2777 1408 2825 Aprilis
1435 2778 1525 2823 1564
1548 2777 1664 2822 datis,
1690 2778 1896 2825 imperato-

256 2832 306 2866 ris
338 2833 630 2870 instantissimis
662 2837 843 2882 precibus
872 2848 1016 2873 morem
1041 2849 1200 2884 gerens,
1226 2837 1424 2884 germanis
1451 2837 1645 2884 episcopis
1670 2837 1901 2873 facultatem

255 2891 422 2927 faciebat
440 2894 682 2930 concedendi
700 2897 1014 2932 communionem
1033 2898 1108 2932 sub
1126 2903 1290 2944 utraque
1309 2896 1440 2943 specie
1459 2896 1569 2932 laicis
1589 2908 1673 2932 eam
1699 2897 1896 2943 postulan-

254 2950 372 2987 tibus.
392 2951 452 2986 Cf.
475 2953 676 2999 JANSSEN,
703 2955 928 2991 Geschiclzte
945 2957 1011 2992 des
1029 2958 1236 2993 deutschen
1267 2956 1403 2991 Vulkes
1421 2955 1494 2991 seit
1509 2957 1597 2991 dem
1613 2957 1815 3003 Ausgang
1830 2955 1903 2990 des

256 3010 526 3057 mittelalters,
547 3013 623 3047 vol.
646 3013 713 3058 IV,
733 3014 801 3049 lib.
822 3015 851 3059 1,
870 3026 955 3061 cap.
977 3024 1046 3051 X11.
