2028 3426
365 253 433 298 536
839 255 991 290 Funis
1019 255 1261 291 HffiRoNYm
1288 255 1438 291 NADAL

317 356 679 401 commissionem
719 372 799 413 pro
835 356 1094 399 huiusmodi
1132 357 1268 400 rebus
1306 371 1395 400 non
1432 356 1657 400 habuerit.
1698 357 1855 411 Itaque
1892 356 1949 399 ad
1999 336 2023 391 -ssi

318 433 556 476 euitandas
578 433 837 476 huiusmodi
861 433 1167 486 difficultates,
1193 448 1250 476 ne
1273 433 1510 490 negligant
1541 433 1795 490 superiores
1817 447 1948 490 prae·
2000 423 2021 491 ’ᾖ

317 510 535 561 scribere,
558 519 622 563 vt,
668 511 743 566 qui
787 511 901 553 duos
944 524 1087 553 annos
1130 510 1456 567 transegerint,
1500 510 1530 552 ii
1571 517 1678 553 vota
1720 509 1944 553 emittant.

320 587 619 643 Prae[t]eritis
643 595 791 630 tamen
823 587 1002 630 duobus
1031 586 1161 630 annis
1188 587 1302 639 istis,
1335 587 1485 630 nullus
1513 586 1678 631 desinit
1710 593 1947 643 propterea
2009 597 2016 610 ⁷

316 678 415 707 esse
446 664 667 716 nouitius,
700 666 780 708 sed
809 665 990 719 quando
1018 664 1326 721 superioribus
1354 666 1501 707 visum
1539 664 1690 716 fuerit,
1731 671 1810 707 aut
1842 677 1946 707 cum

314 749 501 784 vocatur
524 750 571 783 vt
594 742 670 783 fiat
695 742 924 797 professus
946 742 1018 784 vel
1041 741 1274 784 coadiutor
1299 742 1516 784 formatus
1543 742 1614 785 vel
1643 740 1946 784 scholasticus

312 819 602 873 approbatUS,
629 826 707 860 aut
730 825 938 874 expectat
962 826 1140 874 tempus
1157 818 1378 875 superior,
1400 826 1447 860 vt
1466 818 1521 861 ad
1539 818 1732 874 aliquem
1753 818 1945 874 gradum

310 894 435 936 illum
470 902 757 950 promoueat,
794 895 873 938 sed
910 894 1089 938 interim
1127 895 1236 938 dicit
1274 883 1398 938 illu⁰m
1437 909 1527 938 non
1565 895 1823 938 habendum
1864 909 1945 951 pro

311 971 500 1014 nouitio.

402 1050 648 1103 Postquam
679 1048 914 1105 ingressus
943 1049 1043 1105 quis
1074 1049 1208 1093 fuerit
1246 1049 1536 1101 Societatem,
1577 1047 1758 1092 liberari
1795 1054 1944 1104 potest
1999 1078 2001 1082 Α

311 1126 367 1167 ab
391 1125 542 1180 aliqua
566 1125 897 1182 irregularitate
920 1141 1000 1182 per
1021 1126 1403 1182 dispensationem
1427 1133 1532 1169 ante
1553 1130 1637 1173 462
1661 1125 1796 1170 finem
1827 1125 1944 1167 duo-

312 1216 410 1243 rum
437 1217 675 1254 annorum,
701 1202 877 1246 etiamsi
901 1212 1007 1246 vota
1037 1218 1127 1246 non
1156 1202 1368 1254 emiserit,
1390 1202 1514 1245 iuxta
1537 1217 1638 1247 eam
1662 1202 1939 1253 facultatem,

312 1293 445 1333 quam
470 1279 727 1335 accepimus
750 1280 892 1336 primo
910 1281 1009 1323 loco
1027 1280 1071 1322 in
1091 1281 1213 1322 bulla
1234 1280 1360 1323 Pauli
1381 1293 1422 1335 3,
1447 1280 1596 1338 [anno]
1623 1290 1748 1334 15453
1771 1280 1827 1321 ab
1845 1277 1949 1321 aliis,

309 1355 444 1398 etiam
479 1357 765 1411 quibusdam,
793 1357 917 1399 iuxta
940 1357 984 1400 id
1007 1358 1127 1413 quod
1158 1356 1423 1400 conceditur
1455 1357 1499 1399 in
1532 1357 1689 1401 eadem
1722 1357 1845 1399 bulla
1875 1355 1943 1399 2.⁰

309 1433 425 1485 loco,
453 1419 691 1490 postquam
716 1441 820 1477 vota
843 1434 1057 1486 emiserit,
1084 1435 1218 1477 modo
1247 1436 1332 1478 sub
1361 1434 1601 1479 Societatis
1630 1433 1755 1476 viuat
1783 1442 1801 1458 ἃ
1831 1434 1940 1476 obe-

309 1510 478 1554 dientia
502 1526 582 1567 pro
606 1519 808 1567 tempore
830 1520 875 1556 et
897 1513 1055 1555 firmus
1077 1512 1134 1554 sit
1157 1512 1201 1555 in
1230 1511 1485 1556 vocatione.

399 1588 590 1640 Nouitii,
617 1603 729 1644 quas
758 1591 952 1633 afferunt
982 1597 1149 1640 vestes,
1181 1589 1346 1644 quibus
1375 1589 1610 1632 commode
1638 1588 1701 1630 vti
1731 1595 1938 1644 possunt,
1991 1602 1995 1610 ¹

309 1679 392 1707 vsu
419 1673 704 1718 consumant,
723 1681 815 1711 nec
837 1666 1092 1710 scribantur
1114 1666 1159 1709 in
1182 1666 1314 1709 libro:
1341 1666 1378 1709 si
1401 1666 1509 1721 quid
1540 1673 1688 1708 tamen
1719 1673 1839 1709 esset
1860 1680 1940 1709 ve-·
1982 1692 1986 1702 .-

309 1741 461 1793 stium,
489 1757 578 1797 quo
602 1758 680 1787 eos
702 1743 765 1785 vti
790 1758 879 1786 non
903 1743 1185 1796 conueniret,
1218 1743 1261 1785 id
1285 1742 1542 1787 seruabitur
1569 1750 1614 1786 et
1642 1741 1687 1785 in
1715 1742 1831 1785 libro
1860 1743 1940 1787 de-

309 1818 548 1862 scribetur.
591 1821 855 1873 Praeterea,
895 1820 932 1863 si
975 1820 1083 1876 quid
1119 1820 1350 1864 dedissent
1387 1820 1661 1863 seruandum
1699 1818 1936 1876 pecuniae,

309 1897 433 1951 quod
456 1897 687 1940 videretur
710 1913 790 1942 eos
812 1898 1039 1942 solicitare
1061 1911 1193 1954 posse
1216 1898 1273 1940 ad
1295 1911 1539 1949 recessum,
1565 1896 1713 1940 statim
1743 1897 1897 1952 elapso
1921 1895 1939 1920 '³
1983 1920 1985 1925 .

307 1971 350 2014 id
375 1973 617 2016 iubeantur
640 1974 911 2018 distribuere
934 1974 1224 2031 pauperibus,
1251 1973 1335 2016 nisi
1359 1988 1440 2017 sua
1464 1974 1698 2017 voluntate
1726 1973 1809 2029 ipsi
1833 1980 1937 2017 ante

267 2069 270 2072 ⁴
307 2049 658 2103 distribuissent,
685 2067 740 2095 ne
764 2052 868 2095 inde
892 2051 1113 2108 accipiant
1136 2050 1415 2094 occasionem
1442 2051 1702 2094 tentationis
1719 2058 1764 2093 et
1783 2052 1936 2093 forsan
1990 2070 1994 2074 ·

303 2127 586 2170 defectionis.
613 2129 659 2171 Si
686 2144 772 2184 qua
793 2137 941 2173 tamen
961 2129 1193 2186 possident
1210 2128 1391 2171 maioris
1410 2128 1640 2180 momenti,
1662 2142 1714 2171 ea
1732 2142 1823 2171 non
1843 2135 1933 2170 tam

305 2202 409 2254 cito,
437 2218 519 2246 nec
539 2205 623 2247 nisi
641 2207 848 2248 consulte
871 2206 1150 2249 iubebuntur
1167 2205 1436 2249 distribuere
1459 2207 1487 2248 ¹.
1974 2258 1985 2270 ι

390 2285 474 2326 463
497 2282 691 2325 Nouitiis
721 2283 763 2324 in
790 2282 931 2338 prima
961 2282 1226 2338 probatione
1255 2281 1351 2325 dari
1379 2289 1568 2338 possunt
1597 2281 1810 2326 exercitia
1838 2281 1933 2338 pri-

304 2371 401 2400 mae
426 2358 737 2410 hebdomadis,
764 2367 812 2401 vt
836 2359 990 2401 maiori
1020 2374 1122 2401 cum
1158 2360 1305 2402 fructu
1337 2359 1502 2402 faciant
1534 2360 1792 2415 generalem
1825 2373 1931 2402 con-
1974 2343 1979 2350 ¹

301 2435 559 2487 fessionem,
586 2443 629 2479 et
659 2443 706 2477 vt
729 2438 926 2480 habeant
955 2437 1001 2478 in
1031 2451 1121 2491 quo
1151 2444 1431 2492 occupentur
1470 2447 1517 2491 15
1552 2444 1630 2478 aut
1664 2449 1719 2478 20
1751 2436 1926 2488 diebus,
1976 2419 1986 2469 -Ι

301 2511 376 2566 qui
401 2512 837 2555 circumscribuntur
860 2514 915 2556 ad
938 2514 1123 2569 primam
1150 2513 1476 2569 probationem,
1501 2522 1546 2556 et
1575 2514 1687 2557 haec
1717 2513 1930 2557 exercitia

302 2598 486 2644 possent
509 2590 659 2632 statim
685 2590 811 2633 initio
837 2591 984 2634 facere
1007 2599 1051 2633 et
1081 2591 1282 2634 confiteri
1314 2590 1602 2646 generaliter:
1634 2590 1795 2634 deinde
1823 2590 1925 2640 alia,
1973 2631 1981 2650 ι,

297 2680 412 2720 quae
435 2669 504 2720 4⁰
528 2667 674 2723 capite
697 2667 866 2723 primae
890 2667 1027 2723 partis
1050 2667 1425 2710 constitutionum
1449 2667 1833 2723 praescribuntur,
1861 2668 1927 2709 fa—

296 2758 416 2795 cere3
444 2752 674 2800 postremo
697 2744 865 2788 debent
887 2744 1048 2787 iterum
1071 2743 1198 2786 breui
1220 2744 1440 2797 confiteri,
1473 2751 1518 2788 et
1544 2758 1725 2788 sumere
1752 2757 1925 2786 sacram
1946 2790 1948 2793 v
1969 2740 1987 2774 s

296 2821 633 2873 eucharistiam,
659 2828 704 2865 et
726 2822 812 2863 hoc
834 2821 1014 2862 videtur
1036 2820 1160 2862 iuxta
1183 2820 1439 2862 institutum
1462 2821 1575 2872 fieri,
1601 2827 1649 2862 vt
1667 2821 1723 2863 ad
1745 2814 1926 2863 confes'-

365 2969 381 2985 τι
431 2958 573 2993 vireant
593 2969 663 2993 ms.
715 2959 781 2984 —b
808 2957 1036 3003 Sic;pr·1'mo
1054 2958 1182 2991 anno?

364 3068 371 3086 ¹
426 3067 486 3101 Cf.
507 3067 635 3101 Instit.
659 3066 854 3113 Soc.sesu
875 3065 984 3109 (edit.
1004 3064 1100 3109 cit.)‚
1124 3064 1174 3110 ΙΙ,
1194 3076 1229 3109 9,
1253 3073 1306 3111 17,
1328 3063 1410 3110 223,
1431 3064 1514 3109 321,
1533 3064 1603 3109 423
1622 3070 1661 3099 et
1679 3073 1762 3109 470.
