2028 3426
338 235 358 269 8
910 241 1092 278 NOTITIA
1119 251 1308 281 CODICUM

292 338 485 385 primeras
504 342 832 381 anotaciones...»
855 343 951 382 Des.
974 344 1039 383 fol.
1064 356 1178 394 314v:
1203 362 1263 384 «...
1285 347 1337 385 de
1357 349 1471 396 uiuir,
1492 363 1517 400 y
1547 363 1598 388 ua
1628 351 1921 392 discurriendo.

289 408 400 446 Laus
421 410 548 449 Deo.»
579 412 611 449 F
615 413 665 451 ol.
695 422 797 463 315v
833 416 936 453 hanc
971 421 1127 454 tantum
1164 417 1317 456 Natalis
1350 425 1488 459 notam
1521 423 1707 470 praefert:
1737 424 1920 463 «Varia.»
1954 430 1957 433 ’

292 480 488 528 Quisnam
510 483 651 521 harum
671 487 978 524 annotationum
999 494 1138 525 auctor
1159 490 1348 537 extiterit,
1369 503 1450 529 non
1471 499 1642 532 constat.
1664 494 1766 533 Illud
1785 501 1921 533 tamen

290 564 343 588 ex
370 553 494 601 ipsius
521 556 695 593 auctoris
722 557 954 594 testimonio
986 560 1068 595 erui
1104 571 1226 607 posse
1260 561 1432 609 videtur,
1462 565 1622 613 saepius
1652 566 1766 613 eur'm‘
1784 572 1825 605 et
1853 567 1922 605 ali-

289 625 456 670 quando
477 625 552 663 sub
570 626 610 662 Ρ.
633 626 774 675 Ignatii
791 628 1014 677 disciplina,
1033 632 1226 669 exercitia
1237 633 1454 681 spiritualia
1472 636 1557 673 aliis
1573 637 1802 685 tradidisse,
1819 639 1921 677 haec

288 700 421 732 autern
442 695 688 736 documenta
709 710 781 737 seu
803 700 926 737 breue
948 701 1219 750 directorium,
1239 708 1325 742 tum
1345 717 1400 743 ex
1420 706 1458 745 S.
1481 707 1623 757 Ignatii
1651 709 1922 757 documentis,

288 772 371 803 tum
392 778 446 803 ex
466 769 552 815 ipsa
573 771 824 817 experientia
844 772 1159 821 deprompsisse3
1180 775 1234 812 ait
1255 777 1375 824 enirn,
1402 778 1468 816 fol.
1493 789 1511 825 3
1525 790 1601 827 14r:
1625 792 1700 818 «en
1722 782 1758 819 el
1787 782 1922 821 darios

288 838 442 885 guarde
463 839 498 875 la
515 840 642 877 orden
659 841 801 888 dellos,
820 854 898 890 que
920 844 1091 891 importa
1111 847 1272 885 mucho:
1293 860 1319 897 y
1335 848 1358 885 a'
1377 853 1442 895 mi,
1460 851 1622 889 cuando
1643 852 1703 889 los
1719 853 1836 900 daua,
1857 866 1921 891 me

288 908 353 945 sue
374 913 454 946 assi
475 912 786 950 encomendado
808 914 858 950 de
880 920 1045 953 nuestro
1078 916 1220 964 Padre‚
1250 930 1405 967 porque
1435 921 1487 959 de
1517 927 1604 960 otra
1632 921 1797 962 manera
1826 926 1921 963 hara

287 981 456 1018 muchos
489 993 709 1021 errores...»
746 984 837 1021 Hoc
869 973 1104 1035 exemplum
1134 986 1295 1027 Eborac
1325 998 1574 1031 asservatum
1602 994 1725 1033 fuisse
1754 997 1921 1035 innuere

287 1051 474 1089 videntur
494 1053 557 1089 illa
583 1054 706 1091 verba
727 1056 879 1093 Natalis
911 1068 1016 1105 «que
1041 1063 1178 1097 tenian
1204 1072 1254 1098 611
1282 1050 1456 1109 Euora»;
1490 1065 1554 1102 vel
1589 1066 1731 1104 saltem
1765 1079 1819 1105 ex
1853 1068 1919 1106 illo

286 1125 570 1171 transcriptum
592 1125 726 1163 fuisse.
750 1127 904 1165 Monita
923 1140 1056 1167 rerum
1077 1131 1343 1180 minimarum,
1364 1146 1469 1182 quae
1490 1148 1585 1186 erga
1605 1139 1690 1184 eos,
1711 1140 1778 1186 qui
1799 1150 1919 1177 exer-

288 1199 439 1240 centur,
461 1197 661 1234 servanda
682 1204 786 1244 sunt,
808 1199 846 1235 in
869 1200 946 1237 hoc
968 1200 1184 1240 directorio
1206 1206 1469 1252 reperiuntur.

368 1266 452 1304 Fol.
478 1268 649 1317 316-323
674 1270 884 1307 continent
903 1275 1118 1310 tractatum
1145 1274 1198 1311 de
1226 1277 1408 1314 oratione
1436 1289 1510 1325 pro
1539 1279 1598 1323 iis,
1622 1281 1689 1327 qui
1715 1281 1754 1318 in
1781 1281 1919 1319 Socie-

286 1341 366 1373 tate
386 1338 509 1374 vitam
527 1338 690 1387 degunt.
709 1340 794 1378 Fol.
819 1342 914 1389 316r
928 1347 1085 1387 tantum
1101 1345 1208 1382 hunc
1226 1346 1349 1384 habet
1364 1348 1534 1386 titulum:
1555 1350 1641 1387 «De
1658 1351 1694 1388 la
1711 1353 1916 1392 oracion.»

287 1406 398 1445 Alter
414 1409 550 1445 titulus
572 1410 725 1447 Natalis
747 1424 881 1460 manu,
903 1413 941 1450 in
963 1414 1029 1453 fol.
1053 1425 1160 1465 317r:
1185 1417 1272 1455 «De
1292 1418 1328 1455 la
1345 1420 1502 1457 oration
1519 1422 1806 1469 specialmente
1823 1436 1919 1473 para

287 1479 346 1515 los
368 1479 419 1515 de
441 1480 476 1516 la
500 1479 764 1529 Compania.»
786 1483 991 1533 Scriptura
1013 1492 1075 1524 est
1094 1492 1178 1525 tota
1201 1489 1328 1527 Patris
1345 1490 1534 1538 Jimenez:
1556 1494 1863 1533 emendationes
1880 1502 1920 1533 et

289 1549 519 1587 additiones
540 1552 675 1599 plures
705 1565 727 1590 a
758 1554 890 1593 Natali
920 1563 1111 1595 exaratae
1138 1561 1403 1608 reperiuntur,
1434 1562 1530 1612 Agit
1549 1564 1678 1612 primo
1708 1565 1759 1602 de
1779 1567 1918 1604 schola

287 1622 492 1667 orationis,
515 1634 619 1670 quae
641 1630 735 1661 sunt
755 1627 950 1664 exercitia
971 1629 1200 1676 spiritualia:
1223 1631 1274 1667 de
1295 1633 1416 1669 animi
1437 1633 1705 1682 dispositione
1731 1649 1804 1685 pro
1832 1650 1917 1675 ora·

286 1693 394 1729 tione
416 1693 621 1731 fructuose
643 1695 843 1734 habenda:
866 1698 917 1735 de
938 1699 1070 1737 fructu
1091 1712 1144 1737 ex
1165 1702 1229 1739 illa
1250 1703 1450 1741 eliciendo
1471 1706 1697 1744 secundum
1712 1709 1918 1757 proprium

287 1764 499 1801 societatis
520 1766 756 1804 institutum:
780 1769 832 1805 de
852 1770 1033 1817 partibus
1055 1774 1258 1820 orationis,
1280 1786 1336 1813 sc.
1358 1776 1409 1813 de
1430 1778 1576 1815 mentis
1602 1779 1653 1815 ad
1678 1779 1811 1817 Deum
1831 1792 1918 1818 ere-

287 1835 432 1881 ctione,
454 1836 504 1872 de
526 1839 741 1885 gratiarum
763 1841 935 1888 actione,
955 1842 1007 1879 de
1033 1845 1228 1891 petitione
1249 1851 1289 1883 et
1309 1847 1604 1887 obsecratione.
1632 1850 1694 1887 De
1723 1863 1916 1899 perseve-

285 1907 411 1943 rantia
433 1908 470 1943 in
489 1909 683 1946 oratione.
705 1910 767 1947 De
790 1913 957 1950 materia
979 1915 1173 1953 orationis
1194 1918 1379 1956 mentalis
1400 1930 1473 1968 per
1491 1926 1572 1958 tres
1597 1922 1684 1959 vias
1708 1923 1815 1960 vitae
1835 1925 1916 1972 spi-

285 1977 448 2023 ritualis.
470 1978 538 2015 ubi
559 1982 797 2028 proponitur
817 1984 1027 2034 catalogus
1046 1997 1192 2033 rerum,
1213 1989 1251 2025 in
1274 1990 1423 2036 quibus
1443 1992 1651 2030 meditatio
1673 2004 1765 2031 cum
1786 1994 1916 2032 fructu

287 2049 467 2086 exerceri
488 2052 645 2097 poterit.
664 2051 850 2091 Tandem
870 2057 979 2093 varia
1000 2059 1152 2095 monita
1169 2065 1210 2096 et
1231 2060 1477 2099 documenta
1497 2064 1606 2101 utilia
1631 2065 1844 2103 traduntur
1865 2066 1916 2103 ad

286 2119 575 2165 perfectionem
597 2125 799 2170 propriam
820 2125 1031 2165 Societatis
1053 2140 1195 2167 secura
1215 2132 1279 2168 via
1306 2134 1605 2181 assequendam
1632 2147 1704 2184 per
1725 2137 1917 2174 orationis

288 2192 538 2229 exercitium.
566 2193 769 2232 Nonnulla
803 2197 866 2233 1116
901 2200 1156 2246 reperiuntur
1191 2214 1245 2239 ex
1279 2203 1337 2249 iis,
1372 2216 1478 2251 quae
1512 2206 1713 2244 habentur
1745 2208 1785 2244 in
1822 2206 1914 2245 Coei.

299 2260 417 2298 Vatia
439 2260 474 2306 ί),
498 2262 563 2301 fol.
585 2276 675 2311 404,
697 2278 801 2313 quae
822 2269 885 2305 hic
908 2269 1034 2307 fusius
1054 2277 1288 2312 tractantur.
1310 2275 1392 2312 Ine.
1418 2276 1565 2326 «Sigue
1585 2277 1622 2315 la
1643 2276 1869 2327 Compafn'a
1891 2292 1914 2328 y

287 2332 501 2380 abraca...»
526 2334 619 2372 Des.
645 2353 705 2374 «...
728 2349 778 2374 en
799 2339 919 2377 todos
940 2341 1000 2378 los
1021 2343 1263 2382 ministerios
1285 2347 1404 2383 etiam
1426 2349 1687 2387 exteriores.»
1710 2350 1795 2388 Fol.
1821 2360 1916 2399 324-

289 2415 364 2452 530
384 2416 513 2442 vacua
543 2396 763 2446 remanent.
792 2410 835 2446 In
863 2411 1002 2449 ultimo
1030 2414 1149 2462 huju's
1177 2418 1454 2463 quaternionis
1481 2419 1590 2466 folio,
1612 2421 1722 2468 quod
1745 2427 1806 2459 est
1827 2431 1916 2471 331,

288 2474 438 2511 Natalis
460 2488 591 2514 manu:
617 2483 961 2520 «conseruanda»

368 2546 452 2584 Fol.
477 2558 710 2597 332s-345v,
732 2552 902 2590 habetur
922 2555 1107 2593 collectio
1128 2558 1468 2598 documentorum
1485 2562 1536 2599 de
1557 2563 1702 2600 virtute
1719 2563 1915 2601 obedien-

284 2617 374 2661 tiae,
396 2630 517 2664 ‹1uam
538 2619 719 2658 Societas
740 2624 959 2669 profitetur.
983 2626 1155 2674 Titulus,
1177 2630 1329 2668 Natalis
1350 2644 1472 2669 manu
1500 2632 1610 2670 initio
1638 2635 1804 2682 positus:
1826 2635 1916 2672 «De

286 2688 532 2734 perfectione
560 2690 816 2730 obedientiae
846 2695 1095 2734 Societatis.»
1126 2700 1169 2735 In
1198 2712 1267 2738 ora
1295 2704 1489 2750 superiori
1525 2704 1709 2752 ejusdem
1742 2706 1916 2755 paginae

285 2770 406 2795 manu
428 2760 553 2807 ipsius
575 2762 674 2799 haec
695 2769 790 2800 nota
819 2768 1074 2814 conspicitur:
1106 2770 1176 2807 «R.
1202 2782 1235 2809 2.
1263 2785 1458 2811 rursum.»
1487 2774 1602 2813 Haec
1637 2777 1783 2822 omnia,
1811 2788 1916 2824 quae

286 2829 335 2865 ad
357 2830 632 2869 obedientiam
654 2841 850 2881 spectant,
873 2844 965 2875 sunt
986 2851 1008 2875 a
1027 2839 1203 2886 Jimenez
1225 2850 1391 2881 exarata
1411 2851 1451 2882 et
1478 2857 1500 2882 a
1527 2846 1658 2883 Natali
1685 2847 1916 2895 frequenter

284 2902 510 2939 emendata.
535 2903 626 2940 Non
649 2910 710 2942 est
729 2911 923 2945 tractatus
945 2910 1127 2948 ordinate
1149 2914 1334 2961 scriptus,
1356 2916 1429 2952 sed
1456 2916 1795 2955 documentorum
1821 2919 1914 2956 hinc

285 2971 379 3008 inde
401 2981 689 3022 excerptorum
711 2980 937 3027 congeries,
963 2980 1076 3018 Prius
1098 2984 1205 3020 enim
1227 2985 1278 3021 de
1304 2977 1482 3033 perfecta
1511 2988 1756 3036 obedientia,
1777 3002 1914 3038 opere,

284 3042 493 3081 voluntate
515 3051 554 3082 et
575 3046 780 3085 intellectu
803 3052 1057 3097 praestanda:
1081 3053 1174 3090 dein
1196 3054 1246 3091 dc
1269 3056 1501 3095 obedientia
1523 3070 1660 3099 caeca.
1684 3059 1917 3107 Sequuntur
