2028 3426
340 241 411 278 510
813 233 968 268 PA‘rms
995 233 1238 268 Hmnoiwru
1265 231 1416 266 NAnAL

293 336 353 379 do
375 335 465 379 sint
488 335 544 378 ad
567 349 739 379 sacram
762 333 966 390 synaxim
990 332 1233 385 accessuri,
1269 340 1445 388 praeter
1468 338 1708 388 vrgentem
1731 331 1925 387 aliquam

294 412 612 457 necessitatem
635 421 668 465 ³,
696 411 1077 468 quemadmodum
1101 424 1185 454 nec
1208 418 1468 453 nostrorum
1492 408 1759 460 audiuntur,
1791 422 1926 464 prae-

292 490 446 534 sertim
468 490 505 533 si
528 489 722 546 saepius,
748 503 882 543 quam
906 489 1044 531 semel
1066 487 1111 530 in
1135 487 1434 538 hebdomada,
1460 485 1668 529 confiteri
1690 485 1850 530 velint.

382 568 520 623 Quod
543 567 755 610 scribitur
778 565 925 621 capite
954 565 1017 609 1.⁰
1039 573 1124 618 45ιο
1148 564 1288 621 partis
1315 562 1693 607 constitutionum
1723 570 1771 603 vt
1793 576 1924 618 prae·

293 645 468 701 positus
491 643 732 700 generalis,
758 657 861 686 curn
884 642 1079 698 primurn
1101 641 1328 698 possessio
1351 639 1534 697 collegii
1563 646 1747 695 accepta
1772 638 1923 690 fuerit,

293 728 423 764 curet
446 721 580 763 indici
604 729 653 762 vt
677 728 768 763 tres
791 719 956 763 missae
979 734 1003 762 a
1034 718 1226 775 singulis
1254 717 1567 762 sacerdotibus
1596 716 1736 759 totius
1766 715 1926 760 Socie-

294 798 399 841 tatis
422 799 707 841 celebrentur
730 810 812 853 pro
837 796 1081 840 fundatore
1103 803 1148 839 et
1169 794 1556 846 benefactoribus;
1581 793 1687 836 item
1720 800 1766 835 vt
1797 799 1926 836 curet

293 875 409 918 idem
434 875 546 926 fieri,
574 874 736 917 rescita
759 881 902 916 morte
925 872 1195 925 fundatoris,
1221 885 1303 928 pro
1324 871 1443 914 illius
1465 870 1629 924 anima3
1665 869 1926 926 intelligen-

295 953 403 994 dum
426 951 607 995 videtur
629 958 677 993 vt
700 958 830 994 curet
852 958 898 993 et
921 951 978 993 ad
1001 949 1323 1006 prouincialem
1346 948 1496 1001 simul,
1516 955 1561 991 et
1585 948 1641 990 ad
1663 961 1712 990 se
1729 946 1926 990 scribere

1992 780 1995 783 ·
1995 763 2007 773 =
1988 610 2011 753 use-'48:³0-
1988 553 2008 597 ἐι).
1983 375 2017 546 αξξὸἷζιῆθ
1980 353 2017 379 ἰὸ-

293 1029 573 1084 superiorem
598 1027 696 1071 eius
725 1026 924 1084 collegii,
951 1026 1084 1070 cuius
1112 1025 1339 1082 possessio
1372 1026 1478 1069 data
1498 1032 1583 1077 est,
1609 1025 1681 1068 vel
1718 1030 1926 1067 mortuus
1980 1005 2007 1068 ,3

296 1107 523 1157 fundator,
550 1106 628 1147 sed
652 1104 920 1160 prouinciali
943 1103 1000 1146 sit
1023 1118 1175 1155 curae,
1196 1110 1244 1145 vt
1267 1102 1312 1144 in
1336 1117 1417 1146 sua
1434 1101 1671 1158 prouincia
1693 1101 1924 1145 celebren-

294 1189 367 1224 tur
389 1182 489 1226 illae
512 1180 693 1233 missae,
720 1188 765 1225 et
787 1187 836 1223 vt
858 1181 915 1224 de
938 1180 1107 1223 eisdem
1130 1179 1298 1223 scribat
1328 1179 1386 1220 ad
1415 1192 1494 1222 eos
1516 1176 1836 1234 prouincialeS,
1868 1177 1924 1220 ad

293 1273 407 1313 quos
444 1258 635 1302 celerius
672 1265 884 1313 poterunt
922 1257 1063 1313 ipsius
1100 1256 1255 1300 literae
1294 1255 1531 1312 peruenire
1569 1269 1702 1310 quarn
1733 1269 1923 1310 genera-

293 1335 362 1387 lis,
395 1341 482 1382 407
512 1335 588 1391 qui
617 1334 745 1377 dabit
773 1349 954 1391 operam
983 1341 1033 1376 vt
1061 1333 1205 1390 primo
1228 1347 1409 1389 quoque
1437 1340 1639 1388 tempore
1668 1332 1724 1374 ad
1755 1331 1925 1386 reliqua
1987 1331 1992 1336 '

292 1412 534 1457 Societatis
558 1413 656 1455 ioca
678 1412 797 1454 idem
823 1410 1141 1468 perscribatur.

384 1491 570 1533 Praeter
593 1504 669 1532 eas
693 1488 998 1545 obligationes
1020 1488 1076 1530 ad
1100 1487 1259 1530 missas
1282 1486 1591 1538 celebrandas,
1611 1500 1728 1541 quae
1748 1485 1792 1527 in
1816 1500 1923 1528 con-

290 1566 604 1609 stitutionibus
643 1566 901 1619 traduntur,
942 1573 987 1609 et
1015 1564 1224 1620 superius
1257 1571 1363 1606 sunt
1401 1570 1658 1614 annotatae,
1695 1563 1818 1605 nulla
1855 1569 1924 1606 est

291 1644 376 1688 alia
399 1644 442 1686 in
466 1646 552 1686 hoc
575 1658 745 1699 genere
767 1641 991 1698 obligatio.
1007 1641 1052 1683 in
1077 1641 1286 1684 domibus
1309 1641 1380 1684 vel
1401 1639 1603 1695 collegiis
1626 1639 1844 1682 soluenda
1867 1654 1922 1682 ex
1986 1680 1990 1685 ,

291 1721 709 1772 constitutionibus3
736 1734 828 1762 non
859 1719 979 1762 enim
1001 1718 1170 1775 patitur
1192 1717 1395 1762 Societas
1423 1732 1472 1760 se
1500 1716 1597 1759 aliis
1626 1716 1920 1773 obligationi-

291 1799 378 1840 bus
401 1813 426 1840 a
451 1798 691 1840 fundatore
715 1795 985 1852 constringi.
1019 1795 1288 1851 Superiores
1321 1794 1562 1838 Societatis
1584 1801 1775 1850 possunt
1807 1792 1924 1836 nihi-

298 1875 495 1918 lominus
517 1874 677 1918 missas
700 1873 902 1918 indicere
930 1872 1097 1916 nostris
1125 1871 1437 1915 sacerdotibus
1460 1880 1504 1913 et
1537 1871 1846 1927 praescribere
1878 1877 1926 1912 vt

294 1951 536 2007 applicent,
564 1958 656 1993 tam
678 1965 760 2007 pro
783 1949 1120 2001 communibus,
1146 1963 1281 2003 quam
1305 1947 1655 2004 particularibus
1679 1947 1925 1992 necessita·
1989 2001 1996 2006 ι

295 2028 416 2071 tibus
438 2028 510 2071 vel
531 2027 739 2084 negociis
762 2034 885 2071 recte
914 2026 1123 2081 agendis,
1156 2033 1200 2069 et
1230 2039 1312 2081 pro
1341 2024 1560 2081 collegiis,
1587 2033 1632 2068 et
1654 2039 1736 2080 pro
1758 2025 1925 2068 nostris
1989 2030 2006 2055 '‘-

295 2105 507 2148 Patribus
524 2112 568 2148 et
592 2105 821 2157 fratribus,
843 2112 888 2148 et
906 2118 987 2160 pro
1004 2103 1217 2146 externis.
1240 2101 1498 2158 Applicatio
1516 2109 1667 2146 autem
1687 2101 1924 2145 missarum

293 2195 398 2224 cum
424 2196 588 2237 magna
611 2181 1016 2237 circumspectione
1039 2181 1218 2236 agenda
1239 2187 1323 2222 est.

1987 2226 2000 2261 ’π

383 2261 652 2302 Moneantur
675 2259 935 2302 sacerdotes
957 2273 1015 2301 ne
1037 2257 1081 2299 in
1106 2256 1360 2308 missarum,
1387 2257 1458 2300 vel
1481 2256 1754 2308 orationum,
1782 2256 1927 2312 appli-

294 2335 473 2378 catione
502 2335 743 2378 videantur
774 2350 874 2378 esse
912 2333 1214 2390 proprietarii,
1256 2347 1402 2388 neque
1441 2333 1629 2376 moleste
1667 2334 1813 2377 ferant
1851 2333 1926 2375 vbi

294 2413 499 2468 superior
523 2412 682 2454 missas
706 2411 918 2467 applicari
944 2410 1224 2466 praescribit.
1251 2411 1370 2453 Sunt
1391 2409 1510 2452 enirn
1534 2414 1621 2456 408
1645 2416 1736 2453 tres
1757 2410 1927 2466 gradus

296 2489 555 2532 huiusmodi
587 2487 956 2544 applicationum.
992 2487 1171 2530 Primus
1200 2483 1371 2543 gradus
1401 2494 1490 2528 tam
1520 2485 1750 2539 orationis,
1791 2501 1926 2542 quam
1976 2472 2006 2518 ..J

295 2566 460 2610 missae
482 2564 796 2622 applicationis
820 2563 1086 2607 vniuersalis
1109 2571 1178 2606 est
1200 2563 1256 2605 ad
1285 2562 1502 2607 ecclesiae
1531 2563 1843 2615 intentionem,
1869 2578 1925 2607 ex

297 2658 387 2698 quo
410 2643 556 2699 gradu
588 2643 741 2684 nullus
764 2641 1038 2685 excluditur.
1069 2640 1310 2683 Secundus
1344 2641 1514 2695 gradus
1546 2647 1615 2683 est
1642 2639 1848 2695 specialis
1881 2647 1926 2684 et
1992 2666 2003 2673 ν

295 2735 590 2777 personarum
613 2726 659 2762 et
682 2733 850 2763 rerum.
876 2716 1059 2761 Tertius
1082 2731 1190 2759 vero
1213 2716 1580 2772 specialissimus,
1607 2724 1652 2761 et
1674 2716 1751 2772 qui
1773 2730 1926 2760 sacer-

294 2798 477 2840 dotibus
501 2797 609 2853 ipsis
631 2794 991 2839 sacrificantibus
1014 2802 1081 2836 est
1103 2793 1243 2836 veluti
1266 2793 1489 2849 proprius.
1511 2795 1684 2849 Itaque,
1710 2808 1812 2837 cum
1837 2793 1926 2837 So-

297 2875 438 2918 cietas
467 2874 781 2928 cuiuscunque
810 2871 871 2915 rei
900 2885 1037 2914 causa
1066 2870 1244 2913 missam
1269 2871 1487 2914 celebrari
1511 2871 1745 2927 praecipit,
1772 2870 1925 2926 requi-

368 3052 385 3068 «¹¹
436 3051 456 3086 4
475 3041 594 3076 verba
615 3037 890 3086 praecedentia
909 3035 1038 3072 addita
1058 3035 1264 3083 posterius.
