2028 3426
553 232 786 269 ORAT1ON18
812 240 1253 277 OBSERVAT10NEs-—7o
1599 233 1668 269 683

88 348 205 389 quae
231 348 353 376 nunc
380 335 606 376 habentur
633 334 678 376 in
707 333 872 390 precio3
898 341 1054 377 contra
1083 347 1189 376 vero
1217 334 1413 389 gloriosa
1441 337 1712 390 aparebunt,

89 424 204 465 quae
227 424 348 453 nunc
371 410 672 466 ignominiosa
695 418 815 454 sunt.
843 410 931 454 Hic
955 425 1115 454 sensus
1139 426 1288 454 rerum
1321 418 1390 454 est
1414 411 1494 453 tibi
1518 411 1713 454 circum-

93 487 326 532 ferendus

177 563 407 619 Affligeris
429 564 561 619 plena
584 564 894 608 tribulatione?
916 566 1118 607 Accurre
1141 565 1198 606 ad
1215 563 1463 615 Christum,
1490 564 1715 607 dicentem

92 641 136 682 in
160 654 310 682 cruce:
336 638 482 691 «Heli,
509 640 613 682 Heli
642 643 697 693 ¹3»
725 641 897 683 Times?
914 640 1207 696 angustiaris?
1231 640 1461 684 tristises?
1485 642 1559 683 Ad
1582 641 1691 683 Chri

91 726 210 760 stum
233 716 453 772 prolixius
475 725 695 769 orantem,
723 718 891 760 factum
921 717 966 759 in
989 718 1169 773 agonia,
1195 725 1240 761 et
1265 718 1504 761 sudantem
1529 718 1715 773 sangui<

94 810 196 839 nem
237 793 421 849 copiose
444 794 475 835 ²:
496 808 598 836 nam
629 794 672 836 in
704 809 793 849 quo
824 810 985 850 passus
1020 802 1088 838 est
1118 795 1213 851 ipse
1241 803 1285 839 et
1315 801 1532 846 tentatus,
1558 802 1718 850 potens

93 878 161 915 est
189 878 233 914 et
263 870 350 922 his,
383 870 459 925 qui
489 869 529 913 16
560 877 805 923 tentantur,
832 871 1050 915 auxiliari.
1085 873 1269 915 Recuba
1298 886 1474 927 semper
1503 873 1559 913 ad
1582 873 1720 928 pedes

94 947 295 989 crucifixi
314 949 440 1004 Jesu3
467 961 601 1002 super
626 954 670 991 te
698 949 882 992 deffluat
905 950 1001 993 eius
1030 949 1232 1005 sanguis3
1265 950 1400 992 corde
1422 963 1525 991 eum
1558 950 1719 1003 depre-

93 1039 196 1068 care
220 1025 463 1075 feruenter,
506 1033 551 1065 vt
590 1024 702 1066 nihil
734 1026 877 1080 possis
900 1027 1021 1069 aliud
1059 1041 1193 1081 quam
1231 1026 1505 1068 desiderium
1529 1027 1614 1068 sub
1646 1026 1720 1067 illa

97 1095 482 1156 contemplatione
506 1101 560 1142 ad
584 1115 687 1144 eum
710 1101 921 1158 dirigere.
949 1104 1084 1158 Quod
1106 1103 1144 1146 si
1161 1110 1204 1145 te
1222 1102 1309 1144 alio
1327 1117 1417 1145 non
1435 1104 1572 1145 ducat
1590 1117 1719 1158 aper⁴

99 1187 170 1220 tus
192 1177 392 1232 spiritus,
418 1179 504 1219 hoc
537 1177 594 1219 sit
618 1178 682 1219 tui
710 1178 952 1234 spiritualis
974 1179 1174 1222 exercitii
1197 1179 1391 1222 initium.
1418 1181 1515 1223 Sub
1545 1181 1718 1230 vmbra,

96 1253 244 1309 inquit
266 1254 496 1305 Salomon,
522 1253 640 1297 illius
663 1269 795 1309 quem
819 1256 1197 1308 desideraueram,
1217 1256 1312 1299 sedi
1331 1258 1362 1299 ³.

184 1331 428 1373 Ponendus
457 1338 525 1373 est
563 1332 722 1373 modus
754 1332 930 1384 studiis,
957 1340 1004 1374 vt
1026 1332 1129 1384 iam,
1154 1341 1256 1388 post
1287 1340 1599 1376 consummata
1621 1341 1719 1376 stu-

94 1407 183 1460 dia,
208 1421 298 1449 non
332 1408 572 1449 admodum
602 1408 659 1450 sit
686 1409 979 1451 laborandum
1009 1409 1054 1454 in
1077 1409 1217 1463 libris3
1243 1411 1323 1453 sed
1346 1425 1461 1465 quae
1492 1410 1615 1454 dedit
1640 1410 1720 1452 tibi

94 1486 219 1527 Deus
241 1498 320 1538 per
344 1490 472 1526 tuum
494 1484 711 1536 studium,
737 1500 789 1528 ea
810 1500 971 1529 exerce
994 1487 1050 1529 ad
1073 1493 1195 1529 tuam
1218 1494 1262 1529 et
1292 1488 1600 1542 proximorum
1629 1488 1720 1529 vti—

93 1560 279 1604 litatem.
306 1561 530 1604 Succedet
550 1575 658 1603 vero
680 1562 726 1603 in
749 1563 895 1604 locum
919 1563 1173 1606 studiorum
1197 1564 1429 1607 meditatio
1452 1572 1497 1606 et
1515 1571 1721 1607 contem-

97 1637 249 1691 platio,
275 1652 331 1680 ex
352 1652 442 1692 qua
470 1639 548 1680 fiet
576 1653 654 1693 per
693 1639 1039 1683 misericordiam
1068 1640 1170 1692 Dei,
1203 1648 1250 1682 vt
1280 1648 1653 1684 consummentur
1676 1649 1721 1683 et

99 1713 382 1756 illustrentur
411 1715 609 1756 humana
638 1721 715 1756 tua
737 1715 884 1758 studia
913 1716 1063 1758 omnia
1086 1724 1130 1759 et
1159 1716 1360 1759 efficacia
1382 1717 1491 1759 fiant
1521 1718 1576 1758 ad
1599 1717 1720 1760 salu-
1765 1750 1769 1753 .

101 1797 190 1833 tem
214 1790 473 1842 multorum;
500 1798 545 1834 et
568 1799 717 1833 tamen
741 1776 783 1833 in
808 1791 892 1843 his,
915 1799 961 1833 vt
984 1792 1029 1834 in
1046 1792 1158 1845 aliis,
1179 1793 1408 1853 permittet
1429 1808 1477 1836 se
1496 1793 1644 1847 quiuis
1660 1794 1723 1835 le—

100 1865 284 1921 gitimae
301 1866 600 1910 obedientiae.

184 1943 322 1984 Induc
345 1957 583 1997 personam
606 1952 897 1998 peccatorum
920 1945 1119 1987 omnium
1144 1946 1188 1987 in
1213 1946 1254 1989 17
1285 1947 1488 1988 oratione
1517 1954 1562 1989 et
1591 1961 1722 1989 exer—

99 2017 216 2061 citiis
240 2018 329 2061 tuis
353 2033 429 2074 per
451 2019 691 2063 cordialem
731 2022 941 2063 affectum
979 2029 1024 2064 et
1051 2022 1323 2065 desiderium
1360 2022 1516 2065 salutis
1546 2037 1720 2066 eorum.

98 2093 165 2137 Ita
188 2095 293 2138 fecit
316 2097 481 2151 Xpus.,
504 2095 579 2151 qui
601 2103 754 2138 nostra
775 2104 959 2152 peccata
982 2098 1084 2140 tulit
1106 2099 1152 2140 in
1174 2113 1237 2151 se,
1258 2114 1338 2154 pro
1355 2099 1486 2142 nobis
1503 2106 1616 2152 orat,
1637 2114 1719 2141 no-

100 2179 237 2214 stram
260 2185 496 2227 personam
521 2172 652 2227 gerit.

184 2248 304 2290 Vtile
332 2256 377 2292 et
406 2249 493 2290 hoc
526 2257 609 2291 est:
650 2263 883 2304 personam
921 2251 1025 2307 Xpi.
1067 2266 1218 2307 agere,
1260 2252 1388 2306 quasi
1418 2252 1462 2294 in
1487 2259 1531 2294 te
1554 2252 1725 2296 sentias

100 2326 286 2380 Xpum.,
313 2332 357 2368 et
379 2340 433 2368 ex
456 2327 542 2367 hoc
565 2332 685 2367 statu
708 2327 780 2369 vel
801 2341 937 2370 sensu
960 2327 1131 2387 iudices
1153 2329 1225 2370 vel
1242 2328 1432 2384 dissipes
1451 2328 1725 2372 tentationes

99 2401 146 2442 in
163 2401 275 2456 ipso.

185 2478 389 2520 Abstulit
405 2493 482 2521 cor
501 2486 703 2521 nostrum
721 2478 929 2522 Christus
949 2481 1199 2524 ascendens
1218 2482 1273 2524 ad
1291 2482 1482 2532 coelum,
1505 2489 1549 2524 et
1567 2495 1720 2524 secum

101 2555 253 2597 habet.

187 2631 287 2682 His,
314 2631 389 2686 qui
407 2631 584 2675 infirmo
601 2640 707 2675 sunt
726 2624 888 2688 capite,
909 2648 999 2676 non
1017 2642 1086 2678 est
1102 2636 1395 2678 laborandum
1415 2634 1721 2685 meditatione,

101 2709 181 2750 sed
204 2710 369 2751 affectu
392 2709 619 2765 agendum
643 2724 746 2751 curn
770 2709 960 2765 simplici
983 2710 1180 2756 obiecto.

190 2785 448 2828 Humilitas.
475 2782 793 2841 Simplicitas*

188 2862 362 2904 Hortus
379 2861 436 2904 sit
460 2862 540 2905 tibi
558 2862 762 2906 consitus
792 2864 1087 2908 amenissimis
1115 2865 1350 2907 arboribus
1382 2879 1433 2906 ac
1463 2863 1724 2906 fructuosis-

171 2967 180 2988 ¹
234 2968 430 3014 MATTH„
456 2969 625 3016 XXVII,
644 2971 707 3015 46.
1140 2977 1152 2994 ²³
1205 2974 1322 3017 Luc„
1343 2973 1464 3018 XXII,
1486 2971 1545 3016 43,
1564 2982 1623 3016 44.

171 3028 185 3047 ³
235 3026 385 3072 CANT.,
405 3028 453 3074 II,
472 3027 508 3063 3.
