2028 3426
292 210 361 253 856
869 206 1006 241 Emsr.
1036 205 1079 240 P.
1110 205 1263 241 NADAL

241 324 520 367 exponemus
543 308 739 359 abunde,
765 321 867 350 cum
893 308 993 351 Iesu
1017 306 1090 350 X.i
1113 306 1276 363 gratia,
1310 319 1402 361 quo
1431 305 1739 349 vadimonium
1773 305 1885 349 mihi

241 390 296 431 de
319 402 371 430 ea
394 402 443 431 re
465 384 700 430 distulisti.
732 385 867 427 Nunc
890 385 946 427 ad
969 383 1270 428 dialecticam.

331 464 411 507 Vis
435 472 526 506 tam
550 462 805 505 necessario
828 478 883 507 ex
906 461 1218 518 superioribus
1241 460 1458 518 colligere
1482 461 1643 504 falsum
1667 475 1722 504 ex
1753 461 1881 514 falso,

241 540 623 598 quemadmodum
647 539 683 582 si
707 539 946 595 colligeres
969 554 1024 583 ex
1048 553 1140 582 non
1163 553 1264 583 esse
1286 538 1517 583 hominem
1537 537 1883 582 beatificabilem

241 620 362 676 quod
386 616 666 660 rationabilis
691 631 779 660 non
805 616 878 659 sit.
902 617 1141 671 Quaenam
1169 622 1246 658 tua
1270 617 1385 659 haec
1415 622 1484 658 est
1507 614 1760 658 dialectica?
1783 616 1885 657 Hoc

245 697 426 753 quidem
450 703 587 739 ne—a
605 694 788 749 quidem
807 694 877 737 vel
899 692 1124 738 Bruxellis
1147 692 1164 718 ¹³
1188 692 1370 736 haurire
1393 692 1595 748 potuisti,
1617 692 1881 749 praesertim

241 789 378 830 quum
403 773 589 824 habeas,
612 786 746 827 quem
770 771 1048 822 consuleres,
1077 770 1143 813 tui
1173 769 1344 813 ordinis
1369 769 1515 812 virum
1547 768 1884 825 praestantissi-

240 866 361 894 mum
387 864 438 893 ac
472 848 803 900 doctissimum,
838 847 1129 891 Dominicum
1165 848 1342 891 Sotum.
1376 846 1382 904 Ι
1411 848 1540 891 Haec
1563 846 1682 890 enim
1712 853 1781 890 est
1803 847 1884 890 de-

239 927 518 971 monstratio:
547 927 697 970 Omne
721 925 988 969 rationabile
1012 932 1081 969 est
1111 923 1430 969 beatificabile.
1465 923 1628 967 Omnis
1656 925 1792 967 homo
1815 929 1883 966 est

240 1004 532 1049 rationabilis.
579 1002 743 1047 Omnis
772 1002 916 1059 igitur
946 1004 1082 1045 homo
1120 1001 1437 1046 beatificabilis
1473 1008 1558 1044 est.
1601 1002 1671 1044 Ac
1704 1015 1883 1043 rursum

245 1083 430 1126 Nullum
455 1080 714 1124 irrationale
736 1087 805 1124 est
837 1079 1156 1128 beatificabile.
1191 1078 1354 1122 Omnis
1384 1080 1521 1121 homo
1559 1086 1626 1122 est
1649 1077 1882 1121 irrationa-

238 1160 306 1203 lis.
349 1160 513 1202 Nullus
537 1158 676 1215 igitur
699 1159 836 1200 homo
866 1156 1181 1200 beatificabilis
1211 1164 1293 1199 est.
1324 1157 1434 1199 Item
1467 1157 1595 1198 locus
1617 1163 1686 1199 est
1715 1155 1789 1198 hic
1812 1155 1882 1197 in-

240 1238 476 1288 trinsecus,
504 1251 528 1278 a
552 1235 799 1291 negatione
821 1234 1098 1278 definitionis
1121 1235 1177 1276 ad
1197 1233 1418 1290 passionis
1442 1232 1648 1289 propriae
1672 1232 1881 1288 negatio-

238 1329 356 1357 nem.
384 1315 487 1356 Non
512 1320 581 1356 est
621 1313 756 1353 homo
794 1310 1128 1354 intellectualis.
1174 1309 1499 1354 Beatificabilis
1531 1323 1641 1366 ergo
1670 1323 1761 1352 non
1784 1315 1872 1352 est.

237 1391 358 1447 Quid
378 1390 504 1433 vides
527 1389 572 1431 in
596 1388 764 1431 nostris
793 1387 1099 1444 pronuntiatis
1128 1387 1408 1430 huiusmodi?
1439 1388 1634 1443 Oportet
1663 1401 1743 1442 per
1772 1387 1882 1429 affe-

236 1476 357 1511 ctum
383 1483 437 1511 ex
461 1466 546 1510 Dei
569 1480 721 1509 amore
744 1465 945 1508 infusum
970 1465 1238 1509 electionem
1261 1464 1431 1520 colligi.
1459 1465 1615 1520 Quare
1637 1471 1881 1507 consenta—

238 1561 370 1591 neum
402 1552 487 1596 est,
514 1543 591 1599 qui
620 1542 764 1599 eligit,
793 1542 917 1584 illum
941 1556 1140 1586 amorem
1165 1541 1349 1586 sentire.
1378 1541 1468 1584 Vbi
1500 1540 1572 1584 hic
1601 1541 1882 1584 demonstra-

239 1623 314 1675 tio,
341 1622 417 1665 vbi
446 1620 757 1677 syllogismus,
790 1619 862 1665 2¹9
893 1619 968 1661 vbi
995 1619 1242 1663 necessitas
1260 1619 1630 1674 consequentiae,
1659 1617 1733 1660 vbi
1756 1618 1882 1660 locus

236 1700 524 1750 intrinsecus,
553 1697 627 1741 vbi
645 1697 866 1750 definitio,
892 1696 968 1739 vbi
993 1696 1159 1752 passio,
1182 1711 1299 1752 quae
1323 1711 1349 1738 a
1367 1695 1633 1739 definitione
1656 1696 1787 1738 fluat?
1806 1695 1882 1737 Ille

234 1786 301 1821 est
325 1791 487 1820 sensus
516 1774 781 1831 spiritualis,
824 1789 914 1817 non
938 1781 955 1800 0
984 1774 1285 1825 necessarius,
1319 1774 1400 1817 sed
1429 1773 1581 1829 potius
1620 1772 1881 1816 accidenta-

238 1856 345 1905 rius,
372 1861 419 1896 vt
443 1852 692 1896 consolatio
723 1866 777 1895 ex
817 1851 965 1908 gratia
998 1859 1043 1896 et
1065 1851 1301 1894 charitate.
1343 1850 1400 1892 Et
1423 1865 1507 1893 nos
1545 1850 1728 1905 quidem
1758 1849 1881 1892 aliud

238 1947 326 1974 non
351 1930 544 1973 dicimus
567 1944 701 1985 quam
732 1928 996 1972 conuenire:
1039 1935 1267 1984 optamus,
1305 1927 1591 1983 inquirimus:
1629 1941 1720 1970 non
1744 1926 1879 1970 etiam

238 2007 543 2053 necessarium
567 2006 778 2050 dicimus.

323 2086 460 2128 Dicas
497 2084 807 2140 exemplorum
846 2083 1085 2126 veritatem
1119 2098 1211 2126 non
1252 2082 1435 2138 requiri.
1480 2082 1629 2125 Credo
1669 2080 1879 2136 equidem

242 2174 365 2206 tuum
391 2177 490 2206 esse
509 2160 786 2212 huiusmodi,
815 2160 994 2225 tametsi
1015 2175 1105 2203 non
1130 2167 1220 2202 tam
1251 2161 1506 2216 exemplum
1541 2159 1706 2202 videris
1735 2158 1880 2200 addu-

240 2256 358 2293 cere,
383 2254 522 2295 quam
547 2238 710 2283 seriam
751 2237 1109 2290 similitudinem,
1151 2252 1285 2293 quam
1311 2246 1459 2280 tamen
1499 2235 1764 2293 perspexisti
1794 2235 1880 2277 iam

241 2332 373 2372 quam
399 2317 456 2359 sit
479 2315 723 2359 dissimilis.

329 2395 418 2438 Sed
444 2409 530 2449 age
555 2407 751 2435 rursum.
785 2391 791 2451 Ι
820 2393 918 2435 Nos
937 2391 1048 2434 nihil
1071 2391 1344 2448 colligimus,
1366 2392 1534 2434 nullam
1556 2390 1745 2434 facimus
1769 2404 1881 2433 con-

247 2471 542 2525 sequentiam3
569 2471 648 2513 sed
673 2478 823 2513 tamen
847 2470 905 2511 do
928 2468 1008 2511 tibi
1031 2476 1080 2511 vt
1102 2468 1160 2512 sit
1182 2468 1520 2524 consequentia.
1554 2467 1698 2523 Igitur
1720 2465 1881 2509 statuis

242 2562 339 2590 esse
366 2547 666 2590 necessariam
689 2545 1060 2602 consequentiam
1082 2560 1139 2588 an
1158 2545 1406 2588 infirmam?
1429 2544 1546 2588 Vide
1564 2544 1610 2586 in
1627 2543 1878 2599 decipulam

243 2639 296 2667 ne
321 2624 508 2675 incidas,
537 2623 616 2665 tibi
640 2637 774 2665 caue.
807 2622 856 2667 Si
881 2623 1155 2678 respondeas
1173 2621 1491 2674 necessariam,
1514 2629 1663 2664 tecum
1681 2634 1877 2676 pugnaS,

244 2710 285 2743 te
311 2701 506 2755 iugulas.
535 2700 614 2744 Sin
638 2700 879 2753 infirmam,
906 2713 988 2742 nos
1010 2699 1157 2751 iuuas;
1185 2713 1288 2741 nam
1312 2698 1348 2741 si
1372 2713 1610 2742 necessum
1636 2704 1704 2741 est
1728 2696 1880 2752 colligi

241 2793 296 2819 ex
322 2786 426 2819 actu
450 2777 525 2819 illo
549 2777 714 2820 amoris
736 2776 955 2832 consequi
978 2790 1181 2828 sensum,
1213 2775 1251 2819 is
1281 2775 1433 2818 nullus
1465 2789 1565 2819 esse
1597 2780 1745 2831 potest
1775 2773 1876 2826 nisi,

312 2914 328 2928 ιι
381 2902 531 2936 Nomen
558 2900 720 2937 confuse
739 2900 947 2936 admodum
976 2906 1194 2946 exaratum,
1224 2899 1329 2947 quod
1348 2898 1596 2946 interpretari
1615 2898 1878 2946 nequivimus.

244 2963 377 2997 Posset
398 2962 497 2997 forte
516 2961 594 3007 legi
612 2962 798 3002 exbricot,
821 2961 882 2996 vel
903 2962 1060 3002 extrict,
1081 2961 1144 2996 vel
1163 2960 1326 3002 exbrict,
1348 2961 1411 2995 vel
1440 2959 1619 2995 extricet.
1689 2960 1755 2986 —b
1774 2959 1882 2994 Bru-

241 3021 338 3055 xelli
359 3032 426 3056 ms.
482 3030 544 3047 .-c
564 3032 643 3055 non
664 3032 742 3055 non
764 3031 837 3055 ms.
