2028 3426
716 279 1151 323 SUPPLEMENTUM—-25
1631 279 1700 325 869

125 395 206 439 per
229 383 414 426 modum
437 381 731 433 laborantis»,
753 383 876 424 hunc
895 381 981 425 feci
998 379 1232 440 [laborare]
1255 389 1284 424 a.
1305 383 1477 425 Tamen
1495 382 1623 426 aliter
1645 381 1679 434 b,
1705 390 1750 425 et

124 461 353 516 praeclare
371 459 570 514 quidem,
588 458 773 514 exponit
788 458 1032 514 Origenes3
1051 473 1139 511 qua
1156 473 1244 514 ego
1259 458 1542 514 expositione
1559 459 1751 503 libenter

125 545 225 579 vtor
248 538 469 580 aduersus
491 537 835 578 lutheranorum
859 534 1095 587 insaniam3
1121 534 1184 577 ita
1206 535 1325 577 enim
1350 537 1643 579 vehementer
1665 538 1752 579 hoc

125 615 224 656 loco
242 614 367 655 Deus
386 612 663 668 pronuntiat,
676 619 724 653 vt
743 611 917 655 fortiter
935 619 951 637 0
967 617 1075 657 239v
1096 611 1358 655 mortalibus
1377 614 1644 667 persuadeat
1663 628 1754 655 non

123 705 226 734 esse
243 697 312 733 sat
335 690 371 732 si
394 689 494 744 quis
518 690 652 731 fidem
676 690 856 740 habeat,
883 690 962 732 sed
986 703 1121 744 opera
1143 704 1244 733 esse
1275 690 1528 732 necessaria
1558 692 1613 734 ad
1636 692 1755 733 salu-

129 774 234 811 tem:
262 782 354 809 non
378 766 497 809 enim
521 766 743 810 nescierat
773 768 914 818 Deus,
940 773 988 807 vt
1012 766 1334 821 interpretatur
1359 766 1602 823 Origenes,
1635 769 1757 823 quod

126 845 306 887 timeret
325 843 570 886 Dominum
594 844 824 886 Abraham
863 851 907 886 et
947 851 1055 885 tunc
1094 843 1290 898 primum
1328 843 1626 900 intelligebat;
1659 846 1756 897 sed,

130 922 255 976 quod
278 921 323 963 in
342 935 423 963 sua
442 921 709 964 aeternitate
726 928 947 976 perpetuo
966 921 1218 973 constabat,
1240 928 1459 963 monstrat
1477 921 1651 976 impleri
1670 937 1760 965 non

133 998 333 1054 potuisse
363 997 447 1039 nisi
478 997 690 1052 operibus
718 997 1000 1057 obedientiae
1030 997 1211 1039 diuinae
1241 997 1346 1039 fidei
1380 1012 1489 1041 suae
1517 999 1762 1041 efficaciam

135 1075 365 1117 Abraham
396 1073 678 1117 exhibuisset
712 1076 739 1116 ¹.
773 1076 906 1116 Nunc
944 1073 1057 1116 scito
1096 1088 1167 1115 me
1197 1075 1332 1116 fidem
1365 1082 1486 1117 tuam
1515 1078 1605 1118 hoc
1630 1090 1765 1131 opere

135 1165 490 1201 consummasse,
524 1158 571 1192 vt
601 1150 970 1206 cooperatricem,
1011 1159 1055 1192 et
1094 1145 1137 1193 te
1160 1151 1456 1206 cognouisse,
1497 1159 1546 1193 vt
1584 1152 1767 1195 nouisse

136 1228 232 1270 'vias
255 1226 273 1252 d
300 1226 388 1267 240
411 1227 631 1269 iustorum
669 1227 904 1269 consueui.
947 1226 1229 1282 Significatio
1267 1227 1393 1270 verbi
1429 1244 1536 1277 *riv-c*
1576 1229 1768 1285 simplex

139 1313 207 1347 est
236 1319 291 1346 ex
329 1306 398 1361 hp,
432 1318 521 1345 non
552 1319 606 1347 ex
637 1307 781 1355 &wem
807 1311 855 1344 vt
877 1303 1103 1358 significet
1134 1303 1354 1346 actionem
1389 1305 1434 1347 in
1460 1304 1528 1359 3?
1559 1321 1767 1361 persona,

142 1381 519 1436 quemadmodum
540 1396 594 1423 ex
612 1380 784 1435 psalmo
803 1393 877 1433 131
900 1381 1120 1423 docentur
1138 1382 1414 1434 sacerdotes,
1429 1389 1478 1424 vt
1495 1382 1683 1425 aliorum
1703 1398 1772 1426 sa-

144 1459 281 1500 lutem
309 1465 567 1512 procurent:
593 1473 667 1506 pv*
697 1459 825 1502 vebs
847 1472 968 1502 minzi
996 1458 1282 1500 “sacerdotes
1312 1458 1409 1501 eius
1437 1458 1622 1502 induam
1651 1461 1773 1503 salu-

145 1544 188 1578 te
211 1537 272 1587 ⁶²»,
308 1542 352 1576 et
375 1548 430 1575 ex
456 1534 499 1576 vi
536 1534 678 1585 verbi,
718 1534 779 1576 ita
801 1533 1001 1585 induam,
1035 1541 1083 1574 vt
1107 1533 1169 1575 illi
1199 1533 1308 1576 alios
1331 1534 1451 1577 illam
1476 1537 1679 1580 eamdem
1702 1537 1775 1579 in-

147 1613 286 1655 duere
309 1622 353 1653 et
377 1611 550 1666 possint
580 1619 624 1654 et
653 1610 864 1654 debeant.
902 1611 1003 1652 Non
1035 1618 1103 1654 est
1132 1612 1188 1652 ad
1220 1613 1341 1654 hunc
1371 1613 1553 1655 modum
1584 1615 1778 1670 cognomi

148 1690 234 1730 hoc
255 1689 372 1730 1060.
395 1687 519 1742 Quid
533 1687 672 1742 igitur
695 1687 859 1729 damno
884 1687 1210 1742 expositionem
1226 1689 1482 1740 doctorum,
1510 1705 1565 1732 ex
1590 1690 1778 1750 veritate

145 1765 375 1815 hebraica,
404 1772 453 1806 ut
476 1765 622 1807 solent
645 1763 928 1819 grammatici
958 1763 1249 1808 insolescere?
1268 1766 1370 1808 Non
1396 1767 1576 1818 damno,
1608 1772 1613 1819 Ι
1645 1770 1782 1811 Pater

143 1842 223 1892 mi,
256 1842 335 1885 sed
373 1841 529 1896 probo;
557 1848 693 1894 atque
716 1840 827 1883 adeo
851 1842 936 1882 hoc
961 1840 1062 1883 vide
1090 1850 1226 1895 quam·
1251 1856 1338 1897 ego
1362 1843 1529 1886 soleam
1553 1857 1652 1886 esse
1676 1844 1782 1886 alie-

148 1932 236 1960 nus
258 1933 282 1960 a
306 1917 701 1973 grammaticorum
726 1916 963 1959 insolentia
992 1931 1043 1960 ac
1069 1918 1336 1962 temeritate.
1363 1919 1439 1962 Sic
1457 1919 1573 1962 dico:
1601 1920 1783 1976 lingua-

152 2009 250 2037 rum
291 1994 495 2050 peritiam
533 2008 632 2036 esse
669 1993 849 2048 quidem
890 1994 945 2049 in,
973 1994 1165 2037 ecclesia
1203 1995 1426 2038 catholica
1464 1997 1781 2050 necessariam;

226 2112 242 2127 a
293 2100 437 2135 Charta
469 2105 686 2134 atramento
716 2110 895 2144 corrosa,
926 2111 1045 2134 unum
1076 2101 1139 2134 vel
1171 2101 1336 2135 alterum
1368 2103 1532 2136 verbum
1563 2102 1691 2148 periit.
1744 2125 1787 2128 —

155 2161 172 2185 b
199 2158 378 2196 Obscure
399 2158 599 2204 scriptum.
650 2167 714 2184 —c
742 2158 818 2192 Hic
836 2157 979 2193 desinit
998 2158 1063 2194 fol.
1088 2168 1122 2202 5,
1145 2158 1282 2194 Codicz'
1310 2161 1434 2196 Vatic.
1461 2172 1486 2204 4
1514 2173 1715 2208 perperam
1735 2163 1791 2197 in-

156 2223 319 2262 sertum,
339 2217 441 2263 quod
469 2217 597 2260 potius
624 2217 663 2251 in
684 2216 782 2251 Cod.
817 2216 941 2251 Vatic.
962 2227 984 2251 2
1007 2222 1098 2252 ante
1117 2217 1251 2252 folium
1272 2218 1341 2264 239
1359 2219 1579 2255 addendum
1606 2227 1702 2264 erat,
1722 2222 1791 2256 ubi

158 2288 228 2311 nos
246 2275 341 2311 illud
360 2274 617 2321 reposuimus.
639 2275 751 2320 Quae
770 2274 931 2320 proinde
956 2274 1019 2310 hic
1038 2281 1253 2322 sequuntur
1271 2278 1392 2312 habes
1423 2278 1462 2313 in
1484 2278 1578 2314 Cod.
1609 2280 1733 2316 Vatic.
1755 2290 1792 2324 2,

155 2336 225 2370 fol.
248 2334 362 2379 239v.
419 2335 484 2360 --d
520 2333 612 2367 Vias
632 2334 718 2367 vias
738 2345 810 2368 ms.

233 2431 241 2450 ¹
294 2430 351 2464 En
371 2429 491 2463 verba
510 2427 694 2473 Origenis
714 2428 753 2462 in
772 2429 873 2462 hunc
892 2423 1033 2463 locum:
1056 2429 1195 2464 «Nunc
1213 2431 1320 2464 enim
1335 2432 1505 2477 cognovi
1518 2434 1613 2478 quia
1624 2437 1666 2468 tu
1681 2435 1797 2470 times

167 2491 307 2524 Deum.
329 2489 371 2522 In
391 2489 464 2522 hoc
483 2498 577 2532 ergo
596 2498 775 2521 sermone
794 2488 895 2521 solet
913 2486 1031 2522 obiici
1050 2488 1178 2533 nobis,
1198 2488 1301 2534 quod
1326 2491 1434 2525 Deus
1460 2503 1562 2526 nunc
1588 2504 1630 2527 se
1654 2504 1798 2538 cogno-

162 2549 267 2583 uisse
285 2547 401 2590 dicat,
419 2547 510 2592 quia
530 2546 725 2580 Abraham
746 2545 882 2580 timeat
908 2546 1048 2591 Deum,
1069 2547 1181 2592 quasi
1205 2547 1271 2593 qui
1296 2554 1386 2583 ante
1412 2548 1664 2594 ignorauerit.
1694 2553 1798 2587 Scie-

162 2609 231 2642 bat
249 2608 368 2650 Deus,
392 2612 430 2640 et
450 2617 527 2640 non
546 2616 635 2639 eum
655 2605 816 2649 latebat,
836 2604 980 2651 quippe
1000 2605 1066 2651 qui
1086 2605 1195 2640 nouit
1214 2607 1354 2652 omnia,
1373 2613 1581 2655 antequam
1600 2610 1707 2645 fiant:
1729 2612 1799 2646 sed

163 2672 320 2712 propter
340 2672 378 2700 te
409 2666 505 2699 haec
533 2663 678 2709 scripta
709 2670 812 2698 sunt:
845 2663 935 2709 quia
968 2669 1008 2698 et
1027 2669 1068 2698 tu
1099 2664 1301 2700 credidisti
1331 2666 1489 2713 quidem
1521 2669 1618 2715 Deo,
1640 2663 1801 2706 sed‘nisi

161 2736 282 2771 opera
298 2724 389 2759 fidei
408 2723 643 2770 expleueris,
667 2722 742 2757 nisi
762 2723 801 2757 in
821 2723 1003 2757 omnibus
1022 2724 1253 2769 praeceptis,
1284 2725 1403 2760 etiam
1426 2726 1712 2764 difficilioribus
1737 2741 1801 2775 pa-

168 2784 306 2830 rueris,
327 2783 402 2818 nisi
422 2781 654 2817 sacrificium
686 2780 891 2821 obtuleris,
912 2786 951 2815 et
975 2781 1194 2817 ostenderis
1225 2783 1316 2825 quia
1347 2795 1418 2820 nec
1444 2791 1608 2831 patrem,
1634 2799 1708 2822 nec
1727 2800 1804 2823 ma-

171 2849 283 2884 trem,
303 2853 375 2877 nec
392 2842 494 2876 filios
513 2840 709 2887 praeferas
729 2841 829 2884 Deo,
844 2851 921 2874 non
939 2840 1164 2885 agnosceris
1183 2842 1274 2888 quia
1293 2842 1432 2878 timeas
1448 2844 1590 2890 Deum,
1610 2857 1682 2881 nec
1701 2847 1806 2882 dice-

170 2909 233 2937 tur
246 2901 294 2936 de
314 2910 352 2936 te
370 2900 460 2947 quia
479 2911 581 2935 nunc
600 2898 767 2944 cognoui
785 2898 876 2945 quia
898 2899 1037 2934 timeas
1069 2905 1111 2934 tu
1130 2901 1297 2937 Deum.»
1318 2901 1521 2939 ORlGEle
1552 2905 1806 2942 ADAMANTIS

174 2961 359 2997 MAGNI...
391 2960 435 2994 In
465 2970 550 3005 cap.
589 2958 701 2992 XXII
735 2957 954 3003 GeneseOS,
979 2958 1116 2994 homil.
1155 2959 1261 2995 VIII.
1297 2961 1454 3007 Opera,
1485 2963 1661 3011 Parisiis,
1701 2966 1807 3012 1604,

175 3020 252 3055 vol.
285 3020 318 3062 I,
340 3018 395 3054 18.

244 3082 258 3100 ²¹
310 3078 377 3113 PS.
398 3076 576 3121 CXXXI,
599 3076 654 3111 16.
677 3076 846 3121 Vulgata
865 3077 997 3112 habet:
1019 3077 1275 3114 «Sacerdotes
1294 3079 1379 3125 ejus
1395 3080 1550 3117 induam
1563 3083 1762 3118 salutari.»
