2028 3426
0 53 29 66 r·
0 0 33 38 υς

670 214 1009 251 INSTRUCTJONES
1017 218 1101 250 -61
1583 231 1650 266 595

11 311 16 315 ⁴
75 315 449 359 considerandum
472 315 729 372 diligenter,
756 331 865 358 num
889 317 1129 361 conueniat
1159 326 1335 361 nostros
1365 322 1483 363 solos
1511 337 1564 364 eo
1594 323 1699 366 mit-

75 399 185 444 tere,
220 406 328 434 num
358 399 406 434 vt
434 392 524 435 illic
561 392 846 437 continenter
882 392 978 436 dies
1015 401 1060 436 et
1093 401 1249 437 noctes
1280 395 1385 447 sint,
1422 399 1492 439 vel
1530 398 1699 453 aliquot

75 469 209 511 horas
231 468 623 522 antemeridianas,
649 476 694 511 et
723 469 828 513 item
853 470 1022 524 aliquot
1044 471 1396 525 pomeridianas,
1422 488 1503 528 pro
1531 490 1695 526 rerum,

76 545 275 587 locorum
299 559 352 588 ac
374 560 668 600 personarum
687 546 916 601 qualitate.
945 548 1106 601 Neque
1124 547 1242 591 enim
1261 547 1305 589 in
1324 551 1699 595 consuetudinem

75 628 144 663 est
165 622 440 675 ducendum,
465 629 513 663 vt
535 622 643 664 illuc
665 637 756 664 non
778 622 1000 665 dormiant
1024 623 1183 674 nostri,
1209 625 1330 678 quod
1359 625 1404 666 in
1427 626 1575 681 aliqua
1600 642 1700 683 pro—

79 697 226 740 uincia
247 705 427 753 ceperat
450 698 561 750 fieri,
587 713 691 741 cum
716 698 825 740 illud
847 698 988 754 possit
1011 713 1065 741 ex
1088 699 1295 742 instituto
1317 701 1429 752 fieri,
1457 702 1531 743 cui
1555 704 1699 745 fiden-

78 774 185 815 dum
208 781 278 816 est
299 774 345 816 in
368 774 578 817 Domino.

79 897 149 938 612
278 940 279 943 ,
641 909 701 937 DE
736 908 1086 938 HOSPlTALIBUS
1120 903 1137 919 ²²

167 1006 248 1057 Illi,
275 1006 351 1060 qui
374 1007 652 1061 deputantur
679 1007 734 1049 ad
766 1007 1108 1049 ministrandum
1138 1008 1447 1060 xenodochiis,
1480 1011 1602 1053 nulla
1631 1026 1701 1052 ra-

80 1082 201 1124 tione
224 1095 308 1124 nec
330 1082 579 1126 inseruiant
603 1082 886 1135 mulieribus,
913 1097 997 1126 nec
1024 1083 1198 1126 illarum
1229 1083 1544 1140 ingrediantur
1576 1087 1702 1129 habi--

80 1158 290 1211 tationes;
316 1173 401 1202 nec
429 1158 563 1202 etiam
593 1159 653 1201 ibi
685 1159 994 1203 confessiones
1021 1160 1176 1203 audire
1198 1160 1388 1217 [aliquis]
1416 1163 1579 1217 poterit
1608 1163 1705 1206 sine

80 1235 339 1290 particulari
368 1237 597 1287 facultate,
625 1244 669 1279 et
708 1244 818 1278 tunc
857 1236 1030 1279 socium
1062 1237 1246 1279 habebit
1277 1239 1593 1291 domesticum,
1630 1241 1705 1294 qui

78 1319 319 1366 Vtrumque
356 1312 506 1356 videat
535 1321 579 1355 et
609 1314 899 1355 confitentem
933 1313 1164 1357 mulierem
1202 1323 1245 1357 et
1284 1315 1625 1368 confessarium,
1659 1326 1705 1359 vt

74 1389 210 1432 solet.

167 1466 447 1509 Aduertatur
485 1466 606 1520 quod
644 1467 700 1508 ad
733 1467 1020 1509 xenodochia
1052 1475 1266 1522 poterunt
1299 1468 1414 1510 mitti
1452 1469 1596 1524 primo
1630 1469 1705 1524 qui

79 1541 267 1584 veniunt
289 1543 345 1584 ad
368 1541 658 1594 Societatem,
685 1542 819 1586 etiam
843 1553 1084 1598 antequam
1108 1544 1164 1585 ad
1186 1544 1373 1599 primam
1397 1545 1705 1600 probationem

80 1618 369 1673 recipiantur,
396 1619 433 1660 si
456 1633 546 1660 non
574 1620 794 1662 habeatur
816 1634 971 1663 eorum
996 1627 1120 1662 tanta
1140 1620 1406 1673 satisfactio,
1439 1629 1607 1676 quanta
1637 1637 1707 1664 re-

70 1695 286 1750 quiritur,
312 1704 357 1738 et
379 1695 444 1738 sic
472 1710 527 1738 ex
560 1695 635 1738 tali
667 1696 879 1739 missione
907 1697 962 1738 ad
992 1696 1271 1740 xenodochia
1299 1698 1543 1741 habebitur
1571 1714 1707 1754 expe-
1768 1751 1772 1754 ι

79 1771 240 1814 rientia
261 1771 371 1827 quid
390 1773 445 1814 de
472 1771 560 1814 illis
588 1773 863 1827 sperandum
886 1772 964 1815 sit:
990 1781 1221 1829 praeterea
1250 1774 1492 1816 mittuntur
1518 1775 1605 1818 iam
1636 1791 1708 1818 re—

80 1847 198 1902 cepti
221 1849 277 1890 ad
294 1848 577 1890 xenodochia
596 1863 676 1904 pro
692 1848 959 1904 probatione
982 1850 1222 1893 ordinaria.
1248 1849 1340 1892 Alii
1363 1860 1551 1906 possunt
1575 1852 1706 1903 mitti,

81 1931 128 1965 vt
149 1924 364 1967 iuuentur
386 1926 431 1968 in
454 1925 631 1981 spiritu,
658 1925 833 1969 etiamsi
856 1927 1021 1969 multos
1043 1942 1185 1970 annos
1207 1929 1468 1984 exegissent
1489 1929 1533 1970 in
1559 1930 1710 1973 Socie-

77 2008 197 2053 >tate;
230 2007 298 2047 613
327 2002 416 2054 alii,
449 2003 554 2057 quia
581 2003 636 2046 de
666 2002 752 2045 illis
781 2003 986 2058 superior
1016 2004 1194 2048 dubitat
1222 2021 1279 2048 an
1302 2014 1422 2048 recte
1445 2007 1708 2061 procedant,

80 2084 158 2120 aut
180 2078 314 2120 etiarn
338 2087 386 2121 vt
413 2079 517 2122 inde
545 2079 830 2123 occasionem
854 2088 1001 2123 sumat
1022 2081 1125 2123 illos
1147 2096 1202 2124 ex
1231 2082 1457 2126 Societate
1479 2082 1711 2126 dimitten-

81 2153 148 2206 di;
173 2154 220 2196 in
243 2155 453 2198 omnibus
475 2171 580 2198 vero
603 2157 871 2211 procedatur
893 2171 996 2199 cum
1018 2158 1140 2200 omni
1164 2158 1524 2202 consideratione
1548 2159 1590 2200 in
1615 2161 1710 2201 Do-

21 2231 23 2233 ’
84 2230 218 2273 mino.
256 2233 452 2274 Possunt
486 2232 619 2274 etiam
654 2233 796 2275 nostri
833 2235 889 2275 ad
923 2234 1161 2289 hospitalia
1194 2235 1309 2277 mitti
1346 2251 1427 2291 pro
1466 2235 1712 2279 ministerio

84 2307 310 2350 ordinario
333 2307 585 2352 Societatis.

173 2385 344 2435 Nostri,
381 2385 455 2439 qui
490 2384 745 2428 inseruiunt
779 2378 1092 2441 hospitalibus,
1128 2388 1199 2431 vel
1233 2388 1309 2442 qui
1346 2388 1391 2429 in
1426 2388 1518 2439 his,
1555 2388 1630 2442 qui
1666 2388 1709 2429 in

77 2475 263 2503 carcere
285 2461 561 2512 detinentur,
588 2461 797 2504 iuuandis
825 2471 1120 2518 occupantur,
1154 2472 1342 2519 possunt
1371 2464 1551 2518 quidem
1576 2478 1708 2505 cura-

84 2551 134 2579 re
155 2544 203 2578 vt
225 2538 537 2592 eleemosynae
559 2539 723 2580 dentur
752 2539 1026 2594 pauperibus
1054 2540 1156 2592 illis,
1188 2542 1267 2583 sed
1297 2541 1480 2582 omnino
1512 2555 1586 2583 eas
1615 2540 1708 2581 dari

86 2621 246 2656 curent
278 2613 411 2656 alicui
444 2614 615 2656 homini
650 2615 703 2657 ad
737 2617 823 2657 hoc
856 2616 1032 2659 delecto
1063 2616 1276 2671 probatae
1314 2616 1433 2659 fidei.
1473 2615 1557 2670 [psi
1591 2616 1708 2657 enim

88 2690 381 2732 eleemosinas
403 2706 460 2733 ne
482 2690 706 2745 accipiant
730 2691 1078 2743 distribuendas,
1106 2692 1188 2735 nisi
1212 2693 1249 2734 si
1266 2693 1445 2746 quando
1469 2692 1552 2734 erit
1569 2693 1710 2733 omni-

89 2779 146 2807 no
175 2766 496 2819 necessarium,
528 2773 572 2809 et
602 2766 646 2808 id
676 2768 855 2821 quidem
881 2781 982 2809 cum
1008 2768 1248 2823 superioris
1272 2767 1454 2822 speciali
1478 2768 1709 2812 facultate.

157 2959 174 2974 ἃ
223 2949 297 2983 Hic
326 2948 462 2984 titulus
489 2949 594 2995 prius
625 2949 792 2996 scriptus
823 2950 946 2984 fuerat
978 2955 1067 2984 ante
1097 2949 1393 2995 praecedentem
1414 2950 1710 2994 paragraphum.

91 3005 242 3042 Deinde
260 3008 334 3042 huc
353 3008 561 3043 translatus
581 3014 656 3043 est.
