2028 3426
350 279 418 324 498
824 278 979 313 PATms
1005 276 1249 312 HffiRoNYm
1276 275 1428 313 NADAL

303 381 379 424 tim
411 381 486 423 vbi
515 396 541 424 a
571 381 835 424 mulieribus
867 385 1103 421 vocantur:
1135 385 1232 420 tum
1262 392 1320 421 ne
1348 376 1584 420 inutilibus
1618 376 1753 420 rebus
1790 383 1939 420 terant

300 464 495 514 tempus,
523 466 617 500 tum
640 466 688 500 vt
716 454 1010 500 sacerdotalis
1037 453 1173 498 officii
1201 454 1354 498 debita
1382 453 1586 510 grauitas
1615 461 1932 506 conseruetur‚

298 541 347 577 vt
368 535 515 577 omnis
537 534 712 591 species
735 531 997 576 offensionis
1020 530 1236 584 euitetur,
1260 531 1333 573 vel
1354 530 1489 574 etiam
1514 530 1721 586 periculi.

386 612 583 655 Curetur
613 620 659 653 vt
687 610 916 653 silentium
950 615 1175 660 seruetur,
1212 622 1304 651 non
1336 608 1482 651 solum
1515 622 1572 651 ex
1608 607 1934 664 chirographo,

295 689 374 732 sed
397 689 531 731 etiam
554 696 601 730 vt
631 702 719 730 non
749 688 993 742 loquantur
1021 701 1099 742 per
1127 687 1310 734 domum
1340 692 1468 728 extra
1498 685 1816 737 recreationes,
1848 684 1935 728 nisi

295 780 452 820 parum
481 773 558 807 aut
589 763 861 826 necessario,
887 770 965 806 aut
987 777 1090 806 cum
1116 763 1348 814 facultate,
1375 769 1453 804 aut
1475 761 1521 805 in
1545 762 1682 805 rebus
1705 761 1936 805 litterariis

293 857 348 885 ex
371 842 571 897 generali
596 843 755 885 saltem
779 841 1010 893 facultate,
1037 847 1115 882 aut
1138 839 1440 883 consultando
1457 853 1590 882 casus
1608 837 1930 883 conscientiae.

294 918 514 962 Breuiter:
537 917 759 972 colloquia
778 916 1034 960 voluntaria
1054 931 1145 959 non
1161 917 1414 959 habeantur
1431 915 1477 958 in
1495 915 1571 958 tali
1594 923 1796 972 tempore
1818 915 1932 959 citra

293 996 552 1038 facultatem
578 995 837 1051 generalem
861 994 933 1038 vel
956 993 1292 1050 particularem.

378 1073 576 1128 Quando
598 1072 844 1115 schedulae
866 1070 1031 1115 silentii
1060 1071 1235 1114 dandae
1263 1069 1558 1123 videbuntur,
1591 1070 1636 1112 id
1663 1070 1742 1113 fiat
1775 1069 1933 1114 suaui-

290 1157 372 1202 ter,
397 1150 602 1192 docendo
625 1163 706 1192 cur
729 1149 909 1191 dentur:
936 1149 1060 1203 quod
1083 1148 1120 1191 si
1144 1154 1423 1204 compertum
1448 1147 1533 1192 erit
1554 1161 1631 1190 eas
1654 1161 1745 1190 non
1770 1147 1931 1192 obser-

288 1227 405 1278 uari,
450 1235 626 1282 praeter
662 1241 736 1277 ea,
779 1240 895 1281 quae
933 1225 1165 1269 adhibebit
1203 1232 1299 1267 tum
1337 1225 1423 1269 379
1462 1231 1650 1268 externa
1687 1223 1927 1280 disciplina

286 1303 547 1359 superioris,
581 1312 674 1346 tum
705 1311 882 1347 secreta
909 1310 955 1346 et
982 1301 1245 1346 confessarii
1273 1308 1319 1345 et
1348 1301 1551 1354 rectoris,
1583 1302 1770 1346 deberet
1799 1316 1927 1358 prae-

283 1381 481 1424 scribere
507 1388 654 1423 rector
678 1380 781 1432 illis,
807 1394 1000 1435 quorum
1022 1378 1311 1423 conuersatio
1334 1386 1468 1421 nocet
1490 1378 1559 1430 iis,
1587 1377 1663 1433 qui
1686 1378 1928 1421 schedulas

282 1466 571 1513 acceperunt,
598 1466 646 1500 vt
668 1457 943 1512 colloquium
966 1456 1169 1512 ipsorum
1198 1455 1358 1508 vitent,
1391 1456 1516 1510 quod
1545 1456 1631 1498 hoc
1661 1455 1796 1498 modo
1827 1454 1922 1498 dis-

282 1533 547 1577 simulanter
583 1533 681 1578 fieri
720 1534 900 1590 poterit,
940 1540 989 1575 vt
1027 1532 1064 1575 si
1102 1532 1203 1589 quis
1240 1532 1542 1577 conueniatur
1578 1539 1706 1576 extra
1745 1539 1925 1587 tempus

282 1611 588 1664 recreationis,
616 1612 887 1667 respondeat
909 1625 962 1653 ea
984 1612 1098 1653 hora
1120 1624 1168 1653 se
1192 1624 1281 1652 non
1306 1624 1438 1665 posse
1460 1608 1654 1664 colloqui
1671 1623 1727 1651 ex
1746 1609 1921 1665 regula:

280 1687 324 1730 in
348 1689 628 1732 recreatione
651 1701 778 1741 verO,
804 1687 841 1731 si
865 1703 955 1731 non
980 1688 1190 1742 loquatur
1214 1686 1277 1729 illi
1299 1686 1397 1739 soli,
1423 1687 1503 1730 sed
1526 1700 1679 1729 coram
1704 1685 1802 1728 aliis
1832 1700 1923 1729 vno

279 1772 357 1807 aut
379 1765 535 1808 altero.
564 1766 691 1808 Haec
715 1771 784 1809 est
807 1765 921 1807 ratio
943 1765 1118 1816 efficax,
1144 1762 1221 1805 vbi
1243 1763 1356 1806 alter
1379 1763 1512 1806 facile
1543 1761 1818 1819 colloquium
1849 1762 1921 1805 vi—

280 1849 360 1894 tat;
386 1842 461 1883 vbi
486 1850 662 1894 neuter,
689 1842 786 1885 aliis
809 1848 930 1885 esset
952 1840 1162 1884 remediis
1185 1840 1404 1882 Vtendum
1429 1839 1679 1896 aptioribus
1701 1846 1747 1882 et
1769 1839 1920 1883 acrio-

281 1918 425 1961 ribus.

733 2045 796 2075 DE
821 2044 1185 2075 VNIFORMITATE
1209 2043 1464 2073 SERUANDA

366 2151 501 2204 Quod
526 2151 581 2192 ad
605 2149 842 2193 inferiores
867 2157 1016 2193 vestes
1045 2149 1223 2201 attinet,
1250 2163 1342 2191 non
1372 2148 1614 2192 inducatur
1643 2148 1760 2192 ritus
1790 2149 1916 2192 clau-

277 2241 446 2269 sarum.
471 2227 561 2269 Sed
584 2226 774 2269 liberum
800 2226 855 2268 sit
877 2226 1057 2278 rectori,
1080 2233 1127 2268 vt
1150 2224 1376 2280 aliquibus
1398 2226 1508 2267 fiant
1531 2226 1714 2269 clausae
1737 2226 1793 2268 ad
1817 2239 1911 2268 ma-

275 2303 415 2346 iorem
442 2305 746 2347 honestatem.

361 2379 482 2423 Nihil
507 2379 613 2422 noui
637 2379 785 2435 operis
807 2379 1046 2422 instituant
1069 2387 1267 2424 rectores
1289 2381 1460 2436 absque
1482 2378 1774 2434 prouincialis
1793 2378 1911 2422 arbi-

272 2457 373 2509 trio,
401 2456 484 2499 nisi
509 2456 545 2499 si
569 2456 675 2512 quid
700 2463 768 2499 est
793 2456 919 2511 parui
946 2456 1179 2508 momenti,
1205 2464 1250 2499 et
1273 2455 1440 2511 alioqui
1468 2455 1555 2500 38⁰
1579 2455 1905 2500 necessarium.

272 2533 573 2576 Prouincialis
596 2547 703 2575 vero
732 2532 776 2574 in
806 2547 858 2575 ea
882 2547 929 2576 re
952 2532 1236 2576 considerate
1258 2540 1381 2588 agat3
1408 2540 1454 2576 et
1476 2532 1513 2576 si
1537 2532 1718 2588 quidem
1742 2532 1801 2575 sit
1825 2547 1906 2575 no-

271 2625 379 2652 uum
413 2610 654 2666 collegium
681 2608 1028 2660 aedificandum,
1060 2616 1310 2664 sequentur
1332 2608 1632 2665 prouinciales
1653 2609 1898 2665 exemplar,

269 2688 390 2741 quod
409 2686 518 2743 ipsis
535 2687 691 2728 datum
714 2694 800 2730 est.
820 2686 909 2729 Sed
933 2685 1057 2740 prius
1083 2693 1232 2729 tamen
1256 2685 1341 2729 erit
1359 2685 1447 2745 [ad]
1464 2693 1482 2711 ²
1499 2685 1805 2742 praepositum
1824 2699 1904 2742 ge-

270 2765 464 2807 neralem
490 2763 778 2806 scribendum
797 2762 853 2805 de
875 2761 1159 2804 institutione
1183 2761 1289 2804 noui
1312 2762 1524 2806 aedificii:
1551 2763 1671 2817 quod
1695 2762 1731 2806 si
1749 2777 1906 2806 exem-

268 2841 364 2895 plar
392 2855 481 2883 non
515 2841 735 2891 habeant,
768 2838 879 2881 illud
909 2845 1062 2894 petant
1090 2854 1115 2881 a
1143 2839 1345 2894 generali
1377 2840 1651 2896 praeposito,
1684 2840 1739 2882 ad
1768 2854 1902 2894 quem

266 2917 401 2960 etiam
428 2918 550 2973 prius
569 2917 766 2960 referent
785 2916 841 2958 de
860 2914 1022 2971 quouis
1041 2929 1162 2958 nouo
1179 2915 1401 2969 aedificio,
1422 2916 1478 2958 ad
1496 2917 1619 2971 quod
1637 2915 1904 2959 iudicabunt

314 3094 329 3109 ί·
381 3085 514 3119 omiss.
537 3083 574 3118 in
597 3094 667 3119 ms.
