2028 3426
727 213 1154 251 INs‘rRUC'rioNEs—61
1636 212 1705 257 573

124 327 192 362 est
229 308 489 362 alia'media
512 319 623 360 hora
652 316 940 372 quotidianae
977 315 1192 358 orationis
1221 314 1500 370 praescripto
1528 322 1749 370 tempore,

123 395 504 450 quemadmodum
527 394 714 437 concedi
736 400 784 435 vt
807 393 1109 435 confiteantur
1126 389 1201 448 [et]
1220 399 1236 415 ἃ
1259 391 1594 434 communicent
1612 392 1750 433 semel

124 472 241 514 intra
261 471 606 514 hebdomadam.
640 469 732 513 Alii
769 470 830 523 id,
871 470 994 524 quod
1031 468 1256 510 ordinarie
1294 474 1363 509 est
1400 467 1744 522 praescriptum,

123 555 385 603 sequantur.
407 548 498 591 Sed
521 547 973 590 animaduertendum
996 552 1064 588 est
1087 544 1186 586 illos
1210 545 1324 586 duos
1356 546 1496 586 horae
1524 544 1750 597 quadran-

125 633 207 677 tes,
234 624 310 679 qui
333 624 617 668 examinibus
640 623 920 673 tribuuntur,
945 637 1036 664 non
1060 635 1248 664 necesse
1272 636 1386 671 esse,
1415 627 1532 662 totos
1555 620 1746 662 examini

122 701 233 754 dari3
259 702 354 753 sed,
381 702 501 743 facto
524 700 769 744 sufficienti
791 699 1012 751 examine,
1039 699 1076 741 si
1099 698 1208 753 quid
1229 697 1423 753 supersit
1448 696 1676 751 temporis,
1703 697 1747 737 id

122 779 250 821 alteri
272 778 463 820 orationi
486 777 683 833 impendi
702 784 865 832 potest,
887 776 1149 831 praesertim
1173 774 1191 799 ἶ)
1212 775 1258 816 in
1283 781 1408 816 tanta
1426 773 1748 816 exercitatione

122 862 167 899 et
190 854 443 910 frequentia
465 854 763 898 examinandi.
790 853 925 896 Dedit
952 860 1111 908 postea
1133 852 1334 894 secunda
1352 850 1647 906 congregatio
1665 864 1745 905 ge-

121 931 284 974 neralis
306 932 566 975 facultatem
596 930 795 986 generali
825 929 1082 986 praeposito
1106 928 1306 984 augendi
1333 930 1418 969 hoc
1450 935 1642 982 tempus;
1671 927 1749 968 ad-

120 1008 235 1050 didit.
254 1008 316 1050 illi
339 1007 570 1050 dimidiam
596 1009 754 1050 horam
784 1010 809 1050 ¹.

206 1090 288 1131 553
320 1084 479 1128 Oratio
502 1084 559 1127 sit
587 1084 757 1127 vocalis
785 1092 864 1126 aut
893 1083 1116 1134 mentalis,
1149 1089 1284 1138 prout
1323 1081 1746 1137 superintendentes

96 1161 215 1205 ·eius
244 1161 389 1216 magis
417 1161 660 1203 conuenire
698 1160 892 1204 viderint
915 1159 1161 1214 unicuique
1200 1157 1516 1214 particulatim.
1549 1158 1686 1211 Quod
1709 1157 1745 1199 si

120 1238 288 1282 vocalis
311 1238 462 1290 fuerit,
487 1237 544 1280 sit
579 1237 806 1281 ordinarie
827 1238 884 1280 de
907 1236 1033 1279 horis
1057 1238 1109 1279 Β.
1137 1234 1357 1291 Virginis3
1390 1234 1427 1277 si
1450 1241 1600 1277 autem
1625 1233 1746 1275 ordi-

118 1314 244 1358 narie
266 1330 357 1357 non
379 1315 436 1357 sit
459 1314 643 1366 vocalis,
669 1315 747 1357 fiat
771 1321 919 1356 tamen
938 1313 1139 1369 quotidie
1162 1312 1311 1367 aliqua
1334 1311 1502 1354 vocalis
1525 1311 1684 1355 oratio.

208 1393 433 1434 Horarum
458 1387 510 1434 Β.
538 1390 741 1446 Virginis
778 1405 882 1446 pars
917 1389 1083 1446 poterit
1104 1389 1193 1432 dici
1230 1389 1276 1430 in
1300 1388 1451 1440 missa,
1484 1387 1743 1442 praesertim

119 1468 194 1510 vbi
216 1482 306 1510 non
330 1468 513 1510 auditur
535 1467 672 1510 missa
694 1483 749 1510 ex
767 1474 1010 1523 praecepto
1027 1466 1261 1517 ecclesiae,
1282 1472 1328 1508 et
1346 1466 1555 1508 sacerdos
1573 1472 1748 1507 secrete

118 1552 231 1597 orat3
259 1533 375 1600 quae
397 1559 506 1588 vero
528 1545 619 1586 alta
655 1558 767 1586 voce
789 1545 844 1586 ab
873 1558 927 1587 eo
964 1543 1194 1594 dicuntur,
1236 1557 1289 1584 ea
1311 1548 1484 1585 attente
1508 1556 1557 1583 ac
1582 1542 1750 1583 deuote

119 1620 276 1664 audire
293 1627 488 1675 oportet.

203 1696 300 1739 Erit
321 1697 429 1741 vtile
449 1697 495 1739 in
517 1696 673 1752 primis
695 1710 785 1751 quo
807 1696 1041 1739 collectius
1062 1710 1114 1738 ac
1137 1694 1347 1739 deuotius
1376 1708 1570 1744 oremus,
1608 1693 1745 1735 maio-

116 1774 240 1828 rique
262 1788 365 1816 cum
390 1774 556 1821 fructu,
582 1773 619 1816 si
642 1772 1002 1828 praeparationes
1020 1771 1381 1828 praemittantur,
1404 1785 1515 1824 quas
1534 1769 1742 1813 exercitia

114 1850 427 1905 praescribunt
450 1849 496 1891 in
514 1849 882 1892 annotationibus
900 1849 1069 1904 primae
1087 1848 1413 1899 hebdomadae,
1435 1854 1529 1888 turn
1548 1846 1746 1901 vesperi,

115 1934 209 1969 turn
233 1942 382 1979 mane,
410 1934 504 1968 tum
529 1927 662 1982 paulo
686 1932 791 1970 ante
814 1925 1081 1968 orationem.

201 2004 395 2046 Fructus
417 2002 659 2059 spiritualis
681 2002 822 2057 accipi
842 2009 987 2057 potest
1005 2016 1062 2045 ex
1081 2001 1148 2053 iis,
1171 2016 1286 2056 quae
1303 2001 1349 2042 in
1372 2000 1644 2044 lectionibus
1660 2004 1747 2046 554

112 2088 157 2122 et
179 2079 477 2122 concionibus
499 2079 760 2131 audiuntur,
786 2080 857 2122 vel
879 2078 926 2120 in
949 2078 1201 2130 refectorio,
1227 2078 1299 2121 vel
1321 2077 1366 2119 in
1390 2077 1594 2129 ecclesia3
1629 2083 1746 2119 tem-

113 2171 198 2211 pus
226 2156 359 2200 etiam
382 2155 562 2199 dabitur
583 2155 808 2208 omnibus,
834 2156 955 2210 quod
977 2155 1085 2198 satis
1107 2155 1180 2208 sit,
1207 2162 1255 2196 vt
1277 2169 1377 2198 sese
1400 2154 1615 2209 colligant
1638 2161 1743 2195 ante

112 2233 440 2276 confessionem
462 2232 622 2275 diebus
643 2232 833 2274 sabbati.
859 2231 1032 2274 Diebus
1055 2246 1162 2274 vero
1184 2230 1422 2273 dominicis
1445 2231 1739 2284 quadrantem

112 2323 251 2350 vnum
270 2311 407 2352 horae
424 2309 657 2351 habebunt
675 2311 835 2351 tratres
852 2315 955 2350 ante
974 2307 1171 2359 missam,
1193 2307 1238 2349 in
1257 2322 1345 2362 qua
1363 2313 1469 2349 sunt
1492 2305 1718 2348 communi

113 2377 280 2438 caturi,‘
304 2393 350 2429 et
382 2387 571 2428 alterum
605 2392 704 2440 post
738 2392 970 2440 acceptam
991 2377 1384 2433 ‘communionem3
1411 2392 1456 2426 et
1478 2384 1599 2424 hunc
1632 2396 1744 2436 qua-

113 2462 315 2505 drantem
340 2470 415 2504 2.m
438 2461 690 2517 transigent
713 2461 845 2503 simul
869 2461 1025 2505 eodem
1048 2460 1094 2502 in
1118 2461 1232 2512 loco,
1258 2459 1334 2501 vbi
1352 2457 1743 2507 communicarint‚

183 2644 200 2660 a
225 2632 376 2670 Omiss.
400 2633 439 2668 in
459 2645 531 2668 ms.
583 2635 651 2660 -b
679 2634 790 2679 Quae
807 2632 1062 2678 praecedunt,
1077 2632 1182 2678 prius
1201 2631 1254 2666 ita
1269 2631 1306 2666 in
1329 2630 1424 2666 Cod.
1448 2631 1573 2674 Vatic.
1592 2640 1609 2673 ς
1625 2630 1742 2664 habe-

111 2693 217 2730 bant:
237 2704 359 2738 neque
374 2693 480 2728 enim
496 2695 602 2727 totus
616 2693 823 2737 quadrans
837 2691 1018 2726 examini
1036 2694 1091 2726 est
1111 2691 1283 2731 dandus,
1302 2690 1381 2724 uisi
1396 2689 1513 2736 parti
1531 2688 1746 2731 examinis,

112 2763 211 2796 quae
237 2751 478 2798 gratiarum
502 2752 666 2792 actioni,
687 2751 748 2785 vel
779 2750 973 2793 orationi,
993 2750 1054 2785 vel
1084 2750 1205 2785 etiam
1233 2747 1503 2794 poenitentiae
1531 2747 1743 2793 indulgere

118 2809 205 2855 quis
221 2811 318 2845 velit
333 2810 547 2856 prolixiu&

184 2960 195 2980 ¹
248 2958 348 2993 Vide
366 2969 495 3004 supra,
518 2970 606 3004 pag.
627 2967 712 3003 250,
731 2963 865 2994 annot.
888 2965 920 3003 13
941 2962 979 2992 et
999 2957 1201 2999 ASTRMN,
1221 2957 1299 2990 loc.
1319 2955 1401 2999 eit.,
1418 2956 1493 2990 vol.
1513 2955 1563 3000 11,
1583 2955 1649 2990 lib.
1670 2955 1744 2999 ΙΙΙ,

114 3026 199 3063 cap.
215 3017 261 3062 11,
279 3029 316 3053 n.
338 3024 393 3062 11,
410 3016 475 3052 ubi
491 3017 540 3052 de
555 3016 687 3052 orandi
706 3016 854 3052 ratione
869 3028 890 3050 a
905 3015 1100 3050 Societate
1121 3018 1301 3059 usurpata
1317 3013 1511 3059 praeclare
1525 3012 1741 3049 disseritur.
