2101 3416
686 574 1135 627 PRAEFATIO

193 780 310 821 Cum
333 777 378 819 in
405 775 578 820 Natalis
600 775 816 832 epistolis,
841 789 952 829 quas
970 773 1130 829 triplici
1147 773 1375 817 volumine
1393 776 1604 818 collectas
1623 789 1725 831 per-

100 854 407 911 vulgavimus,
434 859 715 895 caeterorum
745 852 946 906 ejusdem
975 849 1174 893 auctoris
1202 859 1598 894 monumentorum
1636 853 1729 894 fre-

104 939 296 987 quenter
318 929 487 973 mentio
509 929 604 979 fiat,
630 937 675 970 et
698 927 855 969 intima
886 927 1152 982 plerumque
1182 926 1297 969 inter
1325 927 1422 970 illas
1450 928 1662 982 epistolas
1683 936 1728 971 et

107 1011 219 1050 haec
242 1012 534 1049 monumenta
556 1003 778 1047 connexio
816 1003 1081 1054 intercedat,
1107 1017 1270 1058 operae
1296 1004 1490 1058 pretium
1519 1004 1730 1047 duximus

104 1083 284 1141 egregii
314 1083 432 1124 illius
470 1081 553 1123 viri
592 1080 833 1137 praecipua
869 1079 1052 1135 scripta,
1078 1093 1160 1122 ceu
1198 1079 1487 1134 epistolarum
1511 1080 1731 1135 optimum

107 1161 507 1216 complementum,
533 1157 578 1199 in
601 1159 689 1199 hoc
713 1163 874 1212 quarto
895 1163 939 1198 et
964 1155 1122 1198 ultimo
1149 1156 1378 1199 volumine
1407 1156 1636 1200 exhibere.
1664 1159 1732 1200 De

112 1237 182 1279 his
204 1244 354 1280 autem
378 1235 556 1290 scriptis
579 1234 706 1290 prius
729 1233 947 1276 nonnulla
975 1232 1224 1288 generatim
1254 1232 1546 1288 attingemus,
1569 1241 1618 1275 ut
1639 1241 1733 1276 sta-

111 1314 190 1356 tim
230 1314 287 1356 de
324 1312 531 1367 singulis,
564 1311 721 1354 saltem
752 1324 859 1352 vero
896 1310 952 1351 de
990 1308 1256 1365 praecipuis,
1296 1309 1557 1365 singillatim
1591 1310 1732 1354 disse-
1766 1295 1771 1300 “

108 1404 274 1433 ramus.

198 1467 268 1509 Ac
311 1466 454 1521 primo
498 1463 679 1519 quidem
724 1464 915 1506 lectores
953 1470 1130 1505 nostros
1168 1477 1350 1505 monere
1387 1464 1605 1507 debemus
1644 1479 1732 1506 non

110 1543 260 1586 omnia
293 1541 465 1585 Natalis
494 1541 660 1596 scripta
690 1556 715 1583 a
743 1540 872 1582 nobis
910 1540 1181 1595 evulganda;
1214 1541 1353 1582 multa
1391 1541 1574 1592 etenim,
1600 1555 1731 1595 quae,

112 1620 207 1663 sive
229 1619 345 1662 inter
367 1625 521 1661 nostra
544 1619 859 1661 MONUMENTA
882 1601 1102 1672 prodiere,
1131 1624 1178 1658 ut
1207 1618 1390 1658 Natalis
1417 1617 1721 1672 ephemerides

112 1697 246 1739 Ratio
267 1696 536 1746 studiommz,
559 1695 781 1750 Apologia
804 1695 853 1735 in
875 1694 1089 1735 exercitia
1115 1695 1173 1735 P.
1195 1695 1384 1750 Ignatii,
1403 1701 1449 1736 et
1471 1693 1555 1737 alia
1577 1695 1736 1749 hujus-

113 1773 248 1825 modi;
276 1786 356 1814 seu
379 1771 483 1815 alibi
508 1770 626 1827 typis
650 1771 860 1813 mandata
883 1776 1005 1823 sunt,
1033 1777 1082 1812 ut
1103 1770 1414 1813 Meditationes
1435 1772 1482 1812 in
1499 1772 1735 1828 evangelia

112 1856 157 1891 et
179 1849 357 1891 Scholia
380 1850 430 1889 in
453 1848 802 1898 constitutiones,
832 1846 877 1888 in
906 1848 990 1889 hac
1019 1846 1133 1889 serie
1161 1847 1558 1902 praetermittenda
1587 1848 1741 1891 existi-

113 1925 353 1969 mavimus.
857 1982 859 1985 ι
1220 1984 1223 1988 ¹

205 2004 388 2044 Praeter
419 2003 548 2053 haec,
583 2001 724 2042 multa
756 2000 858 2051 alia,
884 2014 999 2054 quae
1027 1999 1073 2041 in
1106 1999 1296 2043 diversis
1328 2001 1560 2043 tabulariis
1593 2016 1741 2045 asser-

111 2086 295 2130 vantur,
323 2079 490 2133 scripta
514 2076 766 2133 posteritati
790 2075 968 2131 reliquit
991 2084 1203 2120 strenuus
1235 2076 1308 2119 ille
1330 2077 1494 2133 Ignatii
1517 2078 1560 2119 in
1584 2078 1739 2122 Socie—

119 2163 209 2198 tate
238 2154 501 2197 stabilienda
542 2163 586 2196 et
626 2153 874 2195 ordinanda
913 2152 1174 2196 administer
1200 2153 1512 2208 Hieronymus
1549 2155 1739 2199 Natalis.

121 2232 266 2274 Nemo
296 2229 414 2272 enim
444 2229 520 2271 illo
557 2227 820 2284 diligentius
858 2237 935 2270 aut
963 2229 1219 2271 accuratius
1241 2229 1285 2270 in
1316 2231 1450 2272 rebus
1487 2231 1742 2286 primaevae

121 2307 359 2351 Societatis
381 2306 540 2348 litteris
565 2305 831 2347 mandandis
852 2305 1088 2348 laboravit.
1115 2305 1206 2360 Qui
1223 2320 1327 2348 curn
1345 2306 1526 2350 aliunde
1547 2308 1740 2363 Ignatio,

121 2383 278 2426 Lainio
312 2391 356 2427 et
395 2382 578 2438 Borgia,
605 2381 758 2437 primis
789 2381 1028 2425 Societatis
1058 2382 1429 2434 moderatoribus,
1470 2383 1744 2426 familiariter

120 2460 363 2502 admodum
395 2473 506 2501 usus
535 2458 685 2510 fuerit,
712 2459 767 2500 ab
797 2457 940 2512 iisque
970 2458 1014 2524 in
1053 2459 1293 2502 Societatis
1321 2459 1539 2515 regimine
1567 2468 1612 2503 et
1640 2475 1743 2516 pro—

121 2535 370 2578 vinciarum
393 2534 672 2590 inspectione
695 2533 953 2589 saepissime
975 2534 1222 2587 adhibitus,
1250 2535 1387 2578 totius
1417 2536 1586 2579 ordinis
1614 2536 1744 2580 insti-

127 2618 238 2664 tuta,
264 2613 462 2668 regulas,
494 2610 863 2662 consuetudines,
897 2611 1174 2665 traditiones,
1214 2612 1472 2667 diplomata,
1498 2614 1617 2668 jura,
1650 2615 1743 2656 col-

122 2689 256 2744 legia,
289 2688 558 2744 provincias,
591 2687 816 2742 regiones,
849 2687 1098 2741 historiam,
1133 2696 1180 2730 ut
1219 2689 1294 2744 qui
1328 2689 1536 2743 maxime,
1567 2705 1744 2745 perspe-

15 2813 19 2816 ,
124 2772 196 2808 cta
217 2773 261 2808 et
283 2765 464 2820 cognita
481 2764 658 2807 habuit.

214 2841 298 2883 His
322 2842 436 2883 adde
459 2855 655 2882 amorem
681 2855 790 2895 erga
807 2842 917 2897 Jesu
943 2841 1231 2893 Societatem,
1257 2856 1346 2896 quo
1374 2857 1552 2898 semper
1575 2843 1647 2886 ille
1670 2845 1745 2886 fla-

68 2930 74 2933 ‘
126 2917 289 2972 gravit,
310 2917 606 2971 ‘studiumque
629 2916 902 2959 indefessum
928 2918 1132 2961 eamdem
1157 2918 1338 2961 fovendi
1361 2926 1406 2960 et
1429 2919 1743 2974 amplificandi,

124 3007 216 3046 quo
239 3008 316 3049 per
339 2994 525 3049 triginta
549 3001 592 3036 et
617 2993 807 3048 amplius
831 3008 973 3036 annos
996 2994 1080 3036 sub
1104 3002 1298 3049 quatuor
1320 2995 1585 3051 praepositis
1607 3010 1748 3052 gene-
