2028 3426
381 285 447 318 162
853 281 1008 317 PATms
1034 281 1282 316 Hmnonnn
1309 278 1459 315 NADAL

404 390 654 427 abiectio.
719 385 788 427 De
811 382 1092 439 obligatione
1116 395 1206 423 non
1230 387 1405 433 mutua,
1429 387 1519 424 etc.

403 467 714 512 Responsio.
776 462 846 503 De
868 459 954 510 his,
980 473 1096 514 quae
1120 459 1176 500 ad
1204 458 1339 500 finem
1374 472 1517 513 usque
1549 456 1688 501 huius
1713 457 1831 501 tituli
1859 457 1970 502 scri·-

333 541 520 592 buntur,
545 554 599 582 eo
623 538 753 581 nobis
783 537 958 580 facilius
986 544 1055 579 est
1093 535 1383 591 respondere,
1425 530 1546 592 quod
1575 534 1620 577 id
1649 549 1890 591 possumus
1911 549 1975 585 eg

333 616 540 660 instituto
564 630 643 672 per
660 615 812 659 sedem
838 612 1128 670 apostolicam
1149 611 1298 663 totieS,
1319 626 1399 668 per
1415 611 1658 655 concilium
1676 611 1811 655 etiarn
1829 616 1970 666 occu-j

335 693 563 737 menicum
601 692 884 735 confirmato.
928 691 1086 744 Itaque
1114 695 1183 732 sat
1211 688 1312 741 erit,
1352 688 1391 732 si
1413 703 1506 732 rem
1539 688 1683 745 ipsam
1713 703 1967 737 narremus.
2026 706 2027 714 ¹

331 772 447 815 Sunt
469 769 609 826 igitur
632 767 851 824 simplicia
876 767 919 809 in
960 766 1190 811 Societate
1224 773 1345 818 vota,
1373 766 1459 809 272
1491 781 1608 822 quae
1631 765 1709 822 qui
1731 765 1970 822 emittunt,¹
2008 814 2010 817 ,

331 847 384 890 iis
408 854 636 897 tenentur,
669 846 814 888 donec
843 844 879 886 si
909 858 1108 898 vnquam
1138 858 1194 886 ex
1223 857 1361 886 causa
1389 859 1414 886 a
1444 842 1673 888 Societate
1710 842 1971 887 dimittendi:

332 924 557 967 uidentur.
585 923 736 978 Quod,
764 921 839 963 ubi
870 920 1039 972 euenit,
1079 920 1174 963 suis
1196 919 1314 963 votis
1352 919 1635 976 simplicibus
1671 919 1808 964 soluti
1837 906 1961 965 sunt}

330 1016 385 1044 ex
408 1000 575 1044 eisdem
600 999 706 1043 item
731 998 877 1041 causis
900 996 1064 1039 dimitti
1086 1004 1292 1054 possunt,
1319 997 1396 1052 qui
1420 1006 1526 1040 uota
1551 996 1791 1042 ediderunt
1813 998 1977 1051 solen÷

331 1077 418 1119 nia:
446 1092 538 1120 non
558 1076 662 1119 facit
682 1084 829 1118 tamen
847 1074 892 1116 in
912 1073 983 1117 his
1000 1073 1217 1126 dimissio,
1239 1081 1289 1116 ut
1306 1074 1392 1117 illis
1410 1074 1529 1117 uotis
1547 1073 1637 1117 sint
1654 1073 1807 1141 soluti.
1829 1062 1978 1131 Tem-'3

331 1169 414 1210 pus
434 1168 557 1205 uero,
579 1168 667 1195 non
688 1151 980 1208 professionis
997 1152 1161 1205 solum,
1175 1152 1255 1195 sed
1274 1166 1363 1207 quo
1383 1158 1623 1195 teneantur
1640 1151 1714 1195 alii
1732 1159 1837 1196 vota
1853 1151 1937 1195 sim

330 1231 461 1287 plicia
485 1231 662 1281 aedere,
690 1237 739 1271 ut
768 1228 1019 1281 minimum,
1049 1235 1117 1273 est
1146 1236 1248 1284 post
1278 1236 1488 1273 exactum
1504 1228 1737 1272 biennium
1753 1228 1800 1271 in
1830 1228 1953 1272 noui-

330 1308 441 1350 tiat'u
466 1316 510 1351 et
534 1307 631 1350 aliis
654 1305 1011 1362 probationibus.
1034 1307 1171 1361 Quod
1195 1313 1374 1362 tempus
1397 1314 1566 1358 tamen,
1591 1306 1665 1349 cui
1693 1305 1961 1363 praesertim
2018 1315 2019 1318 ’

327 1385 546 1441 professio
569 1392 637 1427 est
660 1384 969 1435 concedenda,
990 1384 1103 1427 solet
1125 1383 1324 1435 extendi,
1349 1383 1386 1426 si
1404 1383 1467 1426 ita
1490 1399 1546 1427 ex
1569 1398 1655 1426 usu
1684 1397 1785 1427 esse
1806 1383 1940 1427 uidea
1964 1404 1969 1414 ν

329 1470 416 1514 tur,
445 1470 488 1505 et
513 1461 565 1504 iis
588 1461 786 1516 quidem,
813 1460 890 1516 qui
913 1460 1075 1505 litteris
1097 1461 1207 1503 dant
1231 1475 1432 1517 operam,
1460 1474 1484 1516 3
1509 1475 1652 1504 annos
1674 1460 1867 1517 amplius
1888 1459 1966 1504 in-‘

327 1538 493 1582 dicitur
515 1546 616 1594 post
639 1537 802 1581 studia.
832 1537 1114 1594 Praecipitur
1136 1538 1256 1582 enim
1275 1538 1320 1580 in
1339 1539 1531 1581 formula
1549 1537 1761 1591 instituti,
1786 1553 1844 1582 ne
1861 1537 1938 1594 qui

324 1617 378 1658 ad
403 1615 726 1671 professionem
750 1614 1008 1670 recipiatur,
1035 1614 1120 1658 nisi
1142 1614 1370 1657 diuturnis
1392 1622 1436 1657 et
1473 1614 1832 1672 diligentissimis
1855 1629 1970 1671 pro-
1995 1608 1998 1630 ³

327 1692 585 1734 bationibus
608 1691 706 1735 eius
730 1691 823 1734 uita
846 1699 891 1734 et
913 1691 1120 1734 doctrina
1144 1692 1376 1748 explorata
1409 1691 1560 1735 fuerit.
1594 1693 1751 1747 Itaque
1779 1691 1934 1735 contin
1986 1681 1998 1745 ,⁷

325 1784 434 1825 gere
457 1770 588 1812 facile
612 1777 775 1825 potest,
805 1777 853 1812 ut
875 1779 981 1812 sunt
1003 1769 1236 1812 hominum
1263 1769 1388 1813 uaria
1410 1769 1610 1826 ingenia,
1636 1768 1802 1812 diuersi
1821 1768 1970 1813 etiam

328 1846 643 1901 probationum
682 1853 893 1899 euentus,
935 1846 1108 1889 tardius
1146 1847 1202 1889 ad
1239 1846 1566 1904 professionem
1604 1830 1819 1889 idoneum

328 1939 465 1965 unum
493 1923 633 1966 uideri
656 1938 791 1978 quam
815 1923 967 1966 alium.
996 1925 1062 1966 Ex
1085 1925 1171 1966 hoc
1194 1924 1322 1967 breui
1345 1923 1615 1979 compendio
1642 1922 1836 1979 intelligi
1858 1929 1954 1979 pot·

324 2010 391 2043 est
415 2001 523 2055 quid
546 2002 601 2044 de
625 2000 744 2044 uotis
766 2000 1045 2057 simplicibus
1068 2008 1113 2044 et
1135 2015 1291 2055 eorum
1315 2000 1609 2057 obligatione;
1635 1999 1745 2056 quid
1773 2000 1830 2044 de
1853 2014 1954 2062 pro

328 2077 520 2120 sessione
544 2078 587 2119 in
612 2077 820 2120 instituto
854 2079 1018 2122 habeat
1041 2078 1260 2122 Societas:
1301 2078 1467 2133 quibus
1495 2078 1552 2120 de
1575 2078 1712 2120 rebus
1745 2076 1955 2132 quamu'
1988 2078 2005 2115 .’

325 2154 532 2197 dubitare
555 2169 645 2197 non
669 2154 910 2210 possimus,
937 2162 1038 2211 post
1067 2155 1188 2199 sedis
1217 2155 1493 2210 apostolicae
1522 2162 1567 2197 et
1595 2153 1822 2210 generalis
1847 2167 1955 2196 con*
1986 2143 1989 2149 Ι

325 2230 414 2272 cilii
439 2231 778 2284 authoritatem,
810 2232 954 2288 parati
983 2246 1142 2275 sumus
1173 2239 1323 2275 tamen
1351 2232 1408 2275 ad
1431 2232 1706 2276 reddendam
1737 2231 1912 2274 ratione
1952 2276 1954 2279 f

326 2307 474 2350 cuiuis
493 2307 717 2363 poscenti,
744 2308 780 2350 si
804 2308 912 2364 quid
936 2308 1080 2354 fusius
1103 2309 1376 2366 explicatum
1401 2315 1606 2365 oporteat
1631 2309 1660 2351 ¹.

934 2428 940 2484 Ι
968 2441 1110 2471 CIRCA
1143 2440 1372 2471 REGULAM

398 2543 644 2580 obiectio.
709 2540 846 2594 Quod
870 2554 925 2582 ex
949 2541 1107 2594 regula
1129 2539 1296 2584 debent
1318 2547 1471 2596 petere
1494 2547 1665 2596 partem
1681 2555 1707 2582 a
1724 2538 1938 2599 fratribus
1952 2580 1953 2583 ,
1972 2523 1987 2550 '7

325 2624 369 2658 et
394 2617 500 2659 dare
524 2615 759 2660 Societati.
1883 2615 1885 2617 ’

396 2698 707 2741 Responsio.
771 2695 832 2736 Vt
849 2693 1057 2749 superius
1075 2693 1326 2750 attigimus,
1347 2693 1542 2736 muniuit
1559 2692 1783 2737 Dominus
1800 2694 1856 2736 de
1873 2706 1941 2736 su
1980 2704 1982 2715 ¹

325 2769 563 2812 clementia
582 2769 825 2814 Societatis
843 2778 1154 2826 paupertatem
1171 2772 1228 2814 ab
1245 2770 1584 2827 imperfectione
1596 2778 1640 2816 et
1653 2770 1855 2827 periculo
1872 2783 1942 2812 cu>

326 2845 541 2900 piditatis.
567 2846 932 2890 Animaduertite
957 2862 1080 2899 uero,
1101 2847 1230 2891 Illmi.
1251 2847 1436 2902 domini,
1458 2847 1567 2903 quid
1583 2847 1714 2890 nobis
1732 2847 1945 2903 impinga
1973 2843 1982 2895 ’.

324 2931 409 2964 tur.
440 2923 602 2967 Videte
633 2937 754 2966 nunc
774 2924 881 2978 quid
901 2939 983 2968 nos
1011 2925 1056 2967 in
1085 2938 1113 2978 4
1130 2924 1278 2981 capite
1291 2924 1526 2977 examinis,
1544 2924 1591 2967 in
1609 2925 1678 2980 3.²
1707 2925 1773 2968 69ι
1790 2931 1836 2969 et
1863 2935 1949 2974 Ιο.Ι
1971 2954 1984 2996 ζ

395 3031 403 3048 ¹
457 3028 520 3064 Cf.
541 3028 882 3074 RissADENEmAM,
905 3031 963 3066 De
982 3030 1142 3066 ratione
1169 3030 1348 3067 instituti
1371 3030 1580 3066 Societatis
1593 3031 1708 3078 Jesu,
1732 3041 1843 3078 caps.
1864 3027 1933 3065 XI
1964 3022 1978 3066 ὲ

328 3092 432 3126 XIX.
1928 3096 1932 3100 '
