2028 3426
283 240 351 283 870
858 239 996 274 EPIST.
1026 239 1069 273 P.
1098 239 1249 274 NADAL

236 341 413 397 priuato
439 348 587 383 tamen
614 341 832 396 theologo
855 340 1027 393 vtilem‚
1060 355 1153 384 non
1182 341 1318 384 etiam
1349 342 1667 388 necessariam.
1694 345 1870 401 Vulga=

232 427 321 460 tam
357 417 603 461 editionem
647 431 731 473 pro
764 425 1062 461 sacrosancta
1092 418 1249 463 haberi
1279 427 1504 475 oportere.
1530 420 1578 465 Si
1607 421 1715 476 quid
1737 436 1868 478 prae-

231 506 351 539 terea
380 494 511 546 lucis,
545 494 623 549 qui
654 493 869 538 hebraice
898 495 1051 538 sciunt
1080 504 1125 540 et
1155 510 1345 552 graece,
1378 512 1434 540 ex
1467 497 1587 542 veris
1615 499 1869 555 prototypis

230 573 567 624 nanciscantur,
593 571 638 614 id
662 579 710 614 vt
749 573 954 615 conferat
978 574 1035 615 ad
1064 573 1377 617 illustrandam
1410 575 1659 631 vulgatam,
1693 589 1781 618 non
1811 578 1866 620 ad

233 664 396 693 novam
416 649 670 692 versionem
689 651 1102 693 commentandam.
1131 650 1354 695 Breuiter:
1377 651 1547 708 linguis
1569 652 1642 692 241
1660 659 1862 707 vtantur,

226 736 439 782 tanquam
469 726 810 782 interpretibus,
836 727 892 768 ad
925 726 1260 772 ecclesiasticae
1283 742 1335 770 ac
1373 728 1627 772 communis
1654 729 1865 773 editionis

223 803 568 860 expositionem.
597 803 721 858 Quid
745 803 905 860 igitur?
929 804 1058 847 Dico:
1086 819 1175 848 non
1200 812 1270 849 est
1292 805 1483 850 verbum
1507 806 1666 861 hiphil,
1696 821 1863 864 cogno-

222 884 284 934 ni,
303 883 389 924 hoc
420 882 537 933 loco;
570 889 615 923 et
646 889 797 925 tamen
830 883 1019 924 verbum
1050 885 1110 940 ’ψ
1142 882 1429 939 interpretari
1459 884 1515 926 ad
1540 883 1760 928 rationem
1790 885 1862 927 Izi-

212 960 325 1014 phil,
359 967 406 1000 vt
438 958 548 1001 alias
577 959 692 1002 solet
722 959 766 1000 in
797 959 1049 1015 scripturis.
1090 959 1233 1004 Simul
1263 967 1308 1004 et
1338 960 1449 1002 illud
1477 961 1617 1004 addo:
1651 960 1862 1017 simplici—

220 1044 287 1080 ter
308 1036 522 1091 explicari
546 1050 679 1091 posse
709 1051 841 1078 mmet
861 1038 965 1090 scio,
990 1046 1040 1079 ut
1069 1037 1126 1080 sit
1154 1037 1437 1082 aeternitatis
1467 1038 1578 1080 illud
1607 1053 1730 1081 nunc
1757 1053 1860 1095 per-

220 1123 421 1169 petuum.
445 1114 582 1168 Quod
600 1113 637 1156 si
658 1128 779 1156 nunc
802 1114 1018 1170 tem'poris
1040 1129 1139 1159 esse
1163 1115 1305 1158 instas
1327 1123 1360 1169 ³,
1381 1115 1662 1172 coniungere
1684 1123 1859 1159 vtrum-

216 1205 304 1245 que
335 1205 458 1232 nunc
485 1206 750 1246 possumus:
779 1191 822 1233 in
855 1206 972 1244 meo,
1007 1191 1168 1247 inquit,
1195 1192 1324 1235 hodie
1353 1200 1538 1237 aeterno
1567 1192 1677 1246 scio;
1705 1201 1857 1237 tamen

216 1268 277 1310 illi
301 1269 430 1310 hodie
459 1269 546 1310 hoc
578 1283 699 1310 nnnc
730 1276 1071 1324 temporaneum
1102 1269 1349 1325 coniungo,
1377 1284 1457 1326 pro
1479 1272 1566 1313 hoc
1589 1270 1709 1313 enirn
1734 1285 1859 1314 nunc

214 1348 335 1401 quod
360 1346 518 1389 timeas
541 1345 786 1388 Dominum
811 1345 856 1388 in
880 1360 980 1389 mea
1007 1346 1015 1397 Ι
1042 1346 1311 1390 aeternitate
1330 1354 1550 1403 perpetuo
1572 1349 1854 1404 contempla—

214 1432 286 1466 tus
318 1438 443 1475 sum3
469 1431 527 1478 χαὶ
556 1435 662 1464 ταῦτα
689 1429 750 1475 μὲν
775 1426 828 1470 δή
857 1436 976 1465 ταῦτα.
1000 1425 1075 1467 Ad
1104 1432 1225 1478 15:¹³¹n
1264 1438 1502 1468 censuram
1527 1426 1764 1478 adeamus,
1795 1426 1851 1468 ad

211 1515 345 1555 quam
374 1500 597 1544 desiderio
627 1501 881 1545 desideraui
906 1501 1160 1556 peruenire,
1197 1509 1243 1543 vt
1276 1515 1355 1557 pro
1389 1509 1680 1545 sacrosancta
1709 1509 1852 1545 matre

211 1577 294 1621 Dei
320 1578 463 1621 Maria
486 1578 656 1634 aliquid
679 1578 832 1622 conari
856 1579 1033 1634 possim.
1057 1580 1202 1634 Euge,
1230 1580 1381 1630 Pater,
1413 1578 1522 1633 quid
1551 1579 1760 1622 adducis?

837 1657 934 1699 Fol.
956 1669 1050 1713 93.,
1073 1656 1131 1700 fa.
1158 1655 1230 1711 pf*

302 1734 532 1776 «Primum
558 1733 768 1789 apparuit
791 1733 1015 1776 Dominus
1038 1733 1169 1776 matri
1192 1748 1349 1787 suae»,
1375 1741 1462 1776 etc.
1496 1739 1520 1776 ¹.

298 1812 403 1855 Scio
441 1825 530 1866 ego
569 1818 613 1853 te
651 1813 738 1853 hoc
767 1810 985 1866 quicquid
1008 1809 1317 1854 cen242surae
1342 1811 1600 1855 verecunde
1623 1811 1846 1867 proloqui,

207 1888 414 1940 veritate,
441 1889 630 1941 scilicet,
663 1897 868 1939 coactus,
889 1896 934 1931 et
957 1888 1134 1931 fortiter
1164 1889 1291 1945 vulgi
1325 1888 1581 1944 opinionem
1606 1887 1846 1941 sustinere,

206 1966 240 2007 si
274 1966 348 2020 qui
381 1966 585 2008 fortassis
615 1965 813 2009 dixerint
851 1980 942 2008 non
977 1965 1186 2009 decuisse
1216 1965 1335 2008 illius
1365 1965 1536 2008 ordinis
1575 1966 1849 2008 monachum

206 2051 544 2097 praesentatum
569 2042 867 2086 intemeratae
894 2042 1084 2098 virginis
1107 2042 1263 2085 diuina
1293 2042 1529 2099 priuilegia
1559 2043 1757 2095 eleuare;
1782 2050 1847 2085 at-

207 2134 295 2174 que
318 2121 431 2162 adeo
453 2135 541 2175 ego
565 2135 656 2162 non
678 2121 938 2163 verecunde
962 2134 1014 2162 ac
1049 2120 1226 2162 fortiter
1248 2121 1392 2162 solum
1428 2121 1515 2162 hoc
1545 2127 1587 2163 te
1624 2119 1773 2163 facere
1802 2126 1848 2162 et

207 2198 343 2240 credo
365 2205 410 2239 et
433 2198 665 2252 profiteor,
691 2197 771 2240 sed
794 2196 867 2252 pie
884 2196 1019 2239 etiam
1044 2210 1096 2239 ac
1119 2197 1331 2252 religiose
1354 2211 1434 2252 per
1451 2198 1613 2248 zelum,
1635 2210 1724 2251 quo
1747 2196 1845 2238 vin-

206 2274 357 2317 dicare
381 2274 613 2317 existimas
638 2275 694 2316 ab
713 2274 854 2316 atroci
878 2273 1042 2316 iniuria
1065 2288 1216 2317 sacras
1238 2274 1426 2318 litteras.
1453 2274 1623 2316 Verum
1642 2272 1689 2314 in
1709 2273 1845 2316 huius

205 2366 425 2394 censurae
449 2351 658 2407 apologia
690 2351 787 2406 ipse
811 2351 891 2393 tibi
921 2350 1211 2407 priuilegium
1237 2350 1451 2393 constitui
1482 2351 1646 2402 facere,
1677 2351 1684 2406 ί
1711 2364 1843 2406 prae-

206 2436 272 2469 ter
295 2442 584 2471 communem
617 2428 857 2485 apologiae
887 2429 1053 2483 legem3
1080 2436 1203 2470 certe
1236 2428 1356 2470 enim
1390 2427 1499 2482 scio,
1535 2426 1572 2469 si
1601 2434 1646 2470 te
1668 2427 1742 2469 illa
1767 2434 1842 2470 tua

205 2504 414 2559 opinione
438 2505 700 2557 exemerim,
736 2514 784 2547 vt
823 2504 963 2548 libere
1000 2504 1147 2560 possis
1184 2505 1479 2560 proclamare,
1521 2519 1576 2548 ex
1615 2503 1750 2546 animi
1775 2504 1840 2547 tui

203 2570 428 2624 sententia
449 2596 500 2624 ac
520 2582 782 2634 deuotione,
804 2581 997 2637 primum
1018 2580 1203 2633 Mariae,
1218 2581 1302 2624 Dei
1325 2580 1472 2631 matri,
1493 2580 1739 2623 Dominum
1758 2595 1839 2635 ap-

203 2659 409 2713 paruisse
432 2668 537 2714 post
563 2659 958 2710 resurrectionem,
986 2674 1074 2701 non
1100 2660 1243 2701 solum
1269 2673 1350 2714 pro
1375 2657 1630 2713 priuilegio,
1656 2658 1735 2700 sed
1758 2671 1837 2712 pro

203 2736 423 2789 singulari
447 2736 581 2778 etiam
607 2736 833 2779 beneficio
857 2735 890 2789 k’3
914 2744 957 2779 te
980 2751 1124 2779 meam
1149 2735 1406 2791 apologiam
1431 2749 1530 2778 esse
1553 2734 1835 2789 amplexatu-

270 2882 284 2897 a
338 2872 541 2906 Emendat.
563 2884 583 2907 a
603 2873 692 2910 Nat,
714 2885 761 2907 ex
789 2874 887 2908 velis
905 2872 1095 2919 temporis
1113 2883 1209 2919 esse;
1226 2871 1293 2907 sed
1319 2871 1463 2907 oblitus
1487 2876 1547 2906 est
1571 2870 1726 2906 delendi
1750 2882 1818 2906 ver

199 2932 289 2964 burn
311 2931 419 2967 veli&
474 2934 539 2958 —b
567 2933 746 2978 benificio
766 2943 836 2967 ms.

272 3058 277 3074 ¹
334 3057 432 3091 Vide
452 3068 655 3091 censuram
678 3056 895 3099 Pedrochii,
919 3057 1158 3101 POLANCUS,
1177 3056 1341 3098 Clzrou„
1357 3055 1426 3100 ΙΙΙ,
1441 3063 1522 3100 519.
