<?xml version="1.0" encoding="UTF-8"?>
<!DOCTYPE html PUBLIC "-//W3C//DTD XHTML 1.0 Transitional//EN"
    "http://www.w3.org/TR/xhtml1/DTD/xhtml1-transitional.dtd">
<html xmlns="http://www.w3.org/1999/xhtml" xml:lang="en" lang="en">
 <head>
  <title>
</title>
<meta http-equiv="Content-Type" content="text/html;charset=utf-8" />
  <meta name='ocr-system' content='tesseract 3.04.00' />
  <meta name='ocr-capabilities' content='ocr_page ocr_carea ocr_par ocr_line ocrx_word'/>
</head>
<body>
  <div class='ocr_page' id='page_1' title='image "./epistolaephieron11nada_0418.png"; bbox 0 0 2028 3426; ppageno 0'>
   <div class='ocr_carea' id='block_1_1' title="bbox 358 231 1436 283">
    <p class='ocr_par' dir='ltr' id='par_1_1' title="bbox 358 231 1436 283">
     <span class='ocr_line' id='line_1_1' title="bbox 358 231 1436 283; baseline -0.003 -12"><span class='ocrx_word' id='word_1_1' title='bbox 358 235 427 283; x_wconf 86' lang='lat'><strong>392</strong></span> <span class='ocrx_word' id='word_1_2' title='bbox 831 235 986 270; x_wconf 77' lang='lat' dir='ltr'><strong>PATms</strong></span> <span class='ocrx_word' id='word_1_3' title='bbox 1012 233 1258 268; x_wconf 65' lang='lat' dir='ltr'><strong>Hir-:nourrii</strong></span> <span class='ocrx_word' id='word_1_4' title='bbox 1284 231 1436 268; x_wconf 76' lang='lat' dir='ltr'>NADAL</span> 
     </span>
    </p>
   </div>
   <div class='ocr_carea' id='block_1_2' title="bbox 266 332 2003 2932">
    <p class='ocr_par' dir='ltr' id='par_1_2' title="bbox 266 332 1947 702">
     <span class='ocr_line' id='line_1_2' title="bbox 313 332 1946 393; baseline -0.002 -12"><span class='ocrx_word' id='word_1_5' title='bbox 313 346 410 380; x_wconf 91' lang='lat' dir='ltr'><strong>tum</strong></span> <span class='ocrx_word' id='word_1_6' title='bbox 434 337 651 393; x_wconf 89' lang='lat' dir='ltr'><strong>corporis,</strong></span> <span class='ocrx_word' id='word_1_7' title='bbox 679 345 775 379; x_wconf 91' lang='lat' dir='ltr'><strong>tum</strong></span> <span class='ocrx_word' id='word_1_8' title='bbox 799 335 1000 392; x_wconf 88' lang='lat' dir='ltr'><strong>spiritus,</strong></span> <span class='ocrx_word' id='word_1_9' title='bbox 1027 333 1097 386; x_wconf 90' lang='lat' dir='ltr'><strong>iis,</strong></span> <span class='ocrx_word' id='word_1_10' title='bbox 1119 332 1196 389; x_wconf 92' lang='lat' dir='ltr'><strong>qui</strong></span> <span class='ocrx_word' id='word_1_11' title='bbox 1215 341 1496 389; x_wconf 86' lang='lat' dir='ltr'>occupantur</span> <span class='ocrx_word' id='word_1_12' title='bbox 1513 332 1558 376; x_wconf 92' lang='lat' dir='ltr'><strong>in</strong></span> <span class='ocrx_word' id='word_1_13' title='bbox 1577 332 1839 377; x_wconf 90' lang='lat' dir='ltr'><strong>ministeriis</strong></span> <span class='ocrx_word' id='word_1_14' title='bbox 1854 333 1946 390; x_wconf 89' lang='lat' dir='ltr'><strong>spi-</strong></span> 
     </span>
     <span class='ocr_line' id='line_1_3' title="bbox 313 409 1947 469; baseline -0.002 -12"><span class='ocrx_word' id='word_1_15' title='bbox 313 414 568 458; x_wconf 80' lang='lat' dir='ltr'><strong>ritualibus.</strong></span> <span class='ocrx_word' id='word_1_16' title='bbox 594 416 750 469; x_wconf 92' lang='lat' dir='ltr'><strong>Itaque</strong></span> <span class='ocrx_word' id='word_1_17' title='bbox 774 421 818 457; x_wconf 87' lang='lat' dir='ltr'><strong>et</strong></span> <span class='ocrx_word' id='word_1_18' title='bbox 849 411 949 468; x_wconf 80' lang='lat' dir='ltr'><strong>ipsi,</strong></span> <span class='ocrx_word' id='word_1_19' title='bbox 982 418 1162 467; x_wconf 88' lang='lat' dir='ltr'><strong>praeter</strong></span> <span class='ocrx_word' id='word_1_20' title='bbox 1190 410 1478 466; x_wconf 89' lang='lat' dir='ltr'><strong>quotidianas</strong></span> <span class='ocrx_word' id='word_1_21' title='bbox 1506 409 1699 466; x_wconf 78' lang='lat' dir='ltr'><strong>quietes,</strong></span> <span class='ocrx_word' id='word_1_22' title='bbox 1734 411 1893 454; x_wconf 89' lang='lat' dir='ltr'><strong>saltem</strong></span> <span class='ocrx_word' id='word_1_23' title='bbox 1922 425 1947 454; x_wconf 90' lang='lat' dir='ltr'><strong>a</strong></span> 
     </span>
     <span class='ocr_line' id='line_1_4' title="bbox 266 487 1947 548; baseline -0.002 -14"><span class='ocrx_word' id='word_1_24' title='bbox 266 499 274 506; x_wconf 85' lang='lat'><em>&#39;</em></span> <span class='ocrx_word' id='word_1_25' title='bbox 313 491 504 548; x_wconf 90' lang='lat' dir='ltr'><strong>prandio</strong></span> <span class='ocrx_word' id='word_1_26' title='bbox 525 491 685 534; x_wconf 87' lang='lat' dir='ltr'><strong>diebus</strong></span> <span class='ocrx_word' id='word_1_27' title='bbox 723 488 935 532; x_wconf 88' lang='lat' dir='ltr'><strong>mercurii</strong></span> <span class='ocrx_word' id='word_1_28' title='bbox 974 488 1044 531; x_wconf 87' lang='lat' dir='ltr'><strong>vel</strong></span> <span class='ocrx_word' id='word_1_29' title='bbox 1080 487 1197 530; x_wconf 91' lang='lat' dir='ltr'><strong>iouis</strong></span> <span class='ocrx_word' id='word_1_30' title='bbox 1234 495 1514 542; x_wconf 82' lang='lat' dir='ltr'><strong>recreentur,</strong></span> <span class='ocrx_word' id='word_1_31' title='bbox 1555 494 1692 542; x_wconf 92' lang='lat' dir='ltr'><strong>atque</strong></span> <span class='ocrx_word' id='word_1_32' title='bbox 1719 487 1873 540; x_wconf 88' lang='lat' dir='ltr'><strong>etiam,</strong></span> <span class='ocrx_word' id='word_1_33' title='bbox 1898 495 1947 530; x_wconf 94' lang='lat' dir='ltr'><strong>vt</strong></span> 
     </span>
     <span class='ocr_line' id='line_1_5' title="bbox 313 563 1947 621; baseline -0.004 -9"><span class='ocrx_word' id='word_1_34' title='bbox 313 569 460 613; x_wconf 84' lang='lat' dir='ltr'><strong>solent</strong></span> <span class='ocrx_word' id='word_1_35' title='bbox 488 567 744 611; x_wconf 78' lang='lat' dir='ltr'>scholastici</span> <span class='ocrx_word' id='word_1_36' title='bbox 775 565 969 621; x_wconf 82' lang='lat' dir='ltr'><strong>singulis</strong></span> <span class='ocrx_word' id='word_1_37' title='bbox 999 564 1130 608; x_wconf 92' lang='lat' dir='ltr'><strong>annis</strong></span> <span class='ocrx_word' id='word_1_38' title='bbox 1164 564 1365 608; x_wconf 85' lang='lat' dir='ltr'><strong>exerceri</strong></span> <span class='ocrx_word' id='word_1_39' title='bbox 1392 564 1705 621; x_wconf 84' lang='lat' dir='ltr'><strong>spiritualiter,</strong></span> <span class='ocrx_word' id='word_1_40' title='bbox 1743 563 1947 609; x_wconf 89' lang='lat' dir='ltr'><strong>similiter</strong></span> 
     </span>
     <span class='ocr_line' id='line_1_6' title="bbox 314 641 1767 702; baseline -0.007 -12"><span class='ocrx_word' id='word_1_41' title='bbox 314 646 400 702; x_wconf 89' lang='lat' dir='ltr'><strong>ipsi</strong></span> <span class='ocrx_word' id='word_1_42' title='bbox 418 652 715 689; x_wconf 81' lang='lat' dir='ltr'><strong>exerceantur</strong></span> <span class='ocrx_word' id='word_1_43' title='bbox 739 643 996 686; x_wconf 87' lang='lat' dir='ltr'><strong>commode.</strong></span> <span class='ocrx_word' id='word_1_44' title='bbox 1764 641 1767 645; x_wconf 86' lang='lat'>&#39;</span> 
     </span>
    </p>

    <p class='ocr_par' dir='ltr' id='par_1_3' title="bbox 312 717 1948 850">
     <span class='ocr_line' id='line_1_7' title="bbox 403 717 1948 766; baseline -0.003 -1"><span class='ocrx_word' id='word_1_45' title='bbox 403 724 549 766; x_wconf 86' lang='lat' dir='ltr'><strong>Casus</strong></span> <span class='ocrx_word' id='word_1_46' title='bbox 588 720 806 764; x_wconf 85' lang='lat' dir='ltr'><strong>reseruati</strong></span> <span class='ocrx_word' id='word_1_47' title='bbox 846 735 948 762; x_wconf 85' lang='lat' dir='ltr'><strong>cum</strong></span> <span class='ocrx_word' id='word_1_48' title='bbox 989 718 1370 762; x_wconf 86' lang='lat' dir='ltr'><strong>declarationibus</strong></span> <span class='ocrx_word' id='word_1_49' title='bbox 1401 718 1613 762; x_wconf 91' lang='lat' dir='ltr'><strong>omnibus</strong></span> <span class='ocrx_word' id='word_1_50' title='bbox 1649 717 1948 763; x_wconf 86' lang='lat' dir='ltr'><strong>exhibeantur</strong></span> 
     </span>
     <span class='ocr_line' id='line_1_8' title="bbox 312 795 1471 850; baseline -0.004 -7"><span class='ocrx_word' id='word_1_51' title='bbox 312 799 599 843; x_wconf 81' lang='lat' dir='ltr'><strong>confessariis</strong></span> <span class='ocrx_word' id='word_1_52' title='bbox 623 798 993 850; x_wconf 84' lang='lat' dir='ltr'><strong>domesticorum3</strong></span> <span class='ocrx_word' id='word_1_53' title='bbox 1021 796 1118 838; x_wconf 89' lang='lat' dir='ltr'><strong>aliis</strong></span> <span class='ocrx_word' id='word_1_54' title='bbox 1143 809 1250 839; x_wconf 91' lang='lat' dir='ltr'><strong>vero</strong></span> <span class='ocrx_word' id='word_1_55' title='bbox 1271 795 1471 839; x_wconf 89' lang='lat' dir='ltr'><strong>minime.</strong></span> 
     </span>
    </p>

    <p class='ocr_par' dir='ltr' id='par_1_4' title="bbox 313 872 1950 1162">
     <span class='ocr_line' id='line_1_9' title="bbox 403 872 1950 931; baseline -0.002 -12"><span class='ocrx_word' id='word_1_56' title='bbox 403 878 476 919; x_wconf 88' lang='lat' dir='ltr'><strong>Ab</strong></span> <span class='ocrx_word' id='word_1_57' title='bbox 500 876 585 928; x_wconf 92' lang='lat' dir='ltr'><strong>his,</strong></span> <span class='ocrx_word' id='word_1_58' title='bbox 612 876 687 930; x_wconf 88' lang='lat' dir='ltr'><strong>qui</strong></span> <span class='ocrx_word' id='word_1_59' title='bbox 712 882 871 931; x_wconf 87' lang='lat' dir='ltr'><strong>petunt</strong></span> <span class='ocrx_word' id='word_1_60' title='bbox 894 873 1196 918; x_wconf 85' lang='lat' dir='ltr'><strong>confessarios</strong></span> <span class='ocrx_word' id='word_1_61' title='bbox 1218 887 1300 929; x_wconf 90' lang='lat' dir='ltr'><strong>pro</strong></span> <span class='ocrx_word' id='word_1_62' title='bbox 1318 872 1508 916; x_wconf 91' lang='lat' dir='ltr'><strong>infirmis</strong></span> <span class='ocrx_word' id='word_1_63' title='bbox 1531 873 1691 916; x_wconf 89' lang='lat' dir='ltr'><strong>diebus</strong></span> <span class='ocrx_word' id='word_1_64' title='bbox 1713 872 1950 916; x_wconf 89' lang='lat' dir='ltr'><strong>dominicis</strong></span> 
     </span>
     <span class='ocr_line' id='line_1_10' title="bbox 313 949 1949 1008; baseline -0.002 -12"><span class='ocrx_word' id='word_1_65' title='bbox 313 962 358 996; x_wconf 88' lang='lat' dir='ltr'><strong>et</strong></span> <span class='ocrx_word' id='word_1_66' title='bbox 382 953 522 1005; x_wconf 84' lang='lat' dir='ltr'><strong>festis,</strong></span> <span class='ocrx_word' id='word_1_67' title='bbox 544 960 725 1008; x_wconf 87' lang='lat' dir='ltr'><strong>petatur</strong></span> <span class='ocrx_word' id='word_1_68' title='bbox 741 967 797 994; x_wconf 89' lang='lat' dir='ltr'><strong>an</strong></span> <span class='ocrx_word' id='word_1_69' title='bbox 821 951 879 994; x_wconf 87' lang='lat' dir='ltr'><strong>sit</strong></span> <span class='ocrx_word' id='word_1_70' title='bbox 901 958 1103 994; x_wconf 86' lang='lat' dir='ltr'><strong>extrema</strong></span> <span class='ocrx_word' id='word_1_71' title='bbox 1121 949 1383 1002; x_wconf 89' lang='lat' dir='ltr'><strong>necessitas;</strong></span> <span class='ocrx_word' id='word_1_72' title='bbox 1404 964 1521 1006; x_wconf 91' lang='lat' dir='ltr'><strong>quae</strong></span> <span class='ocrx_word' id='word_1_73' title='bbox 1538 949 1576 992; x_wconf 92' lang='lat' dir='ltr'><strong>si</strong></span> <span class='ocrx_word' id='word_1_74' title='bbox 1594 964 1685 992; x_wconf 92' lang='lat' dir='ltr'><strong>non</strong></span> <span class='ocrx_word' id='word_1_75' title='bbox 1705 949 1858 1002; x_wconf 90' lang='lat' dir='ltr'><strong>fuerit,</strong></span> <span class='ocrx_word' id='word_1_76' title='bbox 1879 949 1949 992; x_wconf 90' lang='lat' dir='ltr'><strong>di·</strong></span> 
     </span>
     <span class='ocr_line' id='line_1_11' title="bbox 314 1026 1949 1083; baseline -0.001 -11"><span class='ocrx_word' id='word_1_77' title='bbox 314 1039 442 1072; x_wconf 90' lang='lat' dir='ltr'><strong>catur</strong></span> <span class='ocrx_word' id='word_1_78' title='bbox 466 1038 511 1071; x_wconf 82' lang='lat' dir='ltr'><strong>vt</strong></span> <span class='ocrx_word' id='word_1_79' title='bbox 552 1031 754 1080; x_wconf 84' lang='lat' dir='ltr'><strong>redeant,</strong></span> <span class='ocrx_word' id='word_1_80' title='bbox 793 1028 1005 1083; x_wconf 91' lang='lat' dir='ltr'><strong>quoniam</strong></span> <span class='ocrx_word' id='word_1_81' title='bbox 1031 1042 1121 1070; x_wconf 90' lang='lat' dir='ltr'><strong>non</strong></span> <span class='ocrx_word' id='word_1_82' title='bbox 1146 1026 1362 1070; x_wconf 91' lang='lat' dir='ltr'><strong>conuenit</strong></span> <span class='ocrx_word' id='word_1_83' title='bbox 1388 1026 1475 1069; x_wconf 92' lang='lat' dir='ltr'><strong>illis</strong></span> <span class='ocrx_word' id='word_1_84' title='bbox 1504 1026 1665 1070; x_wconf 87' lang='lat' dir='ltr'><strong>diebus</strong></span> <span class='ocrx_word' id='word_1_85' title='bbox 1694 1026 1949 1082; x_wconf 89' lang='lat' dir='ltr'><strong>relinquere</strong></span> 
     </span>
     <span class='ocr_line' id='line_1_12' title="bbox 317 1107 776 1162; baseline -0.004 -13"><span class='ocrx_word' id='word_1_86' title='bbox 317 1115 520 1150; x_wconf 89' lang='lat' dir='ltr'><strong>nostrum</strong></span> <span class='ocrx_word' id='word_1_87' title='bbox 541 1107 776 1162; x_wconf 90' lang='lat' dir='ltr'><strong>templum.</strong></span> 
     </span>
    </p>

    <p class='ocr_par' dir='ltr' id='par_1_5' title="bbox 314 1180 1951 1701">
     <span class='ocr_line' id='line_1_13' title="bbox 401 1180 1948 1237; baseline -0.004 -9"><span class='ocrx_word' id='word_1_88' title='bbox 401 1184 448 1228; x_wconf 77' lang='lat' dir='ltr'><strong>Si</strong></span> <span class='ocrx_word' id='word_1_89' title='bbox 476 1191 594 1227; x_wconf 85' lang='lat' dir='ltr'><strong>esset</strong></span> <span class='ocrx_word' id='word_1_90' title='bbox 618 1190 772 1226; x_wconf 89' lang='lat' dir='ltr'><strong>tantus</strong></span> <span class='ocrx_word' id='word_1_91' title='bbox 792 1190 1049 1225; x_wconf 90' lang='lat' dir='ltr'><strong>nostrorum</strong></span> <span class='ocrx_word' id='word_1_92' title='bbox 1075 1195 1306 1233; x_wconf 87' lang='lat' dir='ltr'><strong>numerus,</strong></span> <span class='ocrx_word' id='word_1_93' title='bbox 1335 1188 1384 1223; x_wconf 90' lang='lat' dir='ltr'><strong>vt</strong></span> <span class='ocrx_word' id='word_1_94' title='bbox 1416 1195 1506 1224; x_wconf 90' lang='lat' dir='ltr'><strong>non</strong></span> <span class='ocrx_word' id='word_1_95' title='bbox 1537 1180 1712 1237; x_wconf 89' lang='lat' dir='ltr'><strong>possint</strong></span> <span class='ocrx_word' id='word_1_96' title='bbox 1741 1180 1948 1224; x_wconf 87' lang='lat' dir='ltr'><strong>confiteri</strong></span> 
     </span>
     <span class='ocr_line' id='line_1_14' title="bbox 319 1258 1951 1315; baseline -0.002 -12"><span class='ocrx_word' id='word_1_97' title='bbox 319 1261 390 1304; x_wconf 89' lang='lat' dir='ltr'><strong>die</strong></span> <span class='ocrx_word' id='word_1_98' title='bbox 413 1261 589 1303; x_wconf 84' lang='lat' dir='ltr'><strong>sabbati</strong></span> <span class='ocrx_word' id='word_1_99' title='bbox 619 1269 651 1313; x_wconf 55' lang='grc' dir='ltr'><strong>ὃ,</strong></span> <span class='ocrx_word' id='word_1_100' title='bbox 686 1274 770 1303; x_wconf 92' lang='lat' dir='ltr'><strong>nec</strong></span> <span class='ocrx_word' id='word_1_101' title='bbox 799 1266 952 1315; x_wconf 89' lang='lat' dir='ltr'><strong>posset</strong></span> <span class='ocrx_word' id='word_1_102' title='bbox 981 1273 1198 1303; x_wconf 88' lang='lat' dir='ltr'><strong>numerus</strong></span> <span class='ocrx_word' id='word_1_103' title='bbox 1226 1258 1602 1302; x_wconf 87' lang='lat' dir='ltr'><strong>confessariorum</strong></span> <span class='ocrx_word' id='word_1_104' title='bbox 1633 1258 1810 1314; x_wconf 85' lang='lat' dir='ltr'><strong>augeri,</strong></span> <span class='ocrx_word' id='word_1_105' title='bbox 1847 1272 1951 1314; x_wconf 89' lang='lat' dir='ltr'><strong>pars</strong></span> 
     </span>
     <span class='ocr_line' id='line_1_15' title="bbox 315 1335 1948 1390; baseline -0.002 -10"><span class='ocrx_word' id='word_1_106' title='bbox 315 1338 509 1389; x_wconf 87' lang='lat' dir='ltr'><strong>illorum,</strong></span> <span class='ocrx_word' id='word_1_107' title='bbox 538 1337 695 1380; x_wconf 89' lang='lat' dir='ltr'><strong>nouitii</strong></span> <span class='ocrx_word' id='word_1_108' title='bbox 719 1336 890 1380; x_wconf 90' lang='lat' dir='ltr'><strong>scilicet</strong></span> <span class='ocrx_word' id='word_1_109' title='bbox 913 1345 957 1381; x_wconf 91' lang='lat' dir='ltr'><strong>et</strong></span> <span class='ocrx_word' id='word_1_110' title='bbox 981 1335 1283 1387; x_wconf 88' lang='lat' dir='ltr'><strong>coadiutores,</strong></span> <span class='ocrx_word' id='word_1_111' title='bbox 1308 1342 1353 1378; x_wconf 92' lang='lat' dir='ltr'><strong>et</strong></span> <span class='ocrx_word' id='word_1_112' title='bbox 1376 1335 1421 1387; x_wconf 90' lang='lat' dir='ltr'><strong>ii,</strong></span> <span class='ocrx_word' id='word_1_113' title='bbox 1447 1335 1506 1379; x_wconf 80' lang='lat'><strong>66</strong></span> <span class='ocrx_word' id='word_1_114' title='bbox 1530 1335 1604 1390; x_wconf 89' lang='lat' dir='ltr'><strong>qui</strong></span> <span class='ocrx_word' id='word_1_115' title='bbox 1631 1349 1722 1378; x_wconf 90' lang='lat' dir='ltr'><strong>non</strong></span> <span class='ocrx_word' id='word_1_116' title='bbox 1745 1335 1948 1386; x_wconf 88' lang='lat' dir='ltr'><strong>student,</strong></span> 
     </span>
     <span class='ocr_line' id='line_1_16' title="bbox 317 1411 1950 1470; baseline -0.002 -13"><span class='ocrx_word' id='word_1_117' title='bbox 317 1422 531 1470; x_wconf 88' lang='lat' dir='ltr'><strong>poterunt</strong></span> <span class='ocrx_word' id='word_1_118' title='bbox 561 1413 858 1458; x_wconf 86' lang='lat' dir='ltr'><strong>confessionis</strong></span> <span class='ocrx_word' id='word_1_119' title='bbox 886 1420 930 1456; x_wconf 92' lang='lat' dir='ltr'><strong>et</strong></span> <span class='ocrx_word' id='word_1_120' title='bbox 961 1412 1292 1456; x_wconf 90' lang='lat' dir='ltr'><strong>communionis</strong></span> <span class='ocrx_word' id='word_1_121' title='bbox 1319 1419 1601 1455; x_wconf 90' lang='lat' dir='ltr'><strong>sacramenta</strong></span> <span class='ocrx_word' id='word_1_122' title='bbox 1635 1412 1752 1454; x_wconf 88' lang='lat' dir='ltr'><strong>infra</strong></span> <span class='ocrx_word' id='word_1_123' title='bbox 1775 1411 1950 1454; x_wconf 88' lang='lat' dir='ltr'><strong>hebdo-</strong></span> 
     </span>
     <span class='ocr_line' id='line_1_17' title="bbox 315 1487 1949 1547; baseline -0.001 -15"><span class='ocrx_word' id='word_1_124' title='bbox 315 1494 490 1536; x_wconf 88' lang='lat' dir='ltr'><strong>madem</strong></span> <span class='ocrx_word' id='word_1_125' title='bbox 514 1491 760 1547; x_wconf 84' lang='lat' dir='ltr'><strong>percipere.</strong></span> <span class='ocrx_word' id='word_1_126' title='bbox 789 1491 1059 1535; x_wconf 90' lang='lat' dir='ltr'><strong>Sacerdotes</strong></span> <span class='ocrx_word' id='word_1_127' title='bbox 1082 1490 1216 1533; x_wconf 90' lang='lat' dir='ltr'><strong>etiam</strong></span> <span class='ocrx_word' id='word_1_128' title='bbox 1239 1489 1355 1532; x_wconf 81' lang='lat' dir='ltr'><strong>intra</strong></span> <span class='ocrx_word' id='word_1_129' title='bbox 1379 1489 1710 1532; x_wconf 88' lang='lat' dir='ltr'><strong>hebdomadam</strong></span> <span class='ocrx_word' id='word_1_130' title='bbox 1741 1487 1949 1531; x_wconf 87' lang='lat' dir='ltr'><strong>confiteri</strong></span> 
     </span>
     <span class='ocr_line' id='line_1_18' title="bbox 314 1565 1951 1624; baseline -0.001 -14"><span class='ocrx_word' id='word_1_131' title='bbox 314 1576 543 1624; x_wconf 86' lang='lat' dir='ltr'><strong>poterunt:</strong></span> <span class='ocrx_word' id='word_1_132' title='bbox 571 1582 726 1610; x_wconf 87' lang='lat' dir='ltr'><strong>omnes</strong></span> <span class='ocrx_word' id='word_1_133' title='bbox 749 1567 822 1610; x_wconf 90' lang='lat' dir='ltr'><strong>alii</strong></span> <span class='ocrx_word' id='word_1_134' title='bbox 847 1567 1188 1611; x_wconf 90' lang='lat' dir='ltr'><strong>confitebuntur</strong></span> <span class='ocrx_word' id='word_1_135' title='bbox 1209 1566 1283 1609; x_wconf 91' lang='lat' dir='ltr'><strong>die</strong></span> <span class='ocrx_word' id='word_1_136' title='bbox 1304 1566 1480 1609; x_wconf 91' lang='lat' dir='ltr'><strong>sabbati</strong></span> <span class='ocrx_word' id='word_1_137' title='bbox 1499 1565 1692 1622; x_wconf 88' lang='lat' dir='ltr'><strong>vesperi;</strong></span> <span class='ocrx_word' id='word_1_138' title='bbox 1714 1572 1775 1617; x_wconf 91' lang='lat' dir='ltr'><strong>et,</strong></span> <span class='ocrx_word' id='word_1_139' title='bbox 1802 1565 1839 1608; x_wconf 93' lang='lat' dir='ltr'><strong>si</strong></span> <span class='ocrx_word' id='word_1_140' title='bbox 1859 1579 1951 1608; x_wconf 93' lang='lat' dir='ltr'><strong>non</strong></span> 
     </span>
     <span class='ocr_line' id='line_1_19' title="bbox 316 1643 1615 1701; baseline 0.001 -14"><span class='ocrx_word' id='word_1_141' title='bbox 316 1653 501 1701; x_wconf 81' lang='lat' dir='ltr'><strong>possent</strong></span> <span class='ocrx_word' id='word_1_142' title='bbox 524 1659 696 1698; x_wconf 89' lang='lat' dir='ltr'><strong>omnes,</strong></span> <span class='ocrx_word' id='word_1_143' title='bbox 723 1644 860 1700; x_wconf 87' lang='lat' dir='ltr'><strong>aliqui</strong></span> <span class='ocrx_word' id='word_1_144' title='bbox 884 1644 957 1688; x_wconf 90' lang='lat' dir='ltr'><strong>die</strong></span> <span class='ocrx_word' id='word_1_145' title='bbox 981 1643 1207 1687; x_wconf 90' lang='lat' dir='ltr'><strong>dominico</strong></span> <span class='ocrx_word' id='word_1_146' title='bbox 1226 1657 1358 1686; x_wconf 89' lang='lat' dir='ltr'><strong>mane</strong></span> <span class='ocrx_word' id='word_1_147' title='bbox 1381 1650 1615 1699; x_wconf 87' lang='lat' dir='ltr'><strong>poterunt.</strong></span> 
     </span>
    </p>

    <p class='ocr_par' dir='ltr' id='par_1_6' title="bbox 315 1719 1952 2086">
     <span class='ocr_line' id='line_1_20' title="bbox 403 1719 1948 1778; baseline -0.003 -14"><span class='ocrx_word' id='word_1_148' title='bbox 403 1723 662 1778; x_wconf 88' lang='lat' dir='ltr'><strong>Intelligant</strong></span> <span class='ocrx_word' id='word_1_149' title='bbox 684 1721 942 1777; x_wconf 87' lang='lat' dir='ltr'><strong>superiores</strong></span> <span class='ocrx_word' id='word_1_150' title='bbox 963 1735 1063 1764; x_wconf 92' lang='lat' dir='ltr'><strong>esse</strong></span> <span class='ocrx_word' id='word_1_151' title='bbox 1085 1720 1131 1763; x_wconf 90' lang='lat' dir='ltr'><strong>in</strong></span> <span class='ocrx_word' id='word_1_152' title='bbox 1155 1720 1309 1777; x_wconf 89' lang='lat' dir='ltr'><strong>primis</strong></span> <span class='ocrx_word' id='word_1_153' title='bbox 1331 1720 1416 1764; x_wconf 89' lang='lat' dir='ltr'><strong>sibi</strong></span> <span class='ocrx_word' id='word_1_154' title='bbox 1439 1719 1763 1772; x_wconf 90' lang='lat' dir='ltr'><strong>necessarium,</strong></span> <span class='ocrx_word' id='word_1_155' title='bbox 1796 1726 1844 1761; x_wconf 89' lang='lat' dir='ltr'><strong>vt</strong></span> <span class='ocrx_word' id='word_1_156' title='bbox 1867 1733 1948 1761; x_wconf 85' lang='lat' dir='ltr'><strong>vo·</strong></span> 
     </span>
     <span class='ocr_line' id='line_1_21' title="bbox 315 1795 1948 1852; baseline -0.002 -10"><span class='ocrx_word' id='word_1_157' title='bbox 315 1802 512 1842; x_wconf 89' lang='lat' dir='ltr'><strong>luntates</strong></span> <span class='ocrx_word' id='word_1_158' title='bbox 551 1814 735 1841; x_wconf 89' lang='lat' dir='ltr'><strong>suorum</strong></span> <span class='ocrx_word' id='word_1_159' title='bbox 774 1798 858 1841; x_wconf 85' lang='lat' dir='ltr'><strong>sibi</strong></span> <span class='ocrx_word' id='word_1_160' title='bbox 896 1798 1095 1841; x_wconf 87' lang='lat' dir='ltr'><strong>habeant</strong></span> <span class='ocrx_word' id='word_1_161' title='bbox 1133 1797 1396 1841; x_wconf 88' lang='lat' dir='ltr'><strong>conciliatas</strong></span> <span class='ocrx_word' id='word_1_162' title='bbox 1432 1796 1465 1840; x_wconf 76' lang='lat' dir='ltr'><strong>b:</strong></span> <span class='ocrx_word' id='word_1_163' title='bbox 1506 1804 1555 1839; x_wconf 89' lang='lat' dir='ltr'><strong>vt</strong></span> <span class='ocrx_word' id='word_1_164' title='bbox 1593 1796 1728 1841; x_wconf 88' lang='lat' dir='ltr'><strong>etiam</strong></span> <span class='ocrx_word' id='word_1_165' title='bbox 1768 1795 1948 1852; x_wconf 82' lang='lat' dir='ltr'><strong>fugiant</strong></span> 
     </span>
     <span class='ocr_line' id='line_1_22' title="bbox 316 1872 1951 1930; baseline -0.003 -11"><span class='ocrx_word' id='word_1_166' title='bbox 316 1891 473 1919; x_wconf 84' lang='lat' dir='ltr'><strong>omnes</strong></span> <span class='ocrx_word' id='word_1_167' title='bbox 504 1876 776 1920; x_wconf 87' lang='lat' dir='ltr'><strong>offensiones</strong></span> <span class='ocrx_word' id='word_1_168' title='bbox 814 1876 885 1920; x_wconf 90' lang='lat' dir='ltr'><strong>vel</strong></span> <span class='ocrx_word' id='word_1_169' title='bbox 925 1875 1202 1919; x_wconf 89' lang='lat' dir='ltr'><strong>auersiones:</strong></span> <span class='ocrx_word' id='word_1_170' title='bbox 1245 1876 1366 1930; x_wconf 90' lang='lat' dir='ltr'><strong>quod</strong></span> <span class='ocrx_word' id='word_1_171' title='bbox 1387 1874 1424 1916; x_wconf 91' lang='lat' dir='ltr'><strong>si</strong></span> <span class='ocrx_word' id='word_1_172' title='bbox 1461 1873 1659 1929; x_wconf 91' lang='lat' dir='ltr'><strong>aliquem</strong></span> <span class='ocrx_word' id='word_1_173' title='bbox 1689 1872 1951 1929; x_wconf 90' lang='lat' dir='ltr'><strong>intelligent</strong></span> 
     </span>
     <span class='ocr_line' id='line_1_23' title="bbox 315 1950 1952 2009; baseline -0.001 -14"><span class='ocrx_word' id='word_1_174' title='bbox 315 1953 597 1996; x_wconf 85' lang='lat' dir='ltr'><strong>auersionem</strong></span> <span class='ocrx_word' id='word_1_175' title='bbox 622 1952 758 1995; x_wconf 81' lang='lat' dir='ltr'><strong>animi</strong></span> <span class='ocrx_word' id='word_1_176' title='bbox 782 1967 892 2009; x_wconf 88' lang='lat' dir='ltr'><strong>erga</strong></span> <span class='ocrx_word' id='word_1_177' title='bbox 920 1967 969 1997; x_wconf 87' lang='lat' dir='ltr'><strong>se</strong></span> <span class='ocrx_word' id='word_1_178' title='bbox 1007 1951 1291 2008; x_wconf 90' lang='lat' dir='ltr'><strong>concepisse,</strong></span> <span class='ocrx_word' id='word_1_179' title='bbox 1334 1952 1547 1995; x_wconf 89' lang='lat' dir='ltr'><strong>studeant</strong></span> <span class='ocrx_word' id='word_1_180' title='bbox 1585 1950 1730 2006; x_wconf 90' lang='lat' dir='ltr'><strong>primo</strong></span> <span class='ocrx_word' id='word_1_181' title='bbox 1769 1963 1952 2004; x_wconf 89' lang='lat' dir='ltr'><strong>quoque</strong></span> 
     </span>
     <span class='ocr_line' id='line_1_24' title="bbox 318 2027 1748 2086; baseline -0.001 -14"><span class='ocrx_word' id='word_1_182' title='bbox 318 2031 517 2086; x_wconf 85' lang='lat' dir='ltr'><strong>ternpore</strong></span> <span class='ocrx_word' id='word_1_183' title='bbox 541 2030 658 2072; x_wconf 84' lang='lat' dir='ltr'><strong>illam</strong></span> <span class='ocrx_word' id='word_1_184' title='bbox 683 2044 842 2073; x_wconf 87' lang='lat' dir='ltr'><strong>sanare</strong></span> <span class='ocrx_word' id='word_1_185' title='bbox 866 2029 1190 2080; x_wconf 85' lang='lat' dir='ltr'><strong>infirmitatem,</strong></span> <span class='ocrx_word' id='word_1_186' title='bbox 1216 2036 1261 2072; x_wconf 93' lang='lat' dir='ltr'><strong>et</strong></span> <span class='ocrx_word' id='word_1_187' title='bbox 1284 2028 1465 2084; x_wconf 89' lang='lat' dir='ltr'><strong>quidem</strong></span> <span class='ocrx_word' id='word_1_188' title='bbox 1491 2027 1748 2083; x_wconf 82' lang='lat' dir='ltr'><strong>diligenter.</strong></span> 
     </span>
    </p>

    <p class='ocr_par' dir='ltr' id='par_1_7' title="bbox 317 2103 1952 2775">
     <span class='ocr_line' id='line_1_25' title="bbox 406 2103 1951 2162; baseline -0.003 -13"><span class='ocrx_word' id='word_1_189' title='bbox 406 2107 798 2162; x_wconf 81' lang='lat' dir='ltr'><strong>Congregationes</strong></span> <span class='ocrx_word' id='word_1_190' title='bbox 836 2106 1137 2162; x_wconf 90' lang='lat' dir='ltr'><strong>prouinciales</strong></span> <span class='ocrx_word' id='word_1_191' title='bbox 1175 2121 1232 2150; x_wconf 92' lang='lat' dir='ltr'><strong>ne</strong></span> <span class='ocrx_word' id='word_1_192' title='bbox 1255 2106 1382 2157; x_wconf 90' lang='lat' dir='ltr'><strong>fiant,</strong></span> <span class='ocrx_word' id='word_1_193' title='bbox 1420 2119 1568 2160; x_wconf 91' lang='lat' dir='ltr'><strong>neque</strong></span> <span class='ocrx_word' id='word_1_194' title='bbox 1591 2111 1834 2155; x_wconf 89' lang='lat' dir='ltr'><strong>rectorum,</strong></span> <span class='ocrx_word' id='word_1_195' title='bbox 1855 2103 1951 2146; x_wconf 84' lang='lat' dir='ltr'><strong>sine</strong></span> 
     </span>
     <span class='ocr_line' id='line_1_26' title="bbox 318 2179 1952 2239; baseline -0.002 -12"><span class='ocrx_word' id='word_1_196' title='bbox 318 2183 543 2239; x_wconf 78' lang='lat' dir='ltr'><strong>generalis</strong></span> <span class='ocrx_word' id='word_1_197' title='bbox 572 2184 642 2226; x_wconf 77' lang='lat' dir='ltr'><strong>vel</strong></span> <span class='ocrx_word' id='word_1_198' title='bbox 680 2183 835 2226; x_wconf 76' lang='lat' dir='ltr'><strong>vicarii</strong></span> <span class='ocrx_word' id='word_1_199' title='bbox 878 2184 1093 2226; x_wconf 85' lang='lat' dir='ltr'><strong>facultate</strong></span> <span class='ocrx_word' id='word_1_200' title='bbox 1132 2196 1361 2238; x_wconf 83' lang='lat' dir='ltr'><strong>expressa.</strong></span> <span class='ocrx_word' id='word_1_201' title='bbox 1388 2183 1492 2224; x_wconf 92' lang='lat' dir='ltr'><strong>Non</strong></span> <span class='ocrx_word' id='word_1_202' title='bbox 1522 2181 1640 2224; x_wconf 90' lang='lat' dir='ltr'><strong>enim</strong></span> <span class='ocrx_word' id='word_1_203' title='bbox 1676 2179 1833 2224; x_wconf 86' lang='lat' dir='ltr'><strong>haberi</strong></span> <span class='ocrx_word' id='word_1_204' title='bbox 1866 2181 1952 2223; x_wconf 86' lang='lat' dir='ltr'><strong>hae</strong></span> 
     </span>
     <span class='ocr_line' id='line_1_27' title="bbox 318 2258 1949 2316; baseline -0.001 -14"><span class='ocrx_word' id='word_1_205' title='bbox 318 2260 699 2316; x_wconf 81' lang='lat' dir='ltr'><strong>congregationes</strong></span> <span class='ocrx_word' id='word_1_206' title='bbox 717 2275 772 2303; x_wconf 81' lang='lat' dir='ltr'><strong>ex</strong></span> <span class='ocrx_word' id='word_1_207' title='bbox 796 2260 1003 2302; x_wconf 88' lang='lat' dir='ltr'><strong>instituto</strong></span> <span class='ocrx_word' id='word_1_208' title='bbox 1027 2266 1234 2315; x_wconf 88' lang='lat' dir='ltr'><strong>possunt,</strong></span> <span class='ocrx_word' id='word_1_209' title='bbox 1260 2259 1346 2301; x_wconf 89' lang='lat' dir='ltr'><strong>nisi</strong></span> <span class='ocrx_word' id='word_1_210' title='bbox 1369 2258 1445 2301; x_wconf 91' lang='lat' dir='ltr'><strong>vbi</strong></span> <span class='ocrx_word' id='word_1_211' title='bbox 1468 2258 1706 2302; x_wconf 90' lang='lat' dir='ltr'><strong>habendae</strong></span> <span class='ocrx_word' id='word_1_212' title='bbox 1734 2263 1841 2299; x_wconf 90' lang='lat' dir='ltr'><strong>sunt</strong></span> <span class='ocrx_word' id='word_1_213' title='bbox 1866 2270 1949 2312; x_wconf 92' lang='lat' dir='ltr'><strong>ge·</strong></span> 
     </span>
     <span class='ocr_line' id='line_1_28' title="bbox 318 2333 1949 2391; baseline -0.001 -13"><span class='ocrx_word' id='word_1_214' title='bbox 318 2337 507 2387; x_wconf 87' lang='lat' dir='ltr'><strong>nerales,</strong></span> <span class='ocrx_word' id='word_1_215' title='bbox 535 2350 646 2390; x_wconf 88' lang='lat' dir='ltr'><strong>quas</strong></span> <span class='ocrx_word' id='word_1_216' title='bbox 670 2336 842 2387; x_wconf 86' lang='lat' dir='ltr'><strong>indicit,</strong></span> <span class='ocrx_word' id='word_1_217' title='bbox 869 2337 939 2378; x_wconf 86' lang='lat' dir='ltr'><strong>vel</strong></span> <span class='ocrx_word' id='word_1_218' title='bbox 973 2335 1171 2378; x_wconf 87' lang='lat' dir='ltr'><strong>vicarius</strong></span> <span class='ocrx_word' id='word_1_219' title='bbox 1200 2335 1442 2391; x_wconf 91' lang='lat' dir='ltr'><strong>generalis,</strong></span> <span class='ocrx_word' id='word_1_220' title='bbox 1469 2335 1542 2378; x_wconf 90' lang='lat' dir='ltr'><strong>vel</strong></span> <span class='ocrx_word' id='word_1_221' title='bbox 1564 2333 1789 2390; x_wconf 90' lang='lat' dir='ltr'><strong>generalis</strong></span> <span class='ocrx_word' id='word_1_222' title='bbox 1820 2347 1949 2389; x_wconf 91' lang='lat' dir='ltr'><strong>prae-</strong></span> 
     </span>
     <span class='ocr_line' id='line_1_29' title="bbox 318 2408 1951 2468; baseline -0.003 -13"><span class='ocrx_word' id='word_1_223' title='bbox 318 2412 508 2468; x_wconf 88' lang='lat' dir='ltr'><strong>positus,</strong></span> <span class='ocrx_word' id='word_1_224' title='bbox 535 2414 606 2454; x_wconf 73' lang='lat' dir='ltr'><strong>vel</strong></span> <span class='ocrx_word' id='word_1_225' title='bbox 629 2412 762 2454; x_wconf 81' lang='lat' dir='ltr'><strong>etiam</strong></span> <span class='ocrx_word' id='word_1_226' title='bbox 803 2413 1082 2464; x_wconf 80' lang='lat' dir='ltr'><strong>assistentes,</strong></span> <span class='ocrx_word' id='word_1_227' title='bbox 1124 2412 1249 2455; x_wconf 84' lang='lat' dir='ltr'><strong>iuxta</strong></span> <span class='ocrx_word' id='word_1_228' title='bbox 1271 2413 1327 2456; x_wconf 82' lang='lat'><strong>67</strong></span> <span class='ocrx_word' id='word_1_229' title='bbox 1364 2411 1729 2454; x_wconf 89' lang='lat' dir='ltr'><strong>constitutiones.</strong></span> <span class='ocrx_word' id='word_1_230' title='bbox 1756 2408 1951 2453; x_wconf 86' lang='lat' dir='ltr'><strong>Additae</strong></span> 
     </span>
     <span class='ocr_line' id='line_1_30' title="bbox 317 2485 1950 2545; baseline -0.002 -14"><span class='ocrx_word' id='word_1_231' title='bbox 317 2497 422 2532; x_wconf 88' lang='lat' dir='ltr'><strong>sunt</strong></span> <span class='ocrx_word' id='word_1_232' title='bbox 448 2489 827 2545; x_wconf 75' lang='lat' dir='ltr'><strong>congregationes</strong></span> <span class='ocrx_word' id='word_1_233' title='bbox 851 2489 1152 2544; x_wconf 85' lang='lat' dir='ltr'><strong>prouinciales</strong></span> <span class='ocrx_word' id='word_1_234' title='bbox 1181 2504 1237 2532; x_wconf 84' lang='lat' dir='ltr'><strong>ex</strong></span> <span class='ocrx_word' id='word_1_235' title='bbox 1264 2490 1448 2532; x_wconf 91' lang='lat' dir='ltr'><strong>decreto</strong></span> <span class='ocrx_word' id='word_1_236' title='bbox 1477 2495 1559 2530; x_wconf 57' lang='lat'><strong>23³0</strong></span> <span class='ocrx_word' id='word_1_237' title='bbox 1591 2485 1818 2543; x_wconf 88' lang='lat' dir='ltr'><strong>generalis</strong></span> <span class='ocrx_word' id='word_1_238' title='bbox 1842 2499 1950 2528; x_wconf 90' lang='lat' dir='ltr'><strong>con-</strong></span> 
     </span>
     <span class='ocr_line' id='line_1_31' title="bbox 318 2564 1951 2623; baseline -0.002 -15"><span class='ocrx_word' id='word_1_239' title='bbox 318 2566 598 2623; x_wconf 82' lang='lat' dir='ltr'><strong>gregationis</strong></span> <span class='ocrx_word' id='word_1_240' title='bbox 623 2567 689 2620; x_wconf 79' lang='lat'><strong>3.⁰</strong></span> <span class='ocrx_word' id='word_1_241' title='bbox 713 2580 892 2621; x_wconf 86' lang='lat' dir='ltr'><strong>quoque</strong></span> <span class='ocrx_word' id='word_1_242' title='bbox 916 2581 1034 2608; x_wconf 81' lang='lat' dir='ltr'><strong>anno</strong></span> <span class='ocrx_word' id='word_1_243' title='bbox 1063 2567 1119 2609; x_wconf 88' lang='lat' dir='ltr'><strong>ad</strong></span> <span class='ocrx_word' id='word_1_244' title='bbox 1149 2566 1384 2621; x_wconf 90' lang='lat' dir='ltr'><strong>eligendos</strong></span> <span class='ocrx_word' id='word_1_245' title='bbox 1416 2572 1732 2621; x_wconf 89' lang='lat' dir='ltr'><strong>procuratores</strong></span> <span class='ocrx_word' id='word_1_246' title='bbox 1762 2564 1951 2606; x_wconf 89' lang='lat' dir='ltr'><strong>Romam</strong></span> 
     </span>
     <span class='ocr_line' id='line_1_32' title="bbox 320 2640 1948 2698; baseline -0.003 -12"><span class='ocrx_word' id='word_1_247' title='bbox 320 2644 579 2688; x_wconf 90' lang='lat' dir='ltr'><strong>mittendos.</strong></span> <span class='ocrx_word' id='word_1_248' title='bbox 614 2644 799 2686; x_wconf 84' lang='lat' dir='ltr'><strong>Praeter</strong></span> <span class='ocrx_word' id='word_1_249' title='bbox 838 2645 919 2684; x_wconf 87' lang='lat' dir='ltr'><strong>has</strong></span> <span class='ocrx_word' id='word_1_250' title='bbox 956 2643 1077 2685; x_wconf 87' lang='lat' dir='ltr'><strong>nulla</strong></span> <span class='ocrx_word' id='word_1_251' title='bbox 1115 2642 1217 2698; x_wconf 89' lang='lat' dir='ltr'><strong>cogi</strong></span> <span class='ocrx_word' id='word_1_252' title='bbox 1252 2650 1402 2698; x_wconf 31' lang='lat' dir='ltr'><strong>potes-t</strong></span> <span class='ocrx_word' id='word_1_253' title='bbox 1432 2640 1720 2698; x_wconf 88' lang='lat' dir='ltr'><strong>prouincialis</strong></span> <span class='ocrx_word' id='word_1_254' title='bbox 1754 2652 1948 2695; x_wconf 87' lang='lat' dir='ltr'><strong>congre-</strong></span> 
     </span>
     <span class='ocr_line' id='line_1_33' title="bbox 322 2720 461 2775; baseline -0.007 -12"><span class='ocrx_word' id='word_1_255' title='bbox 322 2720 461 2775; x_wconf 82' lang='lat' dir='ltr'><strong>gatio.</strong></span> 
     </span>
    </p>

    <p class='ocr_par' dir='ltr' id='par_1_8' title="bbox 319 2792 2003 2932">
     <span class='ocr_line' id='line_1_34' title="bbox 410 2792 1950 2852; baseline -0.004 -12"><span class='ocrx_word' id='word_1_256' title='bbox 410 2796 706 2840; x_wconf 89' lang='lat' dir='ltr'><strong>Prouincialis</strong></span> <span class='ocrx_word' id='word_1_257' title='bbox 727 2796 957 2839; x_wconf 86' lang='lat' dir='ltr'><strong>adhibebit</strong></span> <span class='ocrx_word' id='word_1_258' title='bbox 986 2796 1265 2852; x_wconf 86' lang='lat' dir='ltr'><strong>diligentiam</strong></span> <span class='ocrx_word' id='word_1_259' title='bbox 1296 2810 1400 2838; x_wconf 91' lang='lat' dir='ltr'><strong>cum</strong></span> <span class='ocrx_word' id='word_1_260' title='bbox 1432 2794 1555 2838; x_wconf 90' lang='lat' dir='ltr'><strong>omni</strong></span> <span class='ocrx_word' id='word_1_261' title='bbox 1588 2793 1807 2847; x_wconf 88' lang='lat' dir='ltr'><strong>efficacia,</strong></span> <span class='ocrx_word' id='word_1_262' title='bbox 1834 2800 1882 2835; x_wconf 91' lang='lat' dir='ltr'><strong>vt</strong></span> <span class='ocrx_word' id='word_1_263' title='bbox 1905 2792 1950 2834; x_wconf 92' lang='lat' dir='ltr'><strong>in</strong></span> 
     </span>
     <span class='ocr_line' id='line_1_35' title="bbox 319 2869 2003 2932; baseline -0.004 -15"><span class='ocrx_word' id='word_1_264' title='bbox 319 2874 530 2917; x_wconf 89' lang='lat' dir='ltr'><strong>omnibus</strong></span> <span class='ocrx_word' id='word_1_265' title='bbox 552 2873 885 2929; x_wconf 87' lang='lat' dir='ltr'><strong>episcopatibus</strong></span> <span class='ocrx_word' id='word_1_266' title='bbox 903 2874 1156 2916; x_wconf 81' lang='lat' dir='ltr'><strong>declaretur</strong></span> <span class='ocrx_word' id='word_1_267' title='bbox 1179 2881 1223 2915; x_wconf 91' lang='lat' dir='ltr'><strong>et</strong></span> <span class='ocrx_word' id='word_1_268' title='bbox 1246 2872 1520 2929; x_wconf 87' lang='lat' dir='ltr'><strong>publicetur,</strong></span> <span class='ocrx_word' id='word_1_269' title='bbox 1546 2878 1594 2913; x_wconf 84' lang='lat' dir='ltr'><strong>vt</strong></span> <span class='ocrx_word' id='word_1_270' title='bbox 1619 2871 1770 2913; x_wconf 90' lang='lat' dir='ltr'><strong>nullus</strong></span> <span class='ocrx_word' id='word_1_271' title='bbox 1788 2869 1951 2913; x_wconf 90' lang='lat' dir='ltr'><strong>creda-</strong></span> <span class='ocrx_word' id='word_1_272' title='bbox 1985 2908 2003 2932; x_wconf 24' lang='lat' dir='ltr'><strong>,q</strong></span> 
     </span>
    </p>
   </div>
   <div class='ocr_carea' id='block_1_3' title="bbox 392 3029 1438 3076">
    <p class='ocr_par' dir='ltr' id='par_1_9' title="bbox 392 3029 1438 3076">
     <span class='ocr_line' id='line_1_36' title="bbox 392 3029 1438 3076; baseline -0.003 -1"><span class='ocrx_word' id='word_1_273' title='bbox 392 3051 409 3067; x_wconf 76' lang='lat' dir='ltr'><strong>a</strong></span> <span class='ocrx_word' id='word_1_274' title='bbox 458 3040 605 3075; x_wconf 78' lang='lat' dir='ltr'><strong>sabboti</strong></span> <span class='ocrx_word' id='word_1_275' title='bbox 625 3029 696 3076; x_wconf 83' lang='lat' dir='ltr'><strong>ms.</strong></span> <span class='ocrx_word' id='word_1_276' title='bbox 716 3039 778 3074; x_wconf 91' lang='lat' dir='ltr'><strong>hic</strong></span> <span class='ocrx_word' id='word_1_277' title='bbox 797 3044 836 3074; x_wconf 90' lang='lat' dir='ltr'><strong>et</strong></span> <span class='ocrx_word' id='word_1_278' title='bbox 855 3038 966 3074; x_wconf 85' lang='lat' dir='ltr'><strong>infra.</strong></span> <span class='ocrx_word' id='word_1_279' title='bbox 1021 3040 1084 3064; x_wconf 80' lang='lat' dir='ltr'><strong>—b</strong></span> <span class='ocrx_word' id='word_1_280' title='bbox 1111 3038 1344 3073; x_wconf 78' lang='lat' dir='ltr'><strong>consiliatus</strong></span> <span class='ocrx_word' id='word_1_281' title='bbox 1363 3050 1438 3073; x_wconf 89' lang='lat' dir='ltr'><strong>ms.</strong></span> 
     </span>
    </p>
   </div>
   <div class='ocr_carea' id='block_1_4' title="bbox 1958 0 2028 3426">
    <p class='ocr_par' dir='ltr' id='par_1_10' title="bbox 1958 0 2028 3426">
     <span class='ocr_line' id='line_1_37' title="bbox 1958 0 2028 3426; baseline 0 0"><span class='ocrx_word' id='word_1_282' title='bbox 1958 0 2028 3426; x_wconf 95' lang='lat' dir='ltr'><strong> </strong></span> 
     </span>
    </p>
   </div>
  </div>
 </body>
</html>
