2028 3426
619 265 891 299 MONUMENTA
918 264 1184 299 ITALlAE—IS
1603 273 1668 310 179

71 368 212 413 'orbis
241 367 379 410 totius
406 365 627 421 partibus,
658 364 905 408 ministeria
938 364 1177 409 Societatis
1215 365 1504 416 conferendo,
1547 367 1602 407 ad
1638 382 1715 409 eos

13 447 15 450 ⁴
38 459 42 463 ·
72 444 329 496 2iuuandos‚
356 441 431 497 qui
455 441 673 497 spirituali
697 441 862 484 auxilio
886 441 975 483 sint
996 440 1217 493 destituti,
1248 440 1345 483 siue
1374 440 1418 482 in
1448 441 1713 496 regionibus

55 519 438 570 .·catholicorum,
480 518 576 561 siue
612 517 959 569 haereticorum,
1000 517 1097 560 siue
1134 519 1573 569 mahumetanorum,
1615 518 1712 561 siue

52 582 56 590 ,
92 594 340 654 gentilium.
375 595 463 637 Hic
493 609 600 637 uero
637 594 740 636 finis
777 593 1015 638 Societatis
1053 601 1122 637 est
1157 593 1537 649 preciosissimus,
1578 601 1713 649 atque

91 671 410 730 optatissimus,
438 678 488 713 ut
509 685 562 713 eo
591 678 828 714 accurrant
850 670 991 713 nostri
1014 670 1293 713 adiuuandas
1315 669 1502 722 animas,
1529 670 1606 712 ubi
1628 672 1713 713 hae

87 750 146 794 de
167 756 348 793 aeterna
370 750 514 791 salute
536 747 863 803 periclitantur.
890 747 1010 790 Vsus
1032 746 1297 789 missionum
1325 754 1409 798 est,
1438 754 1486 789 ut
1509 747 1713 789 mittatur

89 840 203 869 Vnus
225 826 470 881 professus,
497 824 574 880 qui
597 824 891 867 concionetur
912 832 957 866 et
979 823 1196 867 lectiones
1218 837 1368 866 sacras
1391 825 1571 874 habeat,
1598 823 1712 866 alius

14 903 17 915 ¹
63 931 66 933 -
86 901 333 953 coadiutor,
360 901 436 956 qui
459 900 613 943 audiat
635 900 957 952 confessiones,
984 907 1174 954 uterque
1196 899 1441 942 ministeria
1470 900 1712 943 Societatis

62 973 332 1035 *spiritualia
361 979 509 1021 obeat.
542 978 639 1019 Has
668 976 904 1020 missiones
932 976 1065 1019 faciet
1093 991 1296 1018 summus
1324 975 1542 1031 pontifeX,
1578 976 1712 1019 faciet

15 1100 17 1111 ,
88 1055 218 1099 etiam
248 1053 473 1110 generalis
502 1053 798 1109 praepositus3
832 1054 992 1094 harum
1021 1052 1188 1108 incepit
1215 1067 1315 1096 esse
1353 1067 1462 1095 usus
1498 1054 1711 1107 frequens

35 1163 37 1166 .
66 1132 155 1174 ¹his
175 1130 312 1173 initiis
335 1129 589 1183 Societatis,
609 1144 690 1185 pro
708 1137 966 1172 nostrorum
989 1129 1231 1185 paucitate.

14 1255 17 1272 ἱ
75 1202 77 1205 ’
171 1207 239 1250 Ex
260 1210 343 1250 hac
367 1215 494 1262 parte
516 1206 726 1258 instituti,
753 1221 868 1261 quae
891 1207 946 1248 ad
967 1205 1204 1248 missiones
1221 1206 1398 1258 attinet,
1425 1207 1595 1248 factum
1620 1214 1704 1257 est,

15 1296 41 1334 ¹-
88 1292 136 1328 ut
156 1284 343 1340 professi
366 1284 506 1326 nostri
539 1284 596 1326 ad
622 1283 705 1325 tria
733 1292 840 1325 uota
872 1283 1103 1334 solemnia,
1136 1297 1252 1337 quae
1287 1282 1544 1325 communia
1580 1290 1703 1333 sunt,

15 1360 17 1378 ¹
63 1348 298 1405 sadderent
321 1368 546 1415 quartum,
567 1359 850 1404 obedientiae
872 1374 1048 1402 summo
1070 1359 1272 1415 pontifici
1295 1360 1351 1401 ad
1373 1359 1625 1411 missiones,
1652 1360 1708 1401 ad

85 1437 294 1481 maiorem
318 1451 428 1493 erga
450 1436 750 1480 obedientiam
774 1436 893 1479 sedis
916 1435 1189 1491 apostolicae
1212 1435 1515 1487 deuotionem,
1536 1436 1592 1478 ad
1614 1451 1707 1477 ma—

70 1502 216 1557 iorem
242 1529 424 1556 suarum
452 1514 737 1556 voluntatum
769 1512 1134 1568 abnegationem,
1168 1520 1212 1556 et
1244 1512 1478 1555 certiorem
1511 1511 1707 1568 Spiritus

82 1590 222 1633 sancti
243 1590 553 1643 directionem;
579 1597 648 1632 est
670 1589 787 1633 enim
806 1591 919 1631 haec
938 1604 1040 1644 pars
1056 1588 1296 1644 praecipua
1312 1595 1358 1630 et
1377 1588 1530 1630 ultima
1553 1588 1707 1631 Socie-

15 1713 17 1729 1
83 1666 199 1719 tatis,
241 1681 375 1722 quam
415 1681 647 1722 speramus
686 1667 780 1708 sore
817 1665 1221 1708 fructuosissimam
1260 1672 1305 1707 et
1348 1664 1705 1709 celeberrimam.

15 1756 34 1798 Q
81 1743 208 1787 Ratio
229 1758 339 1786 uero
360 1750 405 1786 et
427 1743 645 1799 obligatio
667 1744 762 1786 uoti
785 1745 897 1786 haec
920 1751 1003 1794 est,
1026 1749 1074 1784 vt
1091 1743 1285 1785 habetur
1302 1742 1345 1783 in
1366 1742 1556 1784 formula
1574 1741 1707 1784 insti-

15 1814 19 1836 *
82 1820 178 1862 tuti:
205 1827 250 1862 vt
274 1819 489 1874 quicquid
511 1821 753 1863 modernus
776 1827 820 1862 et
842 1819 914 1862 alii
938 1819 1111 1861 romani
1134 1819 1370 1874 pontifices
1393 1833 1473 1873 pro
1503 1825 1705 1874 tempore

15 1895 19 1954 ᾗ
51 1896 320 1953 2existentes
342 1896 572 1949 iusserint,
599 1898 655 1938 ad
682 1897 933 1952 profectum
964 1895 1232 1946 animarum,
1273 1902 1317 1937 et
1349 1894 1454 1937 fidei
1488 1909 1706 1950 propaga-

13 1979 19 1994 *
62 1971 243 2030 vtionem
281 1973 534 2028 pertinens,
576 1981 621 2015 et
659 1975 716 2015 ad
754 1987 1062 2028 quascumque
1099 1971 1356 2027 prouincias
1400 1986 1482 2014 nos
1525 1970 1704 2014 mittere

17 2066 19 2076 =
55 2050 322 2110 >Noluerint,
368 2050 465 2092 sine
508 2051 599 2093 ulla
648 2049 1025 2106 tergiuersatione
1074 2057 1152 2091 aut
1194 2048 1511 2099 excusatione,
1564 2047 1702 2101 illico,

18 2152 19 2156 =
64 2133 294 2180 ,quantum
319 2126 365 2168 in
387 2126 516 2170 nobis
540 2127 690 2179 fuerit,
717 2128 813 2169 siue
835 2141 917 2168 nos
940 2127 996 2168 ad
1020 2134 1186 2177 turcas,
1207 2125 1305 2168 siue
1322 2126 1378 2167 ad
1396 2138 1706 2180 quoscumque

16 2258 21 2268 Α
80 2202 189 2246 alios
210 2203 429 2256 infideles,
455 2204 590 2247 etiam
613 2205 659 2246 in
681 2211 847 2259 parteS,
874 2217 985 2258 quas
1003 2202 1152 2245 Indias
1169 2209 1352 2252 uocant,
1374 2201 1471 2244 siue
1490 2202 1546 2243 ad
1569 2215 1702 2255 quos-

13 2278 21 2332 ζ
79 2292 270 2334 eumque
312 2280 586 2332 haereticos,
627 2279 958 2332 schismaticos,
999 2294 1079 2322 seu
1112 2279 1246 2321 etiam
1285 2278 1342 2320 ad
1390 2292 1704 2332 quoscumque

14 2373 21 2393 a
55 2405 58 2408 Α
81 2355 231 2400 fideles
253 2357 494 2400 mittendos
517 2356 792 2408 censuerint,
819 2355 980 2410 exequi
1000 2363 1250 2399 teneamur.

163 2433 221 2477 49
250 2432 369 2490 (166)
412 2434 528 2476 Cum
567 2440 718 2475 autem
756 2440 801 2476 et
838 2439 933 2475 tota
970 2431 1196 2484 Societas,
1237 2438 1281 2474 et
1313 2433 1426 2473 haec
1458 2430 1700 2486 praecipua

80 2514 189 2563 pars*
199 2509 460 2552 missionum
484 2509 721 2552 animabus
742 2509 952 2552 iuuandis
980 2510 1056 2552 det
1079 2523 1277 2563 operam,
1303 2522 1420 2562 quae
1442 2514 1580 2562 egent
1610 2506 1703 2561 spi-

9 2622 17 2637 „
81 2575 226 2627 rituali
249 2586 429 2638 auxilio,
456 2586 530 2629 uel
552 2587 673 2640 quod
695 2585 932 2641 episcopos
956 2599 1047 2637 non
1069 2585 1283 2637 habeant,
1308 2584 1380 2627 vel
1404 2584 1527 2638 quod
1548 2582 1594 2624 hi
1618 2582 1701 2637 ipsi

11 2661 16 2677 ⁴¹
59 2660 272 2721 3episcopi
293 2662 492 2705 subsidio
515 2669 653 2718 egent
675 2663 732 2705 ad
754 2663 945 2704 salutem
970 2661 1218 2703 animarum
1242 2661 1587 2715 procurandam,
1615 2672 1700 2700 nec

11 2760 21 2771 ‹-
79 2736 187 2780 illud
207 2746 396 2793 possunt
417 2739 597 2781 aliunde
619 2735 854 2793 consequi,
886 2739 953 2791 fit,
985 2722 1034 2780 'ut
1064 2737 1133 2779 his
1171 2736 1516 2780 necessitatibus
1548 2734 1699 2790 proui-

72 2805 184 2856 'dere
204 2815 366 2857 summi
388 2815 613 2871 pontificis
636 2814 945 2871 prouidentiae
967 2813 1225 2864 Vniuersali,
1246 2823 1290 2855 et
1308 2827 1442 2854 curae
1460 2819 1504 2855 et
1528 2811 1698 2866 episco-

11 2947 14 2952 .
80 2890 200 2943 patui
221 2891 468 2935 incumbat.
496 2893 650 2947 Quare
672 2891 985 2935 existimarunt
1006 2888 1237 2945 praeteriti
1269 2888 1431 2930 summi
1461 2886 1699 2942 pontifices

8 2951 20 3001 Ῠ
79 2964 239 3010 habere
260 2982 308 3010 se
331 2968 602 3012 Societatem
625 2983 705 3024 pro
727 2967 971 3011 vniuersali
993 2965 1113 3008 sedis
1136 2964 1410 3020 apostolicae
1438 2961 1693 3012 seminario,

82 3053 183 3095 quo,
208 3045 263 3086 ad
291 3044 582 3088 necessitates
611 3044 831 3088 ecclesiae
859 3043 1110 3087 catholicae
1138 3041 1457 3090 subleuandas,
1493 3045 1695 3080 utantur.
