2028 3426
388 235 459 282 350
862 236 1018 271 Funis
1046 235 1288 270 H1ERONYMl
1315 235 1467 271 NADAL

339 339 520 382 actibus
543 338 724 392 artium,
750 345 989 394 postquam
1013 338 1236 380 hactenus
1258 351 1349 380 non
1373 336 1570 381 iuerunt.
1603 340 1673 382 De
1700 339 1977 383 conuictori—

340 417 427 459 bus
450 415 507 459 sit
529 415 738 458 iuditium
763 413 926 458 rectori
950 413 997 456 in
1019 415 1105 457 hac
1128 428 1191 457 re.

430 493 598 536 Custos
620 491 880 535 melinensis
902 505 993 532 non
1016 490 1194 534 videtur
1219 492 1305 534 hoc
1324 498 1525 547 tempore
1542 491 1847 548 recipiendus,
1868 490 1973 536 cum

340 569 431 612 sint
455 577 544 612 tam
573 569 703 611 multi
732 569 776 610 in
810 568 1020 623 collegio,
1056 575 1105 610 vt
1140 568 1269 611 facile
1303 568 1361 610 ali
1393 584 1485 612 non
1516 570 1707 625 possint:
1744 578 1789 614 et
1823 580 1976 614 tamen

338 646 424 689 erit
446 646 655 689 iuditium
680 644 980 701 prouintialis,
1006 659 1116 687 num
1138 645 1304 700 poterit
1327 645 1485 701 recipi,
1512 661 1570 688 an
1592 647 1651 689 sit
1671 647 1874 691 idoneus.

431 723 664 766 Notabiles
687 721 940 765 sententiae
963 728 1156 777 possunt
1178 722 1321 778 repeti
1345 722 1391 764 in
1413 737 1585 766 mensa.

428 802 496 843 Ne
522 802 597 843 fiat
619 814 743 851 Vsus,
770 799 1150 854 quemadmodum
1175 807 1310 844 antea
1332 815 1424 842 non
1447 800 1548 853 fuit,
1574 801 1758 857 legendi
1781 800 1826 844 in
1844 816 1955 845 men¹

339 892 387 919 sa
411 876 774 919 constitutiones:
801 875 910 918 satis
933 883 1002 918 est
1025 875 1061 918 si
1087 877 1271 932 regulae
1293 878 1522 933 legantur,
1548 884 1637 921 etc.

428 954 588 996 Libros
605 952 857 996 haereticos
875 952 1143 1008 prohibitos,
1164 967 1277 1008 quos
1296 953 1499 997 censebit
1517 953 1796 998 necessarios
1816 955 1863 997 P.
1884 955 1973 998 Co-

339 1039 486 1073 sterus
509 1032 564 1072 ad
596 1029 948 1086 controuersias,
980 1029 1371 1086 interpretandum
1400 1038 1479 1073 aut
1507 1030 1886 1084 concionandum,
1917 1047 1973 1076 ex

339 1106 436 1150 eius
461 1106 647 1149 arbitrio
672 1114 886 1162 poterunt
908 1106 1109 1159 retineri3
1136 1108 1215 1151 sed
1239 1107 1300 1150 ita
1323 1115 1473 1150 tamen
1493 1115 1540 1150 vt
1558 1107 1648 1151 sint
1665 1122 1842 1163 semper
1860 1108 1973 1152 cista

341 1183 560 1226 conclusi:
587 1197 670 1225 nec
695 1182 958 1238 permittant
980 1183 1088 1239 legi,
1115 1183 1199 1226 nisi
1223 1184 1279 1226 ab
1308 1184 1377 1235 iis,
1411 1183 1487 1239 qui
1512 1185 1773 1227 facultatem
1803 1186 1972 1228 habent

338 1260 602 1316 legitimam:
631 1260 789 1315 reliqui
813 1261 1156 1302 comburantur.

426 1339 656 1381 Notentur
677 1337 824 1393 capita
846 1336 1107 1389 bibliorum,
1134 1352 1249 1392 quae
1278 1346 1470 1394 possunt
1498 1339 1727 1383 offendere
1751 1339 1972 1383 infirmio-

338 1429 424 1466 res,
450 1422 495 1456 et
518 1413 953 1477 praetermittantur,
981 1427 1084 1456 cum
1108 1415 1326 1470 leguntur
1349 1414 1501 1458 biblia.

424 1491 614 1547 Januae,
655 1506 771 1546 quae
808 1491 1050 1535 intercedit
1086 1491 1204 1534 inter
1241 1491 1532 1536 conuictores
1565 1500 1610 1536 et
1649 1508 1750 1546 nos,
1790 1496 1973 1551 pondus

334 1569 619 1620 adhibeatur,
646 1570 768 1623 quod
793 1567 930 1611 faciat
954 1575 1004 1610 ut
1026 1584 1106 1624 per
1129 1584 1177 1612 se
1200 1568 1336 1611 ianua
1358 1569 1613 1612 claudatur:
1639 1578 1684 1614 et
1713 1571 1969 1627 diligentis-

334 1646 446 1689 sime
480 1646 728 1701 praecipiat
761 1653 911 1688 rector
943 1645 1007 1687 illi
1040 1645 1239 1697 ianitori,
1276 1659 1333 1688 ne
1356 1645 1476 1689 illam
1509 1655 1711 1703 apertam
1744 1648 1971 1704 relinquat

334 1737 618 1778 quacumque
658 1722 915 1775 occasione,
948 1722 1114 1778 alioqui
1150 1722 1479 1779 iniungendam
1512 1723 1575 1766 illi
1607 1739 1707 1768 esse
1729 1725 1970 1781 poeniten-

333 1800 437 1842 tiam
462 1801 517 1843 de
541 1799 664 1855 puris
687 1799 970 1842 naturalibus
999 1801 1025 1841 ¹.

423 1879 509 1919 Per
534 1878 584 1919 P.
612 1875 909 1919 Laurentium
932 1883 978 1918 et
1001 1878 1053 1919 Ρ.
1081 1876 1329 1932 Rogerium
1358 1883 1572 1932 poterunt
1600 1879 1773 1922 rosaria
1802 1880 1967 1924 confici

330 1967 384 1996 eo
410 1953 600 2005 facilius,
627 1954 748 2008 quod
773 1953 972 1995 habeant
993 1952 1082 1995 iam
1101 1953 1453 1997 instrumentum
1473 1955 1590 2010 torni
1607 1963 1639 1998 ³:
1663 1963 1839 1999 tanturn
1857 1957 1967 2001 illud

331 2037 398 2072 est
429 2030 669 2084 reliquum,
702 2036 750 2071 vt
774 2030 852 2072 fiat
881 2029 1034 2072 nescio
1063 2031 1187 2084 quod
1215 2029 1584 2084 instrumentum,
1616 2033 1738 2087 quod
1766 2034 1894 2076 nouit
1922 2042 1967 2078 et

330 2106 437 2148 dicit
461 2106 707 2150 desiderari
732 2108 785 2151 P.
812 2106 1099 2149 Laurentius.
1127 2106 1250 2149 Dicit
1273 2107 1408 2150 etiam
1432 2122 1481 2150 se
1503 2108 1619 2152 scire
1641 2109 1717 2152 vbi
1740 2109 1798 2153 sit
1821 2112 1938 2155 confi
1954 2138 1965 2144 -
1991 2132 1997 2139 «

331 2182 543 2226 ciendum
568 2184 688 2238 apud
712 2184 930 2237 quosdam
957 2184 1208 2226 monachos
1230 2183 1496 2227 diestenses.

422 2261 607 2302 Praeter
630 2260 750 2301 illam
776 2259 936 2302 missae
960 2259 1324 2316 applicationem,
1351 2275 1467 2315 quae
1489 2262 1604 2305 solet
1626 2263 1723 2308 fieri
1746 2279 1827 2320 pro
1845 2266 1965 2309 Ger-
1999 2309 2002 2315 ,

330 2336 479 2377 mania
502 2335 696 2391 singulis
719 2336 968 2388 mensibus,
994 2343 1116 2381 esset
1136 2336 1245 2380 vtile
1268 2344 1317 2378 ut
1340 2338 1499 2380 saltem
1519 2338 1564 2380 in
1583 2341 1786 2395 generali
1803 2342 1964 2399 singu·

330 2412 383 2454 lis
407 2412 554 2454 missis
577 2413 838 2456 sacerdotes
861 2427 1018 2456 omnes
1042 2413 1264 2457 haberent
1294 2414 1554 2457 memoriam
1579 2416 1737 2459 salutis
1767 2419 1963 2463 Germa·
2000 2404 2004 2406 .

330 2488 430 2530 niae
461 2495 506 2530 et
536 2488 723 2531 aliarum
753 2490 1009 2544 regionum,
1035 2489 1226 2541 Galliae,
1259 2489 1472 2546 Angliae,
1504 2492 1701 2536 Scotiae.
1734 2495 1790 2537 Et
1820 2510 1876 2539 ne
1905 2496 1962 2539 sit
1991 2515 2003 2542 e

328 2566 588 2621 scrupulus,
624 2566 754 2620 quasi
789 2566 1027 2609 videantur
1056 2566 1219 2610 missae
1248 2567 1462 2623 applicari
1494 2583 1575 2624 pro
1604 2570 1862 2625 haereticis,
1892 2580 1962 2616 est

328 2641 390 2683 ita
419 2641 782 2697 intelligendum,
815 2652 862 2685 vt
891 2658 972 2698 pro
1001 2643 1203 2687 ecclesiis
1226 2642 1243 2668 b
1275 2633 1548 2688 Germaniae
1580 2655 1625 2689 et
1653 2649 1893 2693 catholicis
1915 2657 1962 2695 et

327 2718 424 2761 eius
447 2726 694 2774 augmento
716 2721 937 2761 habeatur
955 2719 1186 2772 memoria,
1207 2728 1252 2763 et
1271 2720 1436 2764 nostris
1453 2721 1529 2776 qui
1548 2723 1754 2767 habitant
1771 2725 1955 2769 ibidem.

418 2797 564 2839 Detur
585 2809 721 2850 opera
742 2810 823 2851 per
843 2796 1160 2851 prouintialem
1184 2805 1229 2840 et
1251 2804 1472 2842 rectorem
1496 2798 1541 2840 in
1570 2813 1654 2842 suo
1683 2802 1856 2855 ordine,
1888 2811 1956 2856 ut,

398 2942 413 2956 ³¹
465 2931 536 2966 Ms.
556 2931 684 2966 turni.
736 2932 802 2958 —b
830 2932 900 2966 Ms.
922 2932 1086 2967 eclesiis.

332 3001 432 3005 —
1993 3014 1999 3031 i

399 3037 406 3055 ¹
461 3036 566 3081 Quid
585 3038 656 3072 hae
674 3037 937 3083 poenitentiae
956 3037 1111 3079 fuerint,
1134 3039 1301 3085 explicat
1329 3039 1476 3076 Natalis
1502 3041 1616 3088 infra,
1642 3054 1757 3089 pagg.
1783 3047 1954 3092 415-416.
1986 3039 2000 3096 ς’
