2028 3426
590 277 865 314 MONUMENTA
892 279 1160 316 ITALIAE—18
1587 285 1647 319 181

48 407 50 409 >
79 386 150 421 tae
171 384 390 428 euertere,
426 383 471 420 et
499 391 523 418 a
552 377 778 421 Societate
806 379 1092 423 coadiutores
1128 380 1384 437 spirituales
1415 383 1695 435 exscindere,

32 459 125 498 ‘fet
146 455 291 497 facere
321 462 370 495 ut
397 452 554 496 mutila
581 453 638 496 sit
667 454 886 507 Societas,
919 458 1121 499 membro
1158 472 1240 500 suo
1278 464 1367 500 tam
1405 461 1571 515 amplo,
1609 469 1696 504 tam

45 522 347 583 {²*necessario,
373 529 546 579 orbata;
573 537 815 585 postremo,
839 534 962 586 quod
985 548 1075 576 non
1097 533 1308 590 ponimus
1330 534 1373 576 in
1397 536 1574 591 vulgari
1595 552 1696 593 par-

35 587 140 658 ite,
172 608 334 657 facere,
366 613 416 648 ut
445 620 526 648 nos
556 606 705 648 animo
743 620 901 652 omnes
931 609 1106 652 deiecto
1144 610 1301 663 simus,
1341 611 1417 653 ubi
1454 613 1698 656 viderimus

34 670 35 674 Ἰ
75 684 278 726 'nostrum
301 682 557 724 institutum
580 686 620 724 et
647 684 906 726 ministeria
930 692 1018 728 tam
1037 687 1238 742 grauiter
1254 687 1395 743 affligi
1413 696 1444 730 a.
1472 690 1607 744 Quod
1631 698 1696 732 ta-

81 774 181 803 men
202 759 324 801 nulla
341 758 516 801 ratione
532 759 578 800 in
596 759 780 802 animun
799 761 1011 806 inducere
1027 778 1271 818 possumus
1293 766 1511 818 futurum;
1534 766 1698 809 fuimus

76 834 195 879 enim
218 837 438 879 hactenus
462 843 508 878 et
530 835 696 878 erimus
719 850 895 892 semper
918 839 1013 881 sedi
1034 839 1305 894 apostolicae
1322 842 1584 887 obedientes
1601 843 1694 896 filii3

46 946 51 961 „
79 911 249 967 aliquos
276 912 468 963 labores,
501 911 783 964 afflictiones,
808 915 1198 969 persequutiones,
1224 924 1392 961 mortes
1413 933 1496 974 pro
1518 920 1697 963 Christo

52 975 55 1038 ἶ
74 990 180 1046 Jesu
202 995 246 1030 et
268 987 366 1031 eius
388 988 578 1031 ecclesia
601 1002 784 1032 romana
806 990 1119 1045 sustinuimus3
1145 1000 1191 1035 et
1212 992 1309 1048 ipso
1330 994 1461 1046 duce,
1487 995 1699 1052 deinceps

58 1059 298 1108 'sustinere
332 1064 475 1118 parati
504 1079 676 1107 sumus.
711 1067 799 1108 Pro
830 1066 901 1108 his
931 1068 1090 1110 officiis
1117 1068 1215 1111 siue
1248 1070 1446 1114 seruitiis
1476 1072 1576 1126 quis
1608 1087 1698 1115 non

41 1139 51 1180 J
78 1148 224 1197 speret
247 1155 272 1183 a
294 1141 401 1184 sede
423 1140 671 1196 apostolica
694 1149 739 1185 et
762 1143 887 1186 Smo.
912 1144 968 1187 D.
993 1145 1048 1187 N.
1082 1146 1327 1201 Gregorio,
1352 1148 1699 1203 vigilantissimo

67 1224 211 1272 :atque
238 1216 572 1272 sapientissimo
600 1226 801 1273 pastore,
834 1234 922 1262 non
952 1222 1096 1263 solum
1127 1221 1237 1264 nihil
1274 1223 1404 1266 nobis
1440 1225 1697 1280 ademptum

61 1293 130 1342 [siri
155 1302 411 1336 nostrorum
444 1293 807 1349 priuilegiorum‚
839 1297 919 1339 sed
946 1296 1096 1352 potius
1133 1298 1207 1340 illa
1243 1300 1391 1342 omnia
1428 1302 1698 1345 stabilienda

12 1423 13 1427 Ἰ
66 1384 173 1415 ,esse
195 1369 463 1421 firmissime,
490 1377 535 1414 et
557 1370 788 1414 minimam
813 1373 930 1414 hanc
947 1373 1219 1418 Societatem
1237 1377 1368 1419 nouis
1385 1378 1518 1421 etiam
1541 1379 1698 1435 gratiis

12 1442 13 1446 ¹
63 1448 462 1504 ⁷accumulandam,
489 1450 545 1491 ad
567 1449 782 1493 maiorem
805 1450 891 1492 Dei
914 1452 1232 1508 omnipotentis
1254 1454 1440 1509 gloriam
1466 1465 1511 1497 et
1533 1457 1697 1498 multa-

55 1527 172 1573 {rum
195 1523 444 1567 animarum
467 1525 679 1569 salutem?

70 1596 74 1599 ’
161 1601 266 1642 Alia
289 1616 429 1643 manu
453 1603 502 1643 in
526 1614 568 1643 2.
576 1602 794 1658 apagina
808 1604 922 1660 folii
943 1607 1168 1660 sequentes
1196 1621 1286 1648 non
1314 1609 1505 1664 signatu·
1532 1609 1695 1652 Fusius

13 1694 15 1726 j
70 1676 286 1732 scriptum
304 1678 459 1720 datum
478 1679 620 1720 Illmo.
644 1680 889 1724 Borromeo
906 1688 951 1724 et
969 1688 1008 1723 t1
1012 1682 1112 1724 ibus
1129 1682 1226 1726 aliis
1244 1684 1543 1728 cardinalibus
1560 1701 1695 1742 super

14 1793 15 1797 ,
65 1754 348 1808 professione
371 1762 416 1798 et
434 1756 572 1797 choro
595 1755 850 1798 Societatis

15 1956 17 1958 Ι
143 1918 160 1935 a
185 1908 295 1943 Prius
318 1909 413 1943 haec
437 1909 714 1955 sequebantur,
741 1910 779 1943 in
811 1915 973 1956 utroque
1003 1913 1214 1959 archetypo
1238 1914 1456 1950 obliterata:
1485 1917 1535 1950 Et
1559 1919 1693 1952 tamen

11 1975 17 1995 ί
64 1964 226 2014 fuimus
243 1968 430 2002 hactenus
447 1967 665 2003 obedientes
682 1969 766 2002 sedi
783 1969 1036 2014 apostolicae,
1056 1971 1212 2017 aliquos
1234 1973 1373 2008 saltem
1399 1975 1564 2017 labores,
1584 1976 1694 2023 affli-

13 2059 17 2066 ,
58 2025 228 2070 ctiones,
249 2027 589 2072 persequutiones,
613 2030 758 2061 mortes
775 2030 854 2073 pro
881 2027 1038 2063 Christo
1052 2030 1153 2079 jesu
1177 2035 1213 2066 et
1237 2033 1322 2067 eius
1344 2034 1503 2068 ecclesia
1522 2047 1694 2070 romana

15 2085 49 2128 j
71 2086 280 2120 sustinuirr
287 2097 342 2119 us.
364 2085 446 2119 Pro
463 2086 524 2119 his
541 2086 696 2120 meritis
713 2085 798 2120 siue
815 2088 995 2121 seruitiis
1008 2092 1171 2134 sperare
1185 2093 1416 2136 poteramus
1433 2094 1549 2127 nouis
1561 2094 1692 2140 priui-

15 2147 17 2152 ’
69 2142 200 2193 legiis,
219 2145 333 2179 nouis
351 2144 520 2179 indultis
538 2155 608 2178 nos
625 2156 704 2179 esse
723 2146 927 2180 ornandos
944 2158 991 2181 ac
1008 2149 1246 2184 muniendos
1263 2162 1288 2183 a
1302 2152 1389 2186 sede
1408 2153 1642 2198 apostolica,·
1658 2156 1693 2188 et

16 2228 17 2253 ζ
51 2204 178 2237 ⁴nunc
195 2203 480 2249 periclitamur
503 2203 549 2237 de
576 2206 711 2237 nostro
737 2204 902 2248 antiquo
930 2204 1033 2250 iure,
1051 2218 1075 2240 a
1105 2208 1193 2242 sede
1223 2209 1439 2253 apostolica
1468 2213 1504 2246 et
1529 2212 1691 2247 concilio

12 2262 16 2309 Ἰ
51 2262 310 2297 <oecumenico
327 2261 575 2307 confirmato.
597 2262 686 2297 Non
703 2264 911 2307 possumus
927 2265 997 2299 lwc
1010 2267 1168 2301 credere
1188 2268 1252 2301 uel
1266 2268 1423 2312 timere‚·
1440 2273 1578 2304 contra
1598 2282 1693 2306 uero

10 2357 18 2372 ae
71 2311 352 2355 iocundissima
375 2332 550 2366 quaeque
567 2333 591 2355 a
608 2321 822 2367 felicitate,
843 2323 1044 2368 sapientia
1062 2327 1099 2359 et
1113 2325 1356 2372 benignitate
1374 2339 1421 2363 ac
1434 2330 1693 2373 prouidentia

17 2414 19 2429 ,Ἰ
54 2377 170 2422 -Smi.
193 2379 241 2414 D.
261 2380 310 2415 N.
333 2378 526 2426 Gregorii
544 2382 580 2414 et
597 2381 794 2415 credimus
813 2384 848 2416 et
865 2384 1085 2427 speramus.
