2028 3426
339 250 412 292 ²362
816 253 969 287 PATms
995 251 1239 285 HfflRoNYm
1265 248 1418 283 NADAL
1995 231 1999 290 ζ

294 358 421 402 sione
452 371 554 400 curn
586 347 689 398 illis
703 356 963 406 conferunt,
995 351 1095 394 aliis
1123 351 1356 406 detegant,
1388 363 1479 404 quo
1507 348 1609 405 quis
1630 347 1728 391 iure
1759 347 1927 393 offendi
1967 290 2000 434 ἒ

1971 426 1993 464 ³?

297 434 455 492 possit.

293 758 428 798 quam
452 740 717 797 simpliciter
741 737 1054 789 confirmando
1077 693 1246 792 dogma
1268 742 1474 778 nostrum
1498 733 1791 786 catholicum,
1816 740 1862 776 et
1885 733 1930 776 id
1970 708 2003 795 ἧς’

292 820 473 876 quidem
499 818 680 873 quando
711 815 961 859 necessitas
992 813 1256 870 postulabit,
1289 813 1469 867 hocque
1497 811 1669 854 dictum
1698 811 1926 863 volumus,
1963 797 1994 877 3?

291 904 339 939 vt
375 896 496 938 modi
530 895 589 937 illi
623 892 923 937 concionandi
957 891 1234 942 reiiciantur,
1271 889 1438 945 quibus
1470 888 1724 952 condignas
1756 901 1929 944 poenas
1973 882 2005 954 ἐι-ἶ

290 973 543 1029 suscepisse
584 972 910 1027 proclamatur,
947 979 991 1012 et
1029 968 1103 1012 alii
1142 967 1419 1019 huiusmodi,
1461 980 1550 1022 quo
1589 965 1744 1009 odium
1776 964 1933 1021 potius
1984 990 2005 1003 .‹

291 1065 424 1106 quam
449 1048 675 1094 edificatio
699 1047 940 1091 excitatur.

379 1129 498 1169 Dum
524 1140 625 1168 curn
650 1123 836 1167 flandris
857 1131 875 1148 ³
897 1130 1108 1166 occurret
1126 1121 1406 1173 conuersari,
1427 1121 1637 1164 aduertat
1654 1135 1712 1164 ne
1728 1119 1828 1162 illos
1847 1118 1928 1161 ali·
1978 1110 1995 1180 *J

291 1218 379 1259 qua
405 1203 576 1246 ratione
600 1201 817 1253 offendat,
844 1201 924 1244 sed
946 1199 1098 1256 potius
1120 1198 1340 1242 charitate
1362 1205 1407 1241 et
1429 1197 1656 1240 suauitate
1673 1203 1751 1240 eos
1774 1196 1830 1238 ad
1847 1210 1929 1239 ve-
1977 1195 1989 1221 ”

292 1281 468 1323 ritatem
494 1279 697 1331 inducat,
724 1292 872 1333 neque
894 1277 995 1320 illos
1018 1277 1106 1319 vlla
1128 1275 1304 1319 ratione
1327 1281 1578 1330 exasperet.

380 1358 428 1402 Si
458 1357 522 1401 eis
555 1355 725 1410 aliquid
757 1369 861 1397 cum
891 1355 1008 1398 duce
1041 1361 1120 1397 aut
1153 1353 1252 1396 eius
1283 1352 1409 1396 curia
1441 1366 1579 1408 agere
1617 1357 1854 1403 occurret„
1883 1350 1928 1392 id

291 1435 414 1491 prius
437 1449 540 1477 curn
565 1431 834 1489 prouinciali
858 1432 1077 1475 conferat.
1976 1414 1983 1418 ⁸

377 1514 414 1554 :1
442 1516 585 1568 tergo:
608 1511 638 1567 ἠ·
664 1511 797 1565 Quae
818 1509 943 1552 dedit
967 1511 1019 1552 P.
1046 1507 1222 1552 Natalis
1247 1507 1370 1551 Patri
1392 1506 1591 1551 Acostae
1615 1504 1917 1561 Antuerpiae.

1060 1627 1147 1670 60

1052 1755 1152 1811 jhs.

621 1850 972 1895 DISPOSITIO
1007 1850 1340 1894 UARIARUM
1374 1848 1589 1891 RERUM

741 1959 789 1989 IN
823 1958 1064 1989 COLLEGIO
1097 1956 1400 1988 TORNACENSI
1439 1944 1466 1985 ¹.

373 2055 475 2097 Non
500 2054 661 2096 inuitet
686 2054 846 2097 fratres
875 2052 1081 2095 minister
1109 2052 1165 2094 ad
1194 2058 1367 2107 potum,
1403 2052 1667 2107 praesertim
1701 2049 1922 2092 clamans.

371 2131 550 2174 Nostris
573 2138 775 2186 tempore
798 2129 1089 2174 recreationis
1118 2142 1385 2172 concessum
1419 2142 1510 2170 non
1539 2133 1609 2170 est
1636 2127 1810 2181 ludere,
1841 2125 1921 2169 sed

284 2208 424 2250 otium
449 2223 587 2264 agere
610 2209 852 2250 honestum
872 2220 924 2249 ac
942 2205 1220 2262 religiosum.
1247 2206 1344 2248 Nec
1362 2204 1448 2247 illis
1471 2203 1743 2260 permittitur
1763 2203 1920 2246 ludere

284 2299 385 2327 cuin
411 2284 626 2337 externis,
654 2284 835 2339 quando
861 2289 1052 2339 possunt
1073 2282 1247 2334 ludere,
1273 2281 1351 2324 ubi
1368 2280 1539 2324 scilicet
1556 2279 1924 2324 intermittuntur

282 2361 486 2404 studia...

371 2440 440 2482 Ne
475 2438 716 2481 audiantur
749 2436 1010 2480 monialium
1050 2435 1373 2487 confessiones,
1415 2448 1500 2479 nec
1536 2434 1670 2478 detur
1705 2432 1923 2476 comunio

351 2562 367 2577 a
409 2551 579 2596 flandro
601 2562 658 2585 ms
668 2578 675 2585 .

351 2652 357 2670 ¹
412 2652 468 2685 Ex
493 2651 715 2696 apographo
733 2660 895 2692 coaevo,
911 2649 949 2684 in
964 2648 1099 2684 codice
1115 2648 1253 2683 Natal.
1270 2648 1390 2682 instr.
1415 2646 1571 2691 Germ„
1586 2646 1701 2682 unico
1720 2646 1826 2691 folio,
1846 2655 1921 2692 299

277 2709 390 2754 (378).
409 2711 520 2755 Quae
541 2715 631 2744 sunt
649 2709 698 2744 de
717 2708 872 2754 studiis,
889 2707 1114 2755 prodierunt
1130 2708 1167 2742 in
1183 2707 1362 2742 lilonum.
1381 2707 1580 2754 Paedag.‚
1597 2717 1712 2752 pagg.
1729 2706 1814 2751 850,
1828 2705 1912 2750 851.

279 2770 495 2803 'fornacum
518 2768 624 2803 venit
644 2768 796 2803 Natalis
815 2778 902 2802 cum
923 2767 965 2802 P.
987 2766 1167 2811 Costero,
1188 2764 1423 2800 Germaniae
1448 2763 1645 2800 inferioris
1670 2763 1914 2811 provinciali,

277 2827 377 2862 die
360 2837 402 2861 ..2
423 2826 604 2863 Octobris
623 2828 713 2862 anni
737 2828 840 2870 1567,
860 2831 903 2860 ut
922 2825 1004 2872 ipse
1024 2825 1066 2861 P.
1088 2824 1304 2860 Costerus
1296 2835 1335 2859 1n
1353 2823 1530 2870 epistola,
1551 2824 1717 2869 Borgiae
1731 2822 1772 2858 31
1795 2822 1916 2860 Octo—

277 2887 356 2921 bris
375 2886 496 2932 ipsius
515 2886 604 2921 anni
623 2886 723 2931 data,
747 2885 879 2921 refert.
901 2884 1070 2920 Profecti
1095 2889 1226 2919 autem
1251 2883 1428 2918 Tornaco
1454 2882 1517 2918 die
1542 2891 1586 2926 25
1606 2882 1781 2929 ejusdem
1807 2893 1912 2918 men·

277 2946 341 2987 sis,
366 2952 450 2991 post
470 2951 696 2980 consuetam
716 2944 999 2991 inspectionem
1017 2943 1155 2978 domus
1170 2948 1338 2986 nostrae,
1355 2941 1403 2977 ad
1419 2941 1458 2976 S.
1478 2942 1743 2977 Audomarum
1762 2953 1805 2977 se
1822 2952 1910 2977 con·

276 3006 460 3039 tulerunt.
484 3005 517 3039 ῐ
524 3003 597 3038 nde
617 3004 740 3050 liquet
758 3004 856 3038 hanc
875 3002 1173 3038 instructionem
1192 3001 1332 3037 diebus
1358 3009 1417 3035 22·
1405 3009 1465 3045 ·25
1491 2999 1676 3038 Octobris
1703 3000 1792 3036 anni
1820 3001 1914 3046 1567

276 3064 456 3108 scriptam
478 3063 611 3098 fuisse.
634 3062 695 3098 Cf.
725 3062 853 3109 Epist.
880 3063 924 3096 Ρ.
952 3061 1101 3102 Nadal,
1120 3061 1186 3103 111,
1208 3060 1290 3095 801.

1977 3215 2012 3338 ,κθ-’τῶ-
1974 2179 2013 3172 ‹m2‘1vnou-tmumsffiwmmmfflfflv
1981 2042 2006 2169 »rs«-
1982 1972 2002 2032 ffl:
1982 1929 2001 1950 2·-
1989 1900 1998 1922 .-
1990 1863 1996 1866 -
1991 1847 1996 1852 -
1984 1827 1993 1837 -
