<?xml version="1.0" encoding="UTF-8"?>
<!DOCTYPE html PUBLIC "-//W3C//DTD XHTML 1.0 Transitional//EN"
    "http://www.w3.org/TR/xhtml1/DTD/xhtml1-transitional.dtd">
<html xmlns="http://www.w3.org/1999/xhtml" xml:lang="en" lang="en">
 <head>
  <title>
</title>
<meta http-equiv="Content-Type" content="text/html;charset=utf-8" />
  <meta name='ocr-system' content='tesseract 3.04.00' />
  <meta name='ocr-capabilities' content='ocr_page ocr_carea ocr_par ocr_line ocrx_word'/>
</head>
<body>
  <div class='ocr_page' id='page_1' title='image "./epistolaephieron11nada_0473.png"; bbox 0 0 2028 3426; ppageno 0'>
   <div class='ocr_carea' id='block_1_1' title="bbox 0 0 45 151">
    <p class='ocr_par' dir='ltr' id='par_1_1' title="bbox 0 0 45 151">
     <span class='ocr_line' id='line_1_1' title="bbox 0 0 45 151; baseline 0 0"><span class='ocrx_word' id='word_1_1' title='bbox 0 0 45 151; x_wconf 68' lang='lat' dir='ltr'>l</span> 
     </span>
    </p>
   </div>
   <div class='ocr_carea' id='block_1_2' title="bbox 3 150 1675 1672">
    <p class='ocr_par' dir='ltr' id='par_1_2' title="bbox 5 150 27 171">
     <span class='ocr_line' id='line_1_2' title="bbox 5 150 27 171; baseline 0 -11"><span class='ocrx_word' id='word_1_2' title='bbox 5 150 27 171; x_wconf 47' lang='lat'>,„.</span> 
     </span>
    </p>

    <p class='ocr_par' dir='ltr' id='par_1_3' title="bbox 4 186 1625 248">
     <span class='ocr_line' id='line_1_3' title="bbox 4 186 1625 248; baseline -0.007 0"><span class='ocrx_word' id='word_1_3' title='bbox 4 186 25 239; x_wconf 34' lang='lat' dir='ltr'>{ii</span> <span class='ocrx_word' id='word_1_4' title='bbox 650 207 1078 244; x_wconf 74' lang='lat' dir='ltr'>INsTRucnoNEs—61</span> <span class='ocrx_word' id='word_1_5' title='bbox 1558 211 1625 248; x_wconf 81' lang='lat'>447</span> 
     </span>
    </p>

    <p class='ocr_par' dir='ltr' id='par_1_4' title="bbox 8 291 1671 446">
     <span class='ocr_line' id='line_1_4' title="bbox 8 291 1671 368; baseline -0.007 -10"><span class='ocrx_word' id='word_1_6' title='bbox 8 316 16 353; x_wconf 67' lang='grc' dir='ltr'><em>ἴ</em></span> <span class='ocrx_word' id='word_1_7' title='bbox 43 330 102 358; x_wconf 82' lang='lat' dir='ltr'>ex</span> <span class='ocrx_word' id='word_1_8' title='bbox 123 329 186 367; x_wconf 88' lang='lat' dir='ltr'>se,</span> <span class='ocrx_word' id='word_1_9' title='bbox 211 315 291 358; x_wconf 87' lang='lat' dir='ltr'>sed</span> <span class='ocrx_word' id='word_1_10' title='bbox 312 320 497 368; x_wconf 87' lang='lat' dir='ltr'>accepta</span> <span class='ocrx_word' id='word_1_11' title='bbox 520 310 721 368; x_wconf 87' lang='lat' dir='ltr'>generali</span> <span class='ocrx_word' id='word_1_12' title='bbox 738 291 1009 352; x_wconf 64' lang='lat' dir='ltr'>comissione</span> <span class='ocrx_word' id='word_1_13' title='bbox 1032 323 1056 350; x_wconf 89' lang='lat' dir='ltr'>a</span> <span class='ocrx_word' id='word_1_14' title='bbox 1079 306 1327 363; x_wconf 81' lang='lat' dir='ltr'>superiore,</span> <span class='ocrx_word' id='word_1_15' title='bbox 1360 305 1420 348; x_wconf 92' lang='lat' dir='ltr'>ita</span> <span class='ocrx_word' id='word_1_16' title='bbox 1445 312 1596 347; x_wconf 88' lang='lat' dir='ltr'>tamen</span> <span class='ocrx_word' id='word_1_17' title='bbox 1623 313 1671 346; x_wconf 81' lang='lat' dir='ltr'>vt</span> 
     </span>
     <span class='ocr_line' id='line_1_5' title="bbox 21 374 1491 446; baseline -0.008 -11"><span class='ocrx_word' id='word_1_18' title='bbox 21 374 23 381; x_wconf 36' lang='grc' dir='ltr'>Ι</span> <span class='ocrx_word' id='word_1_19' title='bbox 43 391 177 435; x_wconf 84' lang='lat' dir='ltr'>statis</span> <span class='ocrx_word' id='word_1_20' title='bbox 198 390 475 446; x_wconf 80' lang='lat' dir='ltr'>temporibus</span> <span class='ocrx_word' id='word_1_21' title='bbox 498 388 716 431; x_wconf 88' lang='lat' dir='ltr'>rationem</span> <span class='ocrx_word' id='word_1_22' title='bbox 734 401 888 430; x_wconf 90' lang='lat' dir='ltr'>earum</span> <span class='ocrx_word' id='word_1_23' title='bbox 907 400 1056 428; x_wconf 89' lang='lat' dir='ltr'>rerum</span> <span class='ocrx_word' id='word_1_24' title='bbox 1074 385 1232 427; x_wconf 90' lang='lat' dir='ltr'>reddat</span> <span class='ocrx_word' id='word_1_25' title='bbox 1253 382 1491 438; x_wconf 50' lang='lat' dir='ltr'>superiori„</span> 
     </span>
    </p>

    <p class='ocr_par' dir='ltr' id='par_1_5' title="bbox 44 458 1672 601">
     <span class='ocr_line' id='line_1_6' title="bbox 138 458 1671 522; baseline -0.007 -11"><span class='ocrx_word' id='word_1_26' title='bbox 138 467 260 511; x_wconf 87' lang='lat' dir='ltr'>Nihil</span> <span class='ocrx_word' id='word_1_27' title='bbox 281 467 525 522; x_wconf 85' lang='lat' dir='ltr'>expendat,</span> <span class='ocrx_word' id='word_1_28' title='bbox 546 464 632 507; x_wconf 88' lang='lat' dir='ltr'>nisi</span> <span class='ocrx_word' id='word_1_29' title='bbox 649 480 703 508; x_wconf 87' lang='lat' dir='ltr'>ex</span> <span class='ocrx_word' id='word_1_30' title='bbox 727 463 928 519; x_wconf 89' lang='lat' dir='ltr'>generali</span> <span class='ocrx_word' id='word_1_31' title='bbox 946 463 1018 505; x_wconf 88' lang='lat' dir='ltr'>vel</span> <span class='ocrx_word' id='word_1_32' title='bbox 1040 460 1222 517; x_wconf 90' lang='lat' dir='ltr'>speciali</span> <span class='ocrx_word' id='word_1_33' title='bbox 1236 458 1520 510; x_wconf 85' lang='lat' dir='ltr'>comissione3</span> <span class='ocrx_word' id='word_1_34' title='bbox 1543 473 1648 513; x_wconf 89' lang='lat' dir='ltr'>prae</span> <span class='ocrx_word' id='word_1_35' title='bbox 1667 485 1671 488; x_wconf 91' lang='lat'><em>-</em></span> 
     </span>
     <span class='ocr_line' id='line_1_7' title="bbox 44 536 1672 601; baseline -0.009 -12"><span class='ocrx_word' id='word_1_36' title='bbox 44 546 182 601; x_wconf 78' lang='lat' dir='ltr'>cipue</span> <span class='ocrx_word' id='word_1_37' title='bbox 208 559 316 588; x_wconf 87' lang='lat' dir='ltr'>vero</span> <span class='ocrx_word' id='word_1_38' title='bbox 343 543 455 585; x_wconf 87' lang='lat' dir='ltr'>nihil</span> <span class='ocrx_word' id='word_1_39' title='bbox 482 543 558 585; x_wconf 87' lang='lat' dir='ltr'>det</span> <span class='ocrx_word' id='word_1_40' title='bbox 588 541 789 591; x_wconf 87' lang='lat' dir='ltr'>omnino,</span> <span class='ocrx_word' id='word_1_41' title='bbox 817 554 964 594; x_wconf 82' lang='lat' dir='ltr'>neque</span> <span class='ocrx_word' id='word_1_42' title='bbox 987 546 1122 591; x_wconf 88' lang='lat' dir='ltr'>emat,</span> <span class='ocrx_word' id='word_1_43' title='bbox 1148 552 1229 594; x_wconf 91' lang='lat' dir='ltr'>pro</span> <span class='ocrx_word' id='word_1_44' title='bbox 1258 550 1485 592; x_wconf 92' lang='lat' dir='ltr'>quoquam</span> <span class='ocrx_word' id='word_1_45' title='bbox 1515 536 1672 598; x_wconf 88' lang='lat' dir='ltr'>dome-</span> 
     </span>
    </p>

    <p class='ocr_par' dir='ltr' id='par_1_6' title="bbox 3 612 1673 753">
     <span class='ocr_line' id='line_1_8' title="bbox 3 612 1673 674; baseline -0.008 -9"><span class='ocrx_word' id='word_1_46' title='bbox 3 655 6 657; x_wconf 89' lang='grc'>-</span> <span class='ocrx_word' id='word_1_47' title='bbox 51 623 179 674; x_wconf 90' lang='lat' dir='ltr'>stico,</span> <span class='ocrx_word' id='word_1_48' title='bbox 199 621 286 664; x_wconf 89' lang='lat' dir='ltr'>nisi</span> <span class='ocrx_word' id='word_1_49' title='bbox 302 636 358 664; x_wconf 82' lang='lat' dir='ltr'>ex</span> <span class='ocrx_word' id='word_1_50' title='bbox 374 618 659 670; x_wconf 88' lang='lat' dir='ltr'>comissione;</span> <span class='ocrx_word' id='word_1_51' title='bbox 681 617 792 659; x_wconf 89' lang='lat' dir='ltr'>nihil</span> <span class='ocrx_word' id='word_1_52' title='bbox 809 617 915 660; x_wconf 89' lang='lat' dir='ltr'>item</span> <span class='ocrx_word' id='word_1_53' title='bbox 934 616 1121 671; x_wconf 87' lang='lat' dir='ltr'>negotii,</span> <span class='ocrx_word' id='word_1_54' title='bbox 1149 615 1220 658; x_wconf 89' lang='lat' dir='ltr'>vel</span> <span class='ocrx_word' id='word_1_55' title='bbox 1237 613 1344 666; x_wconf 85' lang='lat' dir='ltr'>litis,</span> <span class='ocrx_word' id='word_1_56' title='bbox 1364 613 1566 663; x_wconf 78' lang='lat' dir='ltr'>inchoet,</span> <span class='ocrx_word' id='word_1_57' title='bbox 1588 612 1673 654; x_wconf 91' lang='lat' dir='ltr'>nisi</span> 
     </span>
     <span class='ocr_line' id='line_1_9' title="bbox 8 692 608 753; baseline -0.008 -10"><span class='ocrx_word' id='word_1_58' title='bbox 8 692 17 718; x_wconf 63' lang='lat'><em>⁷</em></span> <span class='ocrx_word' id='word_1_59' title='bbox 50 716 75 743; x_wconf 92' lang='lat' dir='ltr'>e</span> <span class='ocrx_word' id='word_1_60' title='bbox 97 713 325 742; x_wconf 89' lang='lat' dir='ltr'>consensu</span> <span class='ocrx_word' id='word_1_61' title='bbox 348 696 608 753; x_wconf 88' lang='lat' dir='ltr'>superioris.</span> 
     </span>
    </p>

    <p class='ocr_par' dir='ltr' id='par_1_7' title="bbox 35 764 1674 983">
     <span class='ocr_line' id='line_1_10' title="bbox 100 764 1674 839; baseline -0.008 -20"><span class='ocrx_word' id='word_1_62' title='bbox 100 835 104 839; x_wconf 20' lang='grc' dir='ltr'><strong><em>Δ</em></strong></span> <span class='ocrx_word' id='word_1_63' title='bbox 139 778 242 819; x_wconf 89' lang='lat' dir='ltr'>Non</span> <span class='ocrx_word' id='word_1_64' title='bbox 265 764 462 831; x_wconf 84' lang='lat' dir='ltr'>patiatur</span> <span class='ocrx_word' id='word_1_65' title='bbox 484 781 532 815; x_wconf 90' lang='lat' dir='ltr'>vt</span> <span class='ocrx_word' id='word_1_66' title='bbox 562 774 618 815; x_wconf 90' lang='lat' dir='ltr'>ad</span> <span class='ocrx_word' id='word_1_67' title='bbox 648 788 697 816; x_wconf 93' lang='lat' dir='ltr'>se</span> <span class='ocrx_word' id='word_1_68' title='bbox 729 778 980 822; x_wconf 83' lang='lat' dir='ltr'>recurrant,</span> <span class='ocrx_word' id='word_1_69' title='bbox 1006 784 1109 812; x_wconf 89' lang='lat' dir='ltr'>cum</span> <span class='ocrx_word' id='word_1_70' title='bbox 1140 783 1187 811; x_wconf 92' lang='lat' dir='ltr'>re</span> <span class='ocrx_word' id='word_1_71' title='bbox 1216 767 1365 822; x_wconf 87' lang='lat' dir='ltr'>aliqua</span> <span class='ocrx_word' id='word_1_72' title='bbox 1393 765 1674 822; x_wconf 82' lang='lat' dir='ltr'>indiguerint</span> 
     </span>
     <span class='ocr_line' id='line_1_11' title="bbox 35 842 1674 906; baseline -0.009 -10"><span class='ocrx_word' id='word_1_73' title='bbox 35 853 212 906; x_wconf 77' lang='lat' dir='ltr'>nostri,</span> <span class='ocrx_word' id='word_1_74' title='bbox 243 853 323 895; x_wconf 85' lang='lat' dir='ltr'>sed</span> <span class='ocrx_word' id='word_1_75' title='bbox 351 852 407 894; x_wconf 86' lang='lat' dir='ltr'>ad</span> <span class='ocrx_word' id='word_1_76' title='bbox 435 850 732 905; x_wconf 89' lang='lat' dir='ltr'>superiorem,</span> <span class='ocrx_word' id='word_1_77' title='bbox 759 855 836 891; x_wconf 88' lang='lat' dir='ltr'>aut</span> <span class='ocrx_word' id='word_1_78' title='bbox 864 848 961 891; x_wconf 88' lang='lat' dir='ltr'>eius</span> <span class='ocrx_word' id='word_1_79' title='bbox 989 847 1114 888; x_wconf 89' lang='lat' dir='ltr'>iussu</span> <span class='ocrx_word' id='word_1_80' title='bbox 1144 845 1200 889; x_wconf 87' lang='lat' dir='ltr'>ad</span> <span class='ocrx_word' id='word_1_81' title='bbox 1228 859 1347 896; x_wconf 90' lang='lat' dir='ltr'>eum,</span> <span class='ocrx_word' id='word_1_82' title='bbox 1380 842 1457 898; x_wconf 90' lang='lat' dir='ltr'>qui</span> <span class='ocrx_word' id='word_1_83' title='bbox 1486 844 1542 885; x_wconf 88' lang='lat' dir='ltr'>ad</span> <span class='ocrx_word' id='word_1_84' title='bbox 1565 842 1674 884; x_wconf 89' lang='lat' dir='ltr'>illud</span> 
     </span>
     <span class='ocr_line' id='line_1_12' title="bbox 52 927 681 983; baseline -0.006 -11"><span class='ocrx_word' id='word_1_85' title='bbox 52 944 218 972; x_wconf 89' lang='lat' dir='ltr'>munus</span> <span class='ocrx_word' id='word_1_86' title='bbox 242 928 376 972; x_wconf 86' lang='lat' dir='ltr'>fuerit</span> <span class='ocrx_word' id='word_1_87' title='bbox 399 927 681 983; x_wconf 85' lang='lat' dir='ltr'>designatus.</span> 
     </span>
    </p>

    <p class='ocr_par' dir='ltr' id='par_1_8' title="bbox 11 996 1675 1202">
     <span class='ocr_line' id='line_1_13' title="bbox 140 996 1675 1058; baseline -0.008 -9"><span class='ocrx_word' id='word_1_88' title='bbox 140 1005 380 1049; x_wconf 78' lang='lat' dir='ltr'>Rationem</span> <span class='ocrx_word' id='word_1_89' title='bbox 404 1004 563 1047; x_wconf 88' lang='lat' dir='ltr'>reddat</span> <span class='ocrx_word' id='word_1_90' title='bbox 585 1001 778 1058; x_wconf 90' lang='lat' dir='ltr'>singulis</span> <span class='ocrx_word' id='word_1_91' title='bbox 801 1000 1032 1043; x_wconf 86' lang='lat' dir='ltr'>mensibus</span> <span class='ocrx_word' id='word_1_92' title='bbox 1055 997 1146 1044; x_wconf 84' lang='lat'>203</span> <span class='ocrx_word' id='word_1_93' title='bbox 1171 997 1405 1054; x_wconf 83' lang='lat' dir='ltr'>superiori,</span> <span class='ocrx_word' id='word_1_94' title='bbox 1426 998 1497 1040; x_wconf 90' lang='lat' dir='ltr'>vel</span> <span class='ocrx_word' id='word_1_95' title='bbox 1520 996 1576 1049; x_wconf 89' lang='lat' dir='ltr'>ei,</span> <span class='ocrx_word' id='word_1_96' title='bbox 1602 996 1675 1038; x_wconf 91' lang='lat' dir='ltr'>cui</span> 
     </span>
     <span class='ocr_line' id='line_1_14' title="bbox 15 1073 1674 1135; baseline -0.006 -9"><span class='ocrx_word' id='word_1_97' title='bbox 15 1089 19 1092; x_wconf 80' lang='grc'><em>”</em></span> <span class='ocrx_word' id='word_1_98' title='bbox 51 1084 124 1126; x_wconf 89' lang='lat' dir='ltr'>ille</span> <span class='ocrx_word' id='word_1_99' title='bbox 145 1082 341 1132; x_wconf 88' lang='lat' dir='ltr'>iusserit,</span> <span class='ocrx_word' id='word_1_100' title='bbox 368 1080 541 1135; x_wconf 88' lang='lat' dir='ltr'>accepti</span> <span class='ocrx_word' id='word_1_101' title='bbox 564 1088 609 1122; x_wconf 90' lang='lat' dir='ltr'>et</span> <span class='ocrx_word' id='word_1_102' title='bbox 638 1077 823 1134; x_wconf 84' lang='lat' dir='ltr'>expensi</span> <span class='ocrx_word' id='word_1_103' title='bbox 861 1078 935 1119; x_wconf 93' lang='lat' dir='ltr'>illo</span> <span class='ocrx_word' id='word_1_104' title='bbox 966 1091 1135 1128; x_wconf 85' lang='lat' dir='ltr'>mense,</span> <span class='ocrx_word' id='word_1_105' title='bbox 1162 1083 1206 1118; x_wconf 90' lang='lat' dir='ltr'>et</span> <span class='ocrx_word' id='word_1_106' title='bbox 1238 1073 1431 1130; x_wconf 88' lang='lat' dir='ltr'>singulis</span> <span class='ocrx_word' id='word_1_107' title='bbox 1460 1073 1590 1116; x_wconf 90' lang='lat' dir='ltr'>annis</span> <span class='ocrx_word' id='word_1_108' title='bbox 1618 1074 1674 1116; x_wconf 87' lang='lat' dir='ltr'>de</span> 
     </span>
     <span class='ocr_line' id='line_1_15' title="bbox 11 1168 305 1202; baseline -0.014 1"><span class='ocrx_word' id='word_1_109' title='bbox 11 1183 15 1186; x_wconf 95' lang='lat'>·</span> <span class='ocrx_word' id='word_1_110' title='bbox 53 1168 148 1202; x_wconf 88' lang='lat' dir='ltr'>toto</span> <span class='ocrx_word' id='word_1_111' title='bbox 170 1173 305 1202; x_wconf 85' lang='lat' dir='ltr'>anno.</span> 
     </span>
    </p>

    <p class='ocr_par' dir='ltr' id='par_1_9' title="bbox 51 1225 1673 1355">
     <span class='ocr_line' id='line_1_16' title="bbox 139 1225 1673 1287; baseline -0.007 -9"><span class='ocrx_word' id='word_1_112' title='bbox 139 1234 260 1279; x_wconf 88' lang='lat' dir='ltr'>Nihil</span> <span class='ocrx_word' id='word_1_113' title='bbox 284 1233 367 1277; x_wconf 85' lang='lat' dir='ltr'>sibi</span> <span class='ocrx_word' id='word_1_114' title='bbox 395 1232 615 1276; x_wconf 88' lang='lat' dir='ltr'>creditum</span> <span class='ocrx_word' id='word_1_115' title='bbox 643 1231 848 1287; x_wconf 80' lang='lat' dir='ltr'>accipiet,</span> <span class='ocrx_word' id='word_1_116' title='bbox 875 1230 971 1273; x_wconf 92' lang='lat' dir='ltr'>sine</span> <span class='ocrx_word' id='word_1_117' title='bbox 999 1243 1210 1285; x_wconf 86' lang='lat' dir='ltr'>expressa</span> <span class='ocrx_word' id='word_1_118' title='bbox 1239 1225 1480 1283; x_wconf 82' lang='lat' dir='ltr'>superioris</span> <span class='ocrx_word' id='word_1_119' title='bbox 1509 1225 1673 1268; x_wconf 88' lang='lat' dir='ltr'>comis-</span> 
     </span>
     <span class='ocr_line' id='line_1_17' title="bbox 51 1313 191 1355; baseline -0.007 0"><span class='ocrx_word' id='word_1_120' title='bbox 51 1313 191 1355; x_wconf 87' lang='lat' dir='ltr'>sione.</span> 
     </span>
    </p>

    <p class='ocr_par' dir='ltr' id='par_1_10' title="bbox 26 1382 1673 1672">
     <span class='ocr_line' id='line_1_18' title="bbox 141 1382 1672 1438; baseline -0.007 -6"><span class='ocrx_word' id='word_1_121' title='bbox 141 1390 252 1432; x_wconf 91' lang='lat' dir='ltr'>Tres</span> <span class='ocrx_word' id='word_1_122' title='bbox 283 1389 435 1431; x_wconf 90' lang='lat' dir='ltr'>claues</span> <span class='ocrx_word' id='word_1_123' title='bbox 465 1394 512 1429; x_wconf 90' lang='lat' dir='ltr'>vt</span> <span class='ocrx_word' id='word_1_124' title='bbox 540 1386 631 1429; x_wconf 89' lang='lat' dir='ltr'>sint</span> <span class='ocrx_word' id='word_1_125' title='bbox 659 1386 705 1427; x_wconf 91' lang='lat' dir='ltr'>in</span> <span class='ocrx_word' id='word_1_126' title='bbox 733 1399 852 1436; x_wconf 82' lang='lat' dir='ltr'>arca,</span> <span class='ocrx_word' id='word_1_127' title='bbox 888 1383 964 1425; x_wconf 86' lang='lat' dir='ltr'>vbi</span> <span class='ocrx_word' id='word_1_128' title='bbox 997 1382 1216 1438; x_wconf 86' lang='lat' dir='ltr'>pecuniae</span> <span class='ocrx_word' id='word_1_129' title='bbox 1248 1387 1545 1437; x_wconf 89' lang='lat' dir='ltr'>reponuntur,</span> <span class='ocrx_word' id='word_1_130' title='bbox 1581 1394 1672 1422; x_wconf 89' lang='lat' dir='ltr'>non</span> 
     </span>
     <span class='ocr_line' id='line_1_19' title="bbox 43 1447 1673 1519; baseline -0.006 -11"><span class='ocrx_word' id='word_1_131' title='bbox 43 1465 152 1509; x_wconf 68' lang='lat' dir='ltr'>‘ideo</span> <span class='ocrx_word' id='word_1_132' title='bbox 174 1447 387 1507; x_wconf 75' lang='lat' dir='ltr'>statuitur</span> <span class='ocrx_word' id='word_1_133' title='bbox 409 1472 442 1517; x_wconf 68' lang='lat' dir='ltr'>a,</span> <span class='ocrx_word' id='word_1_134' title='bbox 462 1464 584 1519; x_wconf 84' lang='lat' dir='ltr'>quod</span> <span class='ocrx_word' id='word_1_135' title='bbox 607 1469 753 1506; x_wconf 85' lang='lat' dir='ltr'>rector</span> <span class='ocrx_word' id='word_1_136' title='bbox 770 1475 824 1503; x_wconf 82' lang='lat' dir='ltr'>ex</span> <span class='ocrx_word' id='word_1_137' title='bbox 844 1460 940 1503; x_wconf 92' lang='lat' dir='ltr'>aliis</span> <span class='ocrx_word' id='word_1_138' title='bbox 957 1460 1210 1514; x_wconf 84' lang='lat' dir='ltr'>dependeat</span> <span class='ocrx_word' id='word_1_139' title='bbox 1227 1458 1272 1500; x_wconf 92' lang='lat' dir='ltr'>in</span> <span class='ocrx_word' id='word_1_140' title='bbox 1290 1457 1522 1501; x_wconf 86' lang='lat' dir='ltr'>sumendis</span> <span class='ocrx_word' id='word_1_141' title='bbox 1540 1471 1673 1499; x_wconf 85' lang='lat' dir='ltr'>num-</span> 
     </span>
     <span class='ocr_line' id='line_1_20' title="bbox 26 1534 1673 1595; baseline -0.006 -10"><span class='ocrx_word' id='word_1_142' title='bbox 26 1542 153 1595; x_wconf 16' lang='lat' dir='ltr'>rmis3</span> <span class='ocrx_word' id='word_1_143' title='bbox 185 1543 264 1584; x_wconf 85' lang='lat' dir='ltr'>sed</span> <span class='ocrx_word' id='word_1_144' title='bbox 296 1542 356 1584; x_wconf 88' lang='lat' dir='ltr'>ob</span> <span class='ocrx_word' id='word_1_145' title='bbox 391 1541 453 1593; x_wconf 92' lang='lat' dir='ltr'>id,</span> <span class='ocrx_word' id='word_1_146' title='bbox 485 1556 542 1584; x_wconf 92' lang='lat' dir='ltr'>ne</span> <span class='ocrx_word' id='word_1_147' title='bbox 569 1545 832 1595; x_wconf 77' lang='lat' dir='ltr'>procurator</span> <span class='ocrx_word' id='word_1_148' title='bbox 862 1534 1085 1587; x_wconf 83' lang='lat' dir='ltr'>nummos,</span> <span class='ocrx_word' id='word_1_149' title='bbox 1126 1542 1205 1578; x_wconf 90' lang='lat' dir='ltr'>aut</span> <span class='ocrx_word' id='word_1_150' title='bbox 1237 1534 1380 1586; x_wconf 84' lang='lat' dir='ltr'>aliud,</span> <span class='ocrx_word' id='word_1_151' title='bbox 1412 1534 1533 1589; x_wconf 92' lang='lat' dir='ltr'>quod</span> <span class='ocrx_word' id='word_1_152' title='bbox 1569 1547 1673 1576; x_wconf 88' lang='lat' dir='ltr'>arca</span> 
     </span>
     <span class='ocr_line' id='line_1_21' title="bbox 55 1609 1673 1672; baseline -0.006 -11"><span class='ocrx_word' id='word_1_153' title='bbox 55 1620 307 1670; x_wconf 77' lang='lat' dir='ltr'>claudatur,</span> <span class='ocrx_word' id='word_1_154' title='bbox 333 1618 431 1661; x_wconf 86' lang='lat' dir='ltr'>sine</span> <span class='ocrx_word' id='word_1_155' title='bbox 453 1615 699 1672; x_wconf 86' lang='lat' dir='ltr'>superioris</span> <span class='ocrx_word' id='word_1_156' title='bbox 722 1615 954 1657; x_wconf 87' lang='lat' dir='ltr'>voluntate</span> <span class='ocrx_word' id='word_1_157' title='bbox 977 1620 1022 1656; x_wconf 94' lang='lat' dir='ltr'>et</span> <span class='ocrx_word' id='word_1_158' title='bbox 1043 1612 1177 1654; x_wconf 84' lang='lat' dir='ltr'>Vnius</span> <span class='ocrx_word' id='word_1_159' title='bbox 1206 1611 1515 1654; x_wconf 84' lang='lat' dir='ltr'>consultorum</span> <span class='ocrx_word' id='word_1_160' title='bbox 1546 1609 1673 1652; x_wconf 87' lang='lat' dir='ltr'>testi-</span> 
     </span>
    </p>
   </div>
   <div class='ocr_carea' id='block_1_3' title="bbox 7 1694 435 1754">
    <p class='ocr_par' dir='ltr' id='par_1_11' title="bbox 7 1694 435 1754">
     <span class='ocr_line' id='line_1_22' title="bbox 7 1694 435 1754; baseline -0.005 -17"><span class='ocrx_word' id='word_1_161' title='bbox 7 1738 27 1754; x_wconf 17' lang='grc' dir='ltr'>,η</span> <span class='ocrx_word' id='word_1_162' title='bbox 54 1694 208 1737; x_wconf 89' lang='lat' dir='ltr'>monio</span> <span class='ocrx_word' id='word_1_163' title='bbox 229 1694 435 1749; x_wconf 89' lang='lat' dir='ltr'>accipiat.</span> 
     </span>
    </p>
   </div>
   <div class='ocr_carea' id='block_1_4' title="bbox 3 1804 1672 2010">
    <p class='ocr_par' dir='ltr' id='par_1_12' title="bbox 3 1804 1672 2026">
     <span class='ocr_line' id='line_1_23' title="bbox 3 1804 1672 1868; baseline -0.007 -16"><span class='ocrx_word' id='word_1_164' title='bbox 3 1813 29 1868; x_wconf 54' lang='lat' dir='ltr'>³..ss</span> <span class='ocrx_word' id='word_1_165' title='bbox 49 1808 142 1851; x_wconf 72' lang='lat'>21³4</span> <span class='ocrx_word' id='word_1_166' title='bbox 164 1823 225 1851; x_wconf 89' lang='lat' dir='ltr'>AD</span> <span class='ocrx_word' id='word_1_167' title='bbox 250 1821 496 1851; x_wconf 85' lang='lat' dir='ltr'><strong>RATIONEM</strong></span> <span class='ocrx_word' id='word_1_168' title='bbox 522 1821 580 1849; x_wconf 86' lang='lat' dir='ltr'>ET</span> <span class='ocrx_word' id='word_1_169' title='bbox 598 1804 1007 1849; x_wconf 79' lang='lat' dir='ltr'><strong>CONSUETUDINE’M</strong></span> <span class='ocrx_word' id='word_1_170' title='bbox 1027 1815 1225 1845; x_wconf 84' lang='lat' dir='ltr'><strong>ANNUAM</strong></span> <span class='ocrx_word' id='word_1_171' title='bbox 1243 1814 1467 1858; x_wconf 76' lang='lat' dir='ltr'>cOLLEGss</span> <span class='ocrx_word' id='word_1_172' title='bbox 1489 1813 1672 1842; x_wconf 82' lang='lat' dir='ltr'><strong>ROMANI</strong></span> 
     </span>
     <span class='ocr_line' id='line_1_24' title="bbox 140 1890 1671 1927; baseline -0.007 0.139"><span class='ocrx_word' id='word_1_173' title='bbox 140 1897 374 1927; x_wconf 76' lang='lat' dir='ltr'>PATRlssus</span> <span class='ocrx_word' id='word_1_174' title='bbox 418 1898 476 1926; x_wconf 86' lang='lat' dir='ltr'>Ac</span> <span class='ocrx_word' id='word_1_175' title='bbox 518 1895 787 1926; x_wconf 73' lang='lat' dir='ltr'><strong>FRATRIBUS</strong></span> <span class='ocrx_word' id='word_1_176' title='bbox 826 1891 1267 1923; x_wconf 81' lang='lat' dir='ltr'><strong>MORTIFICATIONES</strong></span> <span class='ocrx_word' id='word_1_177' title='bbox 1307 1890 1671 1926; x_wconf 77' lang='lat' dir='ltr'>PROPONENDAE,</span> 
     </span>
     <span class='ocr_line' id='line_1_25' title="bbox 11 1964 1219 2010; baseline -0.007 -5"><span class='ocrx_word' id='word_1_178' title='bbox 11 1964 30 2010; x_wconf 66' lang='grc' dir='ltr'><strong>ἓ</strong></span> <span class='ocrx_word' id='word_1_179' title='bbox 142 1973 442 2004; x_wconf 78' lang='lat' dir='ltr'>PRAESERTIM</span> <span class='ocrx_word' id='word_1_180' title='bbox 469 1973 545 2002; x_wconf 76' lang='lat' dir='ltr'>vm</span> <span class='ocrx_word' id='word_1_181' title='bbox 572 1972 746 2002; x_wconf 84' lang='lat' dir='ltr'><strong>STUDIA</strong></span> <span class='ocrx_word' id='word_1_182' title='bbox 771 1969 1219 2000; x_wconf 80' lang='lat' dir='ltr'><strong>INTERMITTUNTUR.</strong></span> 
     </span>
    </p>
   </div>
   <div class='ocr_carea' id='block_1_5' title="bbox 7 2071 1678 2898">
    <p class='ocr_par' dir='ltr' id='par_1_13' title="bbox 6 2071 1678 2898">
     <span class='ocr_line' id='line_1_26' title="bbox 14 2071 1676 2141; baseline -0.006 -19"><span class='ocrx_word' id='word_1_183' title='bbox 14 2127 29 2141; x_wconf 35' lang='lat'>,4</span> <span class='ocrx_word' id='word_1_184' title='bbox 142 2078 364 2122; x_wconf 87' lang='lat' dir='ltr'>Exercitia</span> <span class='ocrx_word' id='word_1_185' title='bbox 402 2077 664 2133; x_wconf 88' lang='lat' dir='ltr'>spiritualia.</span> <span class='ocrx_word' id='word_1_186' title='bbox 696 2075 962 2131; x_wconf 89' lang='lat' dir='ltr'>Flagellatio</span> <span class='ocrx_word' id='word_1_187' title='bbox 994 2074 1040 2116; x_wconf 90' lang='lat' dir='ltr'>in</span> <span class='ocrx_word' id='word_1_188' title='bbox 1078 2073 1331 2124; x_wconf 86' lang='lat' dir='ltr'>refectorio,</span> <span class='ocrx_word' id='word_1_189' title='bbox 1358 2086 1474 2127; x_wconf 86' lang='lat' dir='ltr'>quae</span> <span class='ocrx_word' id='word_1_190' title='bbox 1512 2071 1676 2114; x_wconf 88' lang='lat' dir='ltr'>dicitur</span> 
     </span>
     <span class='ocr_line' id='line_1_27' title="bbox 47 2148 1672 2211; baseline -0.004 -16.148"><span class='ocrx_word' id='word_1_191' title='bbox 6 2155 302 2214; x_wconf 83' lang='lat' dir='ltr'>disciplina.</span> <span class='ocrx_word' id='word_1_192' title='bbox 331 2154 515 2198; x_wconf 83' lang='lat' dir='ltr'>Ieiunia.</span> <span class='ocrx_word' id='word_1_193' title='bbox 542 2152 953 2208; x_wconf 83' lang='lat' dir='ltr'>Peregrinationes,</span> <span class='ocrx_word' id='word_1_194' title='bbox 983 2151 1032 2193; x_wconf 92' lang='lat' dir='ltr'>In</span> <span class='ocrx_word' id='word_1_195' title='bbox 1057 2149 1270 2205; x_wconf 87' lang='lat' dir='ltr'>hospitali</span> <span class='ocrx_word' id='word_1_196' title='bbox 1297 2148 1482 2191; x_wconf 91' lang='lat' dir='ltr'>seruire.</span> <span class='ocrx_word' id='word_1_197' title='bbox 1515 2148 1672 2192; x_wconf 83' lang='lat' dir='ltr'>Serui-</span> 
     </span>
     <span class='ocr_line' id='line_1_28' title="bbox 52 2226 1675 2284; baseline -0.005 -10.197"><span class='ocrx_word' id='word_1_198' title='bbox 11 2232 112 2277; x_wconf 88' lang='lat' dir='ltr'>tia</span> <span class='ocrx_word' id='word_1_199' title='bbox 143 2231 403 2275; x_wconf 82' lang='lat' dir='ltr'>domestica.</span> <span class='ocrx_word' id='word_1_200' title='bbox 439 2232 617 2273; x_wconf 89' lang='lat' dir='ltr'>Docere</span> <span class='ocrx_word' id='word_1_201' title='bbox 663 2243 826 2284; x_wconf 87' lang='lat' dir='ltr'>pueros</span> <span class='ocrx_word' id='word_1_202' title='bbox 873 2227 1123 2270; x_wconf 86' lang='lat' dir='ltr'>doctrinam</span> <span class='ocrx_word' id='word_1_203' title='bbox 1161 2226 1466 2268; x_wconf 88' lang='lat' dir='ltr'>christianam.</span> <span class='ocrx_word' id='word_1_204' title='bbox 1515 2227 1675 2267; x_wconf 88' lang='lat' dir='ltr'>Petere</span> 
     </span>
     <span class='ocr_line' id='line_1_29' title="bbox 7 2303 1675 2363; baseline -0.005 -12"><span class='ocrx_word' id='word_1_205' title='bbox 7 2311 34 2345; x_wconf 45' lang='grc' dir='ltr'>Η»</span> <span class='ocrx_word' id='word_1_206' title='bbox 53 2310 358 2363; x_wconf 88' lang='lat' dir='ltr'>eleemosynas</span> <span class='ocrx_word' id='word_1_207' title='bbox 380 2321 459 2362; x_wconf 90' lang='lat' dir='ltr'>per</span> <span class='ocrx_word' id='word_1_208' title='bbox 481 2307 649 2349; x_wconf 89' lang='lat' dir='ltr'>vrbem.</span> <span class='ocrx_word' id='word_1_209' title='bbox 668 2307 804 2349; x_wconf 86' lang='lat' dir='ltr'>Ferre</span> <span class='ocrx_word' id='word_1_210' title='bbox 826 2319 944 2359; x_wconf 88' lang='lat' dir='ltr'>quae</span> <span class='ocrx_word' id='word_1_211' title='bbox 966 2304 1073 2346; x_wconf 87' lang='lat' dir='ltr'>emit</span> <span class='ocrx_word' id='word_1_212' title='bbox 1102 2310 1254 2346; x_wconf 90' lang='lat' dir='ltr'>noster</span> <span class='ocrx_word' id='word_1_213' title='bbox 1281 2311 1472 2358; x_wconf 89' lang='lat' dir='ltr'>emptor.</span> <span class='ocrx_word' id='word_1_214' title='bbox 1496 2303 1675 2344; x_wconf 91' lang='lat' dir='ltr'>Ducere</span> 
     </span>
     <span class='ocr_line' id='line_1_30' title="bbox 11 2380 1675 2439; baseline -0.005 -12"><span class='ocrx_word' id='word_1_215' title='bbox 11 2385 252 2427; x_wconf 44' lang='lat' dir='ltr'>{tiumenta</span> <span class='ocrx_word' id='word_1_216' title='bbox 281 2393 445 2427; x_wconf 90' lang='lat' dir='ltr'>onusta</span> <span class='ocrx_word' id='word_1_217' title='bbox 471 2398 549 2439; x_wconf 86' lang='lat' dir='ltr'>per</span> <span class='ocrx_word' id='word_1_218' title='bbox 578 2384 749 2426; x_wconf 85' lang='lat' dir='ltr'>vrbem.</span> <span class='ocrx_word' id='word_1_219' title='bbox 790 2381 1009 2424; x_wconf 49' lang='lat' dir='ltr'>Publicas*</span> <span class='ocrx_word' id='word_1_220' title='bbox 1036 2380 1410 2436; x_wconf 87' lang='lat' dir='ltr'>reprehensiones</span> <span class='ocrx_word' id='word_1_221' title='bbox 1448 2387 1598 2434; x_wconf 87' lang='lat' dir='ltr'>petere</span> <span class='ocrx_word' id='word_1_222' title='bbox 1632 2385 1675 2420; x_wconf 85' lang='lat' dir='ltr'>et</span> 
     </span>
     <span class='ocr_line' id='line_1_31' title="bbox 25 2455 1675 2522; baseline -0.005 -18"><span class='ocrx_word' id='word_1_223' title='bbox 25 2470 37 2522; x_wconf 67' lang='lat'>³.</span> <span class='ocrx_word' id='word_1_224' title='bbox 52 2462 272 2517; x_wconf 85' lang='lat' dir='ltr'>accipere.</span> <span class='ocrx_word' id='word_1_225' title='bbox 299 2461 428 2503; x_wconf 91' lang='lat' dir='ltr'>Indui</span> <span class='ocrx_word' id='word_1_226' title='bbox 455 2460 657 2504; x_wconf 84' lang='lat' dir='ltr'>vestibus</span> <span class='ocrx_word' id='word_1_227' title='bbox 679 2458 854 2502; x_wconf 90' lang='lat' dir='ltr'>detritis</span> <span class='ocrx_word' id='word_1_228' title='bbox 881 2465 926 2501; x_wconf 89' lang='lat' dir='ltr'>et</span> <span class='ocrx_word' id='word_1_229' title='bbox 942 2457 1117 2501; x_wconf 89' lang='lat' dir='ltr'>laceris.</span> <span class='ocrx_word' id='word_1_230' title='bbox 1147 2460 1307 2500; x_wconf 86' lang='lat' dir='ltr'>Petere</span> <span class='ocrx_word' id='word_1_231' title='bbox 1328 2463 1393 2508; x_wconf 87' lang='lat' dir='ltr'>vt,</span> <span class='ocrx_word' id='word_1_232' title='bbox 1419 2456 1539 2510; x_wconf 88' lang='lat' dir='ltr'>quod</span> <span class='ocrx_word' id='word_1_233' title='bbox 1561 2455 1675 2496; x_wconf 83' lang='lat' dir='ltr'>solet</span> 
     </span>
     <span class='ocr_line' id='line_1_32' title="bbox 9 2531 1676 2605; baseline -0.004 -26"><span class='ocrx_word' id='word_1_234' title='bbox 9 2539 33 2605; x_wconf 27' lang='grc' dir='ltr'>εἶς</span> <span class='ocrx_word' id='word_1_235' title='bbox 50 2538 145 2581; x_wconf 86' lang='lat' dir='ltr'>dari</span> <span class='ocrx_word' id='word_1_236' title='bbox 167 2537 366 2588; x_wconf 88' lang='lat' dir='ltr'>nouitiis,</span> <span class='ocrx_word' id='word_1_237' title='bbox 391 2537 557 2579; x_wconf 88' lang='lat' dir='ltr'>silentii</span> <span class='ocrx_word' id='word_1_238' title='bbox 579 2536 932 2592; x_wconf 83' lang='lat' dir='ltr'>chirographum</span> <span class='ocrx_word' id='word_1_239' title='bbox 957 2535 1065 2590; x_wconf 90' lang='lat' dir='ltr'>ipsis</span> <span class='ocrx_word' id='word_1_240' title='bbox 1082 2534 1371 2576; x_wconf 89' lang='lat' dir='ltr'>concedatur.</span> <span class='ocrx_word' id='word_1_241' title='bbox 1400 2532 1485 2575; x_wconf 87' lang='grc'>205</span> <span class='ocrx_word' id='word_1_242' title='bbox 1510 2531 1676 2573; x_wconf 84' lang='lat' dir='ltr'>Viuere</span> 
     </span>
     <span class='ocr_line' id='line_1_33' title="bbox 53 2605 1675 2665; baseline -0.007 -7.303"><span class='ocrx_word' id='word_1_243' title='bbox 53 2615 107 2655; x_wconf 88' lang='lat' dir='ltr'>ad</span> <span class='ocrx_word' id='word_1_244' title='bbox 129 2613 345 2657; x_wconf 84' lang='lat' dir='ltr'>rationem</span> <span class='ocrx_word' id='word_1_245' title='bbox 377 2605 667 2665; x_wconf 90' lang='lat' dir='ltr'>nouitiorum,</span> <span class='ocrx_word' id='word_1_246' title='bbox 703 2612 836 2655; x_wconf 92' lang='lat' dir='ltr'>etiam</span> <span class='ocrx_word' id='word_1_247' title='bbox 870 2626 972 2654; x_wconf 90' lang='lat' dir='ltr'>cum</span> <span class='ocrx_word' id='word_1_248' title='bbox 1004 2610 1129 2665; x_wconf 89' lang='lat' dir='ltr'>ipsis.</span> <span class='ocrx_word' id='word_1_249' title='bbox 1156 2611 1349 2653; x_wconf 86' lang='lat' dir='ltr'>Gestare</span> <span class='ocrx_word' id='word_1_250' title='bbox 1378 2607 1557 2661; x_wconf 84' lang='lat' dir='ltr'>aliquod</span> <span class='ocrx_word' id='word_1_251' title='bbox 1580 2606 1675 2648; x_wconf 89' lang='lat' dir='ltr'>cili-</span> 
     </span>
     <span class='ocr_line' id='line_1_34' title="bbox 14 2681 1678 2744; baseline -0.005 -13"><span class='ocrx_word' id='word_1_252' title='bbox 14 2685 187 2738; x_wconf 54' lang='lat' dir='ltr'>fficium.</span> <span class='ocrx_word' id='word_1_253' title='bbox 213 2692 375 2734; x_wconf 88' lang='lat' dir='ltr'>Petere</span> <span class='ocrx_word' id='word_1_254' title='bbox 396 2689 642 2731; x_wconf 86' lang='lat' dir='ltr'>ordinarias</span> <span class='ocrx_word' id='word_1_255' title='bbox 668 2687 984 2744; x_wconf 87' lang='lat' dir='ltr'>poenitentias,</span> <span class='ocrx_word' id='word_1_256' title='bbox 1019 2701 1134 2741; x_wconf 87' lang='lat' dir='ltr'>quae</span> <span class='ocrx_word' id='word_1_257' title='bbox 1164 2685 1356 2741; x_wconf 85' lang='lat' dir='ltr'>singulis</span> <span class='ocrx_word' id='word_1_258' title='bbox 1379 2681 1678 2726; x_wconf 80' lang='lat' dir='ltr'>hebdomadis</span> 
     </span>
     <span class='ocr_line' id='line_1_35' title="bbox 16 2751 1674 2818; baseline -0.007 -8"><span class='ocrx_word' id='word_1_259' title='bbox 16 2751 300 2818; x_wconf 54' lang='lat' dir='ltr'>si‘recurrant,</span> <span class='ocrx_word' id='word_1_260' title='bbox 333 2773 380 2807; x_wconf 90' lang='lat' dir='ltr'>vt</span> <span class='ocrx_word' id='word_1_261' title='bbox 408 2766 446 2808; x_wconf 92' lang='lat' dir='ltr'>si</span> <span class='ocrx_word' id='word_1_262' title='bbox 482 2780 571 2807; x_wconf 89' lang='lat' dir='ltr'>vna</span> <span class='ocrx_word' id='word_1_263' title='bbox 607 2764 888 2807; x_wconf 87' lang='lat' dir='ltr'>hebdomada</span> <span class='ocrx_word' id='word_1_264' title='bbox 926 2764 1004 2805; x_wconf 90' lang='lat' dir='ltr'>fiat</span> <span class='ocrx_word' id='word_1_265' title='bbox 1034 2777 1122 2804; x_wconf 79' lang='lat' dir='ltr'>vna</span> <span class='ocrx_word' id='word_1_266' title='bbox 1144 2760 1395 2816; x_wconf 85' lang='lat' dir='ltr'>disciplina,</span> <span class='ocrx_word' id='word_1_267' title='bbox 1429 2759 1513 2801; x_wconf 82' lang='lat' dir='ltr'>alia</span> <span class='ocrx_word' id='word_1_268' title='bbox 1537 2772 1674 2799; x_wconf 89' lang='lat' dir='ltr'>vnum</span> 
     </span>
     <span class='ocr_line' id='line_1_36' title="bbox 54 2836 1674 2898; baseline -0.008 -11.252"><span class='ocrx_word' id='word_1_269' title='bbox 54 2840 283 2893; x_wconf 81' lang='lat' dir='ltr'>ieiunium,</span> <span class='ocrx_word' id='word_1_270' title='bbox 309 2842 395 2885; x_wconf 87' lang='lat' dir='ltr'>alia</span> <span class='ocrx_word' id='word_1_271' title='bbox 417 2848 622 2898; x_wconf 84' lang='lat' dir='ltr'>gestetur</span> <span class='ocrx_word' id='word_1_272' title='bbox 645 2855 733 2883; x_wconf 87' lang='lat' dir='ltr'>vno</span> <span class='ocrx_word' id='word_1_273' title='bbox 763 2840 834 2883; x_wconf 85' lang='lat' dir='ltr'>die</span> <span class='ocrx_word' id='word_1_274' title='bbox 863 2839 1076 2890; x_wconf 87' lang='lat' dir='ltr'>cilicium,</span> <span class='ocrx_word' id='word_1_275' title='bbox 1109 2837 1194 2880; x_wconf 90' lang='lat' dir='ltr'>alia</span> <span class='ocrx_word' id='word_1_276' title='bbox 1226 2836 1469 2879; x_wconf 85' lang='lat' dir='ltr'>recitentur</span> <span class='ocrx_word' id='word_1_277' title='bbox 1503 2841 1674 2888; x_wconf 81' lang='lat' dir='ltr'>septem</span> 
     </span>
    </p>
   </div>
   <div class='ocr_carea' id='block_1_6' title="bbox 126 2949 336 2952">
    <p class='ocr_par' dir='ltr' id='par_1_14' title="bbox 126 2949 336 2952">
     <span class='ocr_line' id='line_1_37' title="bbox 126 2949 336 2952; baseline 0 0"><span class='ocrx_word' id='word_1_278' title='bbox 126 2949 336 2952; x_wconf 95' lang='lat' dir='ltr'> </span> 
     </span>
    </p>
   </div>
   <div class='ocr_carea' id='block_1_7' title="bbox 124 3008 428 3042">
    <p class='ocr_par' dir='ltr' id='par_1_15' title="bbox 124 3008 428 3042">
     <span class='ocr_line' id='line_1_38' title="bbox 124 3008 428 3042; baseline 0.003 -1"><span class='ocrx_word' id='word_1_279' title='bbox 124 3019 140 3034; x_wconf 65' lang='lat' dir='ltr'>a</span> <span class='ocrx_word' id='word_1_280' title='bbox 189 3008 339 3042; x_wconf 78' lang='lat' dir='ltr'>stuitur</span> <span class='ocrx_word' id='word_1_281' title='bbox 359 3019 428 3042; x_wconf 86' lang='lat' dir='ltr'>ms.</span> 
     </span>
    </p>
   </div>
  </div>
 </body>
</html>
