2028 3426
334 222 402 266 852
909 222 1048 258 Emsr.
1075 221 1120 259 P.
1148 221 1300 257 NADAL

289 326 453 380 Xpus.,
481 323 590 378 quid
613 322 824 379 apostoli,
850 323 958 379 quid
987 322 1150 375 sancti,
1183 322 1292 378 quid
1321 322 1512 367 ecclesia
1544 336 1722 378 semper
1753 323 1924 377 docuit,

287 402 435 452 docet,
472 399 668 452 docebit,
705 399 792 443 nisi
828 407 878 442 vt
915 400 1065 443 Deum
1103 413 1240 456 super
1277 398 1429 443 omnia
1465 398 1659 455 diligant
1697 400 1924 453 mortales,

287 480 435 520 Deum
459 492 515 520 ex
534 484 630 520 toto
648 478 800 530 corde,
823 485 916 521 tota
940 484 1109 530 mente,
1131 484 1225 520 tota
1242 476 1407 530 anima,
1428 476 1640 519 omnibus
1657 475 1830 519 viribus
1852 476 1924 524 di-

288 555 453 611 ligant?
476 555 579 597 Hoc
603 554 713 610 quid
741 561 826 606 est,
852 554 921 597 vir
945 553 1222 606 doctissime,
1248 553 1335 596 nisi
1364 553 1570 610 regulam
1600 552 1805 609 primam,
1833 553 1926 609 pri-

289 646 411 673 mum
436 630 709 687 principium
742 638 961 684 statuere,
987 630 1183 687 primum
1207 631 1362 683 finem,
1394 631 1515 674 vnde
1543 629 1694 673 omnia
1722 629 1925 686 proficis-

288 715 465 759 cantur,
494 722 584 763 quo
607 708 758 751 omnia
787 708 1054 765 dirigantur.
1081 707 1172 752 Vbi
1195 707 1337 764 igitur
1360 720 1484 750 nunc
1506 706 1572 750 tui
1595 714 1701 750 sunt
1724 706 1930 752 infideles

288 783 504 840 negatiue
537 786 601 841 (vt
630 784 759 840 dicis)
791 793 824 837 ³,
855 783 862 842 Ι
891 784 957 826 tui
989 783 1230 837 haeretici,
1264 783 1330 827 tui
1363 785 1646 840 peccatores?
1675 783 1766 827 Vbi
1803 781 1929 826 sunt?

288 861 411 904 Nihil
436 869 504 906 est
527 861 615 904 iam
639 862 760 905 vnde
783 875 863 918 per
885 861 985 904 illos
1007 860 1224 905 exercitia
1247 860 1551 917 persequaris

375 939 466 982 Sed
490 938 622 982 video
644 938 690 980 in
714 940 800 982 hac
823 953 1016 982 censura
1038 938 1191 981 adhuc
1215 937 1295 980 tibi
1319 952 1418 982 esse
1440 937 1611 993 aliquid
1633 937 1835 993 scrupuli
1857 952 1929 982 re-

287 1016 477 1070 liquum,
504 1015 580 1070 qui
606 1023 650 1060 te
667 1016 785 1060 male
801 1022 978 1072 vrgeat.
1002 1017 1102 1071 Ego
1121 1023 1272 1058 tamen
1290 1014 1415 1057 illum
1435 1014 1514 1057 tibi
1532 1014 1724 1058 eximam
1745 1014 1929 1057 minimo

288 1093 495 1148 negocio.
530 1092 656 1148 Quid
684 1092 765 1137 ais:
798 1106 879 1135 «ex
902 1094 987 1135 hac
1019 1091 1271 1136 assertione
1299 1091 1539 1135 manifeste
1567 1091 1723 1148 colligi
1753 1092 1930 1135 videtur

287 1171 408 1224 quod
437 1184 492 1212 ex
517 1170 677 1214 timore
706 1169 868 1214 electio
890 1169 987 1213 fieri
1010 1184 1102 1212 non
1132 1170 1332 1226 potest›)?
1355 1170 1423 1211 Ex
1451 1183 1540 1224 qua
1567 1169 1751 1213 tandem
1782 1183 1929 1213 asser—

289 1247 431 1289 tione?
455 1248 594 1302 Quod
618 1253 824 1302 oporteat
847 1261 930 1303 per
953 1261 1152 1290 amorem
1174 1245 1260 1290 Dei
1284 1245 1381 1289 fieri
1405 1245 1696 1290 electionem?
1725 1246 1831 1289 Heu
1860 1259 1930 1288 me

289 1324 520 1367 miserum!
559 1324 704 1368 Doleo
736 1338 874 1380 super
907 1331 968 1376 te,
1005 1324 1143 1367 frater
1176 1323 1235 1366 mi
1268 1330 1577 1379 praesentate,
1603 1324 1724 1378 quod
1757 1330 1847 1365 tam
1871 1322 1931 1365 sis

286 1402 506 1444 aduersus
529 1408 687 1444 nostra
709 1400 925 1445 exercitia
947 1401 1064 1443 male
1087 1400 1330 1452 animatus,
1351 1407 1400 1442 vt
1424 1407 1514 1443 tam
1538 1399 1830 1456 conspicuam
1854 1413 1929 1442 ve-

287 1479 480 1530 ritatem,
509 1486 598 1521 tam
628 1479 924 1532 luculentam,
953 1485 1041 1520 tam
1067 1462 1262 1520 obscure
1289 1482 1360 1523 212
1390 1476 1635 1533 intelligas,
1669 1485 1759 1519 tam
1793 1491 1931 1533 aegre

288 1555 497 1611 recipias,
531 1556 624 1599 Sed
654 1555 924 1612 colligamus
951 1569 1033 1611 per
1063 1562 1122 1598 te:
1156 1562 1339 1611 oportet
1361 1553 1379 1580 ¹³
1403 1569 1458 1599 ex
1484 1553 1570 1597 Dei
1593 1569 1746 1598 amore
1768 1568 1930 1610 pecca-

287 1642 428 1676 torem
452 1632 641 1686 conteri;
668 1647 810 1688 quare
831 1633 904 1676 vel
927 1647 1019 1675 non
1043 1639 1208 1689 potest,
1231 1633 1303 1676 vel
1321 1646 1412 1675 non
1430 1638 1609 1687 oportet
1626 1646 1706 1687 per
1726 1631 1929 1674 timorem

288 1711 343 1752 ad
368 1710 686 1754 contritionem
711 1711 1004 1753 contendere:
1032 1711 1199 1755 debent
1223 1710 1430 1754 infideles
1451 1723 1508 1752 ex
1538 1723 1693 1753 amore
1721 1708 1806 1752 Dei
1837 1723 1929 1751 mo—

290 1787 384 1830 ueri
408 1788 463 1830 ad
486 1787 781 1843 baptismum3
808 1802 948 1842 quare
970 1802 1062 1831 non
1086 1794 1278 1844 possunt
1297 1787 1547 1831 terroribus
1564 1793 1854 1843 peccatorum
1874 1786 1930 1828 ad

287 1864 413 1906 illum
438 1863 602 1906 iuuari:
635 1865 802 1907 debent
831 1864 1047 1907 haeretici
1076 1865 1133 1907 ad
1163 1879 1262 1908 eam
1295 1864 1448 1916 fidem,
1484 1877 1619 1918 quam
1653 1864 1710 1905 ab
1740 1862 1930 1907 ecclesia

289 1948 580 1997 acceperunt,
607 1955 686 1997 per
709 1955 908 1984 amorem
934 1941 1018 1985 Dei
1041 1941 1204 1994 redire;
1232 1955 1388 1996 quare,
1414 1954 1576 1997 poena,
1597 1940 1642 1982 vi
1659 1939 1927 1995 disputatio-

290 2018 376 2070 nis,
402 2017 501 2060 aliis
524 2018 609 2073 piis
631 2018 822 2070 artibus,
849 2019 905 2061 ad
929 2019 1063 2061 fidem
1088 2033 1181 2061 non
1202 2025 1394 2074 possunt
1417 2016 1567 2074 dirigi.
1596 2018 1733 2073 Quod
1757 2017 1794 2059 si
1818 2018 1929 2061 haec

292 2095 404 2137 falso
433 2094 730 2150 colliguntur,
762 2109 844 2137 cur
876 2109 966 2137 non
991 2094 1192 2138 aduertis
1222 2102 1264 2138 te
1292 2109 1529 2150 perperam
1552 2095 1826 2137 concludere
1849 2094 1930 2137 ad-

294 2186 455 2216 uersus
489 2179 690 2214 nostram
715 2171 1094 2227 propositionem?
1117 2174 1174 2215 Et
1197 2171 1396 2227 quidem,
1427 2171 1433 2229 Ι
1462 2172 1584 2227 quod
1614 2181 1662 2213 tu
1686 2171 1772 2213 illis
1794 2171 1931 2214 colle—

294 2248 522 2292 ctionibus
551 2263 600 2291 es
629 2263 950 2305 responsurus,
976 2249 1222 2291 arbitrator
1245 2248 1325 2291 tibi
1348 2263 1449 2292 esse
1473 2262 1752 2304 responsum.
1777 2247 1928 2290 Dicas:

294 2341 382 2368 non
407 2326 615 2382 intelligo
639 2325 748 2381 quid
771 2325 914 2371 dicas.
940 2325 1158 2382 Apertius
1181 2325 1322 2381 igitur
1344 2325 1511 2377 dicam,
1544 2327 1696 2369 Pater.
1722 2325 1833 2367 Illud
1864 2332 1933 2367 est

294 2403 578 2458 principium,
614 2410 663 2445 vt
695 2403 876 2446 abunde
909 2402 1345 2455 demonstrauimus,
1381 2401 1532 2445 omnia
1570 2417 1624 2446 ex
1662 2416 1815 2445 amore
1847 2401 1933 2445 Dei

293 2480 513 2534 proficisci
537 2481 719 2524 debere:
747 2479 950 2532 consilia,
978 2479 1244 2532 electiones,
1270 2479 1487 2522 actiones.
1521 2479 1613 2523 Sed
1636 2479 1693 2521 ad
1716 2480 1838 2521 hunc
1862 2478 1932 2520 in-

295 2571 427 2610 quam
451 2571 648 2599 amorem
672 2558 1018 2612 perfectumque
1041 2555 1311 2612 principium
1334 2563 1440 2599 sunt
1459 2556 1616 2607 multa,
1637 2569 1754 2610 quae
1772 2569 1931 2597 manu-

294 2634 477 2684 ducant,
503 2648 583 2688 per
606 2648 722 2688 quae
746 2633 802 2676 ad
825 2647 928 2676 eum
953 2634 1185 2685 adeamus,
1211 2632 1247 2675 si
1276 2632 1472 2688 primurn
1504 2639 1658 2675 nostra
1679 2631 1851 2675 desidia
1879 2645 1930 2674 ac

295 2709 594 2752 somnolentia
616 2711 688 2765 vel
712 2709 1055 2765 imperfectione
1078 2710 1150 2752 vel
1173 2709 1357 2752 omnino
1379 2716 1531 2752 nostra
1561 2709 1692 2764 culpa
1722 2709 1778 2751 ad
1807 2707 1931 2750 illum

298 2800 388 2827 non
413 2786 692 2842 attingamus
715 2801 930 2839 ainorem;
957 2801 1047 2842 quo
1070 2786 1115 2828 in
1140 2800 1310 2842 genere
1333 2785 1446 2829 ratio
1464 2793 1533 2829 est
1550 2784 1729 2828 moralis
1747 2799 1798 2827 ac
1822 2799 1931 2828 con-

296 2862 459 2912 silium,
489 2870 581 2904 tuin
606 2862 740 2905 etiam
764 2867 835 2907 213
859 2862 990 2905 timor
1014 2869 1058 2907 et
1081 2862 1165 2905 alia
1190 2862 1429 2918 permulta,
1456 2876 1572 2916 quae
1601 2862 1787 2918 longum
1813 2868 1931 2906 esset

367 2980 382 2995 ει
410 2968 587 3004 Obscure
603 2974 793 3004 notatum.
847 2970 912 2995 —b
940 2968 1014 3003 Vix
1031 2967 1108 3014 legi
1124 2973 1255 3014 potest
1269 2968 1342 3003 hoc
1359 2968 1482 3011 verb..
1501 2978 1547 3002 eo
1561 2967 1664 3014 quod
1682 2969 1815 3003 charta
1834 2975 1930 3003 atra-

299 3033 428 3061 mento
447 3038 601 3062 corrosa
619 3027 747 3062 fuerit.
