2028 3426
662 215 1001 256 IusrkucrioNEs
1012 240 1040 245 -
1049 220 1071 254 6
1078 228 1091 254 1
1574 231 1593 265 5
1600 229 1613 255 1
1620 220 1641 255 3

154 365 228 404 413
473 372 535 401 DE
565 369 804 400 GENERALI
836 369 1016 399 ORDINE
1047 368 1271 398 COLLEGII

156 479 269 520 Post
296 475 483 532 primam
513 490 737 526 mensam,
768 489 857 516 vna
886 475 998 516 hora
1024 474 1157 517 detur
1179 472 1318 527 quieti
1342 474 1550 527 colloquii
1574 475 1692 517 inte-

68 569 166 610 gra,
198 554 254 596 ad
282 552 412 595 cuius
443 553 578 596 finem
611 552 816 607 pulsetur
843 549 1060 606 receptui.
1093 549 1196 592 Alia
1224 551 1334 592 hora
1370 549 1532 603 quietis
1559 551 1691 592 datur

67 645 149 686 pro
171 630 371 674 secunda
393 643 565 680 mensa,
590 629 647 671 ad
669 626 800 670 cuius
822 627 956 670 etiam
970 627 1105 668 finem
1129 626 1349 681 pulsanda
1366 626 1449 669 erit
1473 627 1692 669 manualis

69 707 352 762 campanula.

156 782 378 826 Absoluta
399 781 569 837 quiete,
596 765 814 836 recipiant
836 795 885 823 se
907 779 951 821 in
975 794 1057 822 sua
1087 779 1295 822 cubicula
1323 787 1368 821 et
1395 778 1489 821 suis
1521 788 1691 834 tempo-

71 860 196 902 ribus
218 860 396 902 scholas
418 859 597 901 adeant.

159 937 295 992 Quod
312 935 427 978 inter
444 935 641 990 quietem
660 941 758 989 post
775 947 961 976 coenam
974 941 1018 975 et
1031 947 1221 976 examen
1241 932 1444 975 intererit
1463 932 1692 987 temporis,

71 1014 206 1056 debet
228 1011 388 1055 studiis
410 1010 624 1067 impendi.

159 1089 349 1141 Diebus,
381 1088 545 1143 quibus
574 1102 658 1130 nec
687 1086 854 1142 legitur
878 1101 961 1130 nec
991 1086 1313 1130 recreationem
1344 1093 1488 1141 agunt
1518 1086 1694 1136 fratres,

72 1173 215 1209 totum
235 1173 428 1221 tempus,
450 1165 568 1220 quod
589 1178 679 1206 non
698 1163 949 1206 insumetur
966 1163 1012 1205 in
1031 1163 1261 1205 auditione
1279 1162 1458 1215 missae,
1479 1162 1695 1213 oratione,

72 1242 307 1286 audiendis
324 1240 618 1284 concionibus
641 1248 686 1284 et
707 1239 978 1282 lectionibus
995 1239 1151 1292 sacris,
1171 1239 1352 1282 dabitur
1370 1239 1529 1282 studiis
1547 1239 1698 1281 litera—

73 1334 188 1362 rum:
214 1333 298 1362 nec
321 1326 472 1361 tamen
495 1317 736 1372 quicquam
761 1316 974 1372 temporis
996 1317 1067 1359 vel
1089 1316 1234 1359 somni
1257 1317 1327 1359 vel
1351 1316 1515 1371 quietis
1532 1315 1700 1365 Vtrius-

75 1410 163 1451 que
186 1385 319 1439 detur
341 1394 516 1438 studiis.

162 1472 246 1515 Die
267 1470 535 1517 recreationi
558 1470 799 1521 destinato,
825 1469 869 1511 id
893 1477 960 1513 est
982 1484 1086 1511 cum
1109 1470 1283 1511 nullum
1313 1471 1476 1512 festum
1505 1469 1701 1511 occurrit

74 1550 120 1592 in
142 1549 441 1600 hebdomada,
467 1548 589 1603 quod
611 1547 884 1590 seruandum
908 1546 982 1599 sit,
1008 1553 1170 1589 exeant
1191 1552 1267 1592 414
1290 1544 1449 1589 Patres
1475 1553 1519 1588 et
1543 1548 1702 1588 fratres

74 1626 120 1668 in
138 1640 320 1681 campos
342 1625 413 1668 vel
435 1624 481 1666 in
503 1626 685 1666 hortum
708 1624 778 1667 vel
803 1623 996 1674 vineam,
1022 1622 1058 1665 si
1081 1637 1184 1665 eum
1209 1624 1357 1665 locum
1380 1623 1587 1666 habuerit
1611 1623 1702 1664 col-

74 1703 260 1759 legium3
287 1703 357 1745 vel
381 1700 516 1744 etiam
535 1707 747 1744 maneant
764 1699 900 1751 domi,
921 1699 959 1741 si
977 1699 1039 1742 ita
1058 1706 1235 1754 tempus
1252 1699 1419 1756 exigat,
1441 1700 1565 1742 iuxta
1582 1701 1703 1754 quod
1766 1741 1770 1745 ,

75 1786 222 1821 rector
243 1777 461 1830 censebit,
487 1785 532 1820 et
556 1783 835 1828 recreentur,
866 1783 915 1818 vt
944 1776 1079 1819 moris
1108 1784 1191 1818 est.
1221 1777 1533 1832 Egredientes,
1556 1776 1704 1818 mittat

75 1870 152 1898 eos
175 1862 322 1897 rector
343 1855 414 1896 vel
437 1853 640 1897 minister
661 1853 792 1895 binos
814 1854 885 1895 vel
915 1861 1066 1896 ternos
1094 1867 1174 1908 per
1202 1845 1454 1905 interualla,
1488 1868 1542 1896 ne
1571 1853 1705 1895 simul

75 1946 233 1975 omnes
256 1931 482 1983 incedant,
508 1929 661 1972 habita
683 1929 818 1973 etiam
841 1929 1015 1971 ratione
1038 1937 1086 1970 vt
1108 1929 1241 1971 simul
1269 1930 1374 1981 sint,
1408 1930 1483 1984 qui
1512 1945 1559 1972 se
1588 1929 1703 1972 invi-

77 2023 176 2052 cem
199 2007 416 2050 adiuuare
439 2007 628 2062 possint.

164 2083 248 2127 Die
272 2084 401 2135 festo,
427 2083 504 2138 qui
526 2083 643 2125 intra
664 2083 991 2125 hebdomadam
1008 2082 1230 2135 inciderit,
1252 2090 1297 2126 et
1315 2084 1410 2126 vice
1428 2084 1515 2127 diei
1534 2098 1707 2127 recrea-

80 2160 229 2213 tionis,
250 2160 325 2215 qui
344 2159 499 2203 haberi
516 2161 644 2211 solet,
666 2158 877 2214 quoniam
895 2173 1026 2201 mane
1044 2159 1220 2210 concio,
1242 2175 1267 2202 a
1288 2160 1476 2215 prandio
1496 2175 1709 2216 vesperae

81 2245 261 2281 nostrae
278 2244 455 2279 nostros
472 2236 755 2288 detinebunt,
775 2250 931 2290 parurn
952 2224 1163 2291 temp⁸oris
1180 2237 1399 2291 supererit
1416 2238 1472 2278 ad
1490 2238 1708 2280 deambu-

82 2315 282 2367 landum3
309 2313 553 2356 videndum
575 2320 724 2355 tamen
747 2320 816 2355 est
838 2319 887 2354 vt
909 2312 1055 2367 aliqua
1078 2313 1164 2354 illis
1187 2313 1406 2356 recreatio
1429 2315 1561 2356 detur
1589 2314 1711 2355 intus

14 2397 22 2429 ¹.
82 2391 155 2434 vel
172 2390 297 2443 foris,
323 2391 472 2445 quoad
488 2389 586 2433 eius
601 2389 698 2433 fieri
716 2388 895 2444 poterit,
918 2389 988 2431 vel
1001 2376 1188 2431 omnino
1207 2389 1320 2432 alius
1341 2390 1599 2445 assignetur
1615 2390 1712 2433 dies

85 2466 388 2518 recreationis,
413 2468 571 2521 saltem
594 2481 620 2508 a
642 2465 845 2521 prandio,
872 2473 916 2507 et
938 2465 983 2507 id
1004 2465 1183 2520 quidem
1209 2466 1245 2508 si
1269 2466 1428 2508 vnicus
1451 2466 1546 2508 dies
1570 2468 1713 2508 festus

87 2543 333 2587 occurrerit
354 2542 399 2584 in
417 2542 714 2585 hebdomade.
737 2539 851 2584 Nam
869 2541 906 2583 si
923 2542 1030 2594 duo,
1051 2556 1141 2584 non
1160 2542 1243 2586 erit
1261 2542 1560 2585 necessarium
1580 2542 1711 2583 aliam

90 2619 413 2664 recreationem
434 2618 546 2670 dari,
572 2633 739 2674 paruae
760 2617 879 2661 enirn
901 2618 1017 2660 duae
1039 2633 1064 2660 e
1086 2618 1286 2672 vesperis
1310 2625 1376 2660 sat
1399 2626 1530 2659 erunt
1554 2626 1584 2659 ³.

178 2701 252 2743 415
289 2694 589 2739 vacationum
631 2701 831 2749 tempore
865 2695 1000 2736 rebus
1037 2694 1213 2736 duabus
1251 2693 1333 2736 erit
1372 2695 1712 2746 attendendum,

93 2773 317 2816 nimirum:
342 2771 564 2827 profectui
586 2769 821 2826 spirituali,
848 2778 893 2813 et
915 2770 1196 2821 recreationi,
1223 2784 1274 2811 ac
1299 2769 1624 2824 recuperationi
1647 2769 1717 2810 vi-

93 2849 208 2893 rium
230 2847 547 2904 corporalium.
571 2849 747 2901 Itaque,
774 2845 851 2901 qui
880 2845 1169 2901 spiritualiter
1196 2845 1480 2900 indigebunt,
1514 2845 1582 2887 his
1607 2845 1719 2887 ratio

167 3026 185 3042 a
233 3024 254 3059 7
275 3015 344 3049 ult.
367 3014 485 3048 verba
504 3012 635 3047 addita
653 3010 860 3057 posterius,

278 3078 390 3107 Emsr.
412 3078 451 3107 P.
471 3077 605 3111 NADAL,
625 3083 702 3104 τοΜ.
721 3075 784 3104 IV.
1513 3074 1547 3100 34
