2028 3426
332 240 399 284 146
597 280 600 282 ,
799 240 952 275 PATRls
979 239 1221 274 Hrssnom'm
1247 223 1398 272 NA‘DAL

282 341 589 385 emendandas
611 339 960 384 constitutiones
982 339 1028 381 in
1052 337 1414 394 congregatione
1436 334 1662 398 generali?
1679 339 1918 382 Annotant
1951 383 1953 386 ,

284 419 441 460 Patres
458 417 657 473 quidem,
679 417 1058 472 quemadmodum
1078 414 1226 471 attigi,
1246 413 1294 456 in
1311 413 1732 467 constitutionibus,
1753 414 1790 458 si
1808 415 1915 471 quid

285 494 468 538 uidetur
497 495 836 550 proponendum
867 491 1230 548 congregationi;
1262 497 1309 533 et
1337 491 1413 547 qui
1446 491 1628 536 tandem
1665 493 1801 536 debet
1832 491 1918 536 sibi
1938 486 1951 554 ξ’

284 572 557 627 persuadere
585 585 690 614 suas
713 569 1031 613 annotationes
1054 583 1079 611 a
1102 567 1462 624 congregatione
1484 583 1584 613 esse
1616 568 1918 625 recipiendas?

283 649 405 702 quod
433 647 469 690 si
500 649 587 690 hoc
617 647 804 698 nesciat,
840 650 879 688 et
910 646 1080 701 alioqui
1117 659 1221 688 cum
1259 645 1425 689 debeat
1451 645 1559 688 boni
1598 646 1836 689 consulere
1866 653 1943 698 ac]

285 726 492 781 probare,
526 739 642 780 quae
674 723 921 766 constituta
949 730 1056 765 sunt
1085 737 1109 764 a
1145 724 1196 765 P.
1232 721 1417 778 Ignatio.
1447 729 1493 766 et
1529 722 1775 776 Societate,
1811 722 1918 778 quid

285 817 453 857 quaeso
477 810 544 846 est
567 802 762 845 alienum
787 799 1135 843 constitutiones
1157 799 1340 844 aedere?
1361 806 1407 842 et
1424 801 1512 843 hoc
1527 799 1709 854 quidem
1728 799 1774 842 in
1797 793 1947 854 loco-,stt

286 894 379 922 non
403 879 554 930 miror,
581 879 705 934 quod
728 893 811 920 nos
827 877 1054 932 'simplices
1071 877 1145 919 uel
1162 877 1326 920 stultos
1344 883 1492 920 uocet:
1519 876 1631 920 illud
1652 877 1846 921 demiror
1867 890 1932 920 ac.

286 957 416 998 doleo
440 957 751 1006 uehementer,
779 954 900 1009 quod
922 968 1013 996 non
1030 953 1089 996 sit
1107 953 1280 998 ueritus
1297 953 1595 1010 simplicitatis
1613 954 1687 998 uel
1703 944 1920 997 stultitiae

288 1040 438 1075 notam
462 1032 641 1075 inurere
665 1031 788 1074 Patri
812 1030 1005 1087 Ignatio,
1030 1038 1225 1073 mortuo.
1251 1031 1383 1083 Nam,
1409 1030 1585 1073 etiamsi
1607 1030 1681 1074 ille
1708 1045 1812 1074 cum
1834 1017 1954 1076 So-l,

286 1109 449 1152 cietate
473 1108 819 1152 constitutiones
842 1107 1078 1161 aediderit,
1110 1108 1230 1151 illius
1258 1114 1409 1152 tamen
1439 1107 1617 1151 aedicto
1645 1115 1782 1163 atque
1810 1100 1950 1167 obe-,⁷31

288 1185 455 1229 dientia
479 1185 734 1241 publicatae
756 1192 863 1227 sunt
886 1184 1249 1228 constitutiones.
1932 1176 1953 1184 ’

368 1265 486 1319 Jam,
514 1263 634 1317 quod
656 1262 766 1304 dicit
787 1261 840 1304 Ρ.
870 1247 968 1305 Bo..
978 1277 1061 1305 vae
1084 1261 1217 1305 nobis
1235 1263 1329 1306 fore
1346 1262 1384 1306 si
1402 1263 1448 1305 in
1465 1271 1627 1306 manus
1645 1276 1920 1319 persequen—
1993 1314 1997 1319 .

288 1340 398 1382 tium
424 1339 622 1382 incidant
645 1338 1008 1393 constitutiones;
1034 1353 1119 1382 vae
1140 1339 1291 1396 potius
1313 1339 1416 1392 illis,
1442 1339 1519 1395 qui
1541 1353 1627 1383 nas
1650 1340 1724 1383 uel
1747 1339 1939 1383 consti-.·
1994 1347 1997 1351 ⁴

288 1416 483 1459 tutiones
503 1423 677 1458 nostras
705 1422 1052 1472 persequentur;
1074 1431 1194 1469 nam,
1216 1416 1293 1471 qui
1315 1431 1396 1472 pro
1420 1417 1612 1461 ueritate
1630 1409 1953 1473 propugnari-.¹
1994 1427 1997 1448 ³

286 1493 341 1534 da
360 1492 722 1548 persecutionem
757 1492 1008 1549 patiuntur,
1048 1493 1080 1535 ii
1116 1493 1162 1536 in
1186 1493 1466 1536 beatitudine
1491 1501 1756 1546 uersantur,
1784 1500 1921 1549 atque

287 1584 419 1612 omne
441 1569 659 1626 gaudium
683 1569 942 1614 existimant
964 1584 1013 1613 se
1037 1576 1324 1623 eonseCiItOS,
1350 1584 1454 1613 cum
1473 1570 1519 1613 in
1538 1570 1686 1614 varias
1705 1569 1930 1615 tentatio-.
1951 1579 1953 1582 ·
1990 1623 1994 1626 ι

288 1661 369 1690 nes
390 1646 648 1689 inciderint.
682 1645 767 1690 X.⁰
791 1646 982 1702 gratiae,
1008 1647 1130 1702 quod
1147 1646 1460 1691 sanctissimus
1482 1661 1535 1690 ac
1557 1647 1920 1704 sapientissimus
1938 1658 1944 1706 j

286 1723 496 1766 dominus
520 1731 674 1766 noster
693 1725 866 1767 Paulus
882 1725 997 1767 IlII.⁸
1022 1738 1106 1767 nos
1123 1733 1168 1768 et
1187 1731 1366 1768 nostras
1388 1724 1738 1768 constitutiones
1761 1711 1943 1770 iuuare}
1987 1760 1991 1763 -

287 1799 538 1854 constituit,
564 1815 617 1843 ac
641 1815 946 1857 propugnare:
974 1803 1062 1844 hoc
1086 1810 1275 1857 patrono
1296 1801 1343 1844 in
1372 1801 1605 1860 X.⁰Jesu,
1638 1801 1770 1845 cuius
1791 1798 1942 1867 §vica-‘'-

288 1877 380 1919 rius
402 1884 470 1920 est
498 1892 703 1920 summus
726 1877 770 1920 in
801 1878 948 1930 terris,
981 1879 1132 1921 nullos
1159 1864 1445 1933 aduersarios
1476 1878 1634 1923 timere
1660 1891 1937 1934 possumus
1987 1871 1994 1878 ⁸

376 1955 423 1996 In
450 1954 649 2009 reliquis,
691 1969 807 2010 quae
840 1956 897 1998 ad
927 1955 1063 1998 finem
1103 1969 1247 2012 usque
1276 1955 1569 2012 prosequitur
1593 1957 1695 2008 Bo..,
1722 1955 1835 1999 nihil
1855 1943 1949 2009 est·-

289 2031 409 2084 quod
432 2030 736 2084 immoremur3
769 2046 890 2083 nam,
921 2046 1039 2087 quae
1067 2032 1141 2074 ille
1169 2032 1348 2089 repetit,
1375 2033 1588 2076 nolumus
1620 2047 1702 2075 nos
1731 2026 1935 2089 repetito,

289 2106 482 2159 diluere,
530 2122 644 2162 quae
682 2108 893 2161 consulit,
935 2123 990 2151 ex
1029 2108 1114 2162 his,
1155 2123 1273 2165 quae
1309 2109 1528 2162 diximus,
1569 2123 1809 2154 necessum
1855 2114 1924 2162 est
1987 2107 1990 2146 ἶ

292 2184 491 2238 rejicere:
518 2186 574 2227 ad
597 2186 687 2227 duo
725 2185 882 2241 igitur,
908 2186 946 2229 si
984 2183 1113 2229 breui
1151 2188 1522 2243 respondeamus,
1558 2186 1672 2229 nihil
1708 2185 1935 2242 arbitror„

293 2261 408 2316 quod
430 2262 727 2304 desideretur.
1482 2310 1485 2313 .

384 2337 582 2380 Primum
606 2339 745 2394 igitur
773 2348 842 2382 est
870 2342 926 2383 de
954 2341 1203 2385 ministerio
1235 2341 1382 2385 Patris
1413 2341 1619 2394 Polanci,
1652 2341 1775 2396 quod
1804 2339 1942 2399 Patri
1980 2350 1986 2356 '

294 2414 474 2470 Ignatio
498 2415 720 2470 praestitit
742 2416 787 2458 in
811 2418 1060 2461 condendis
1089 2418 1510 2461 constitutionibus:
1544 2432 1633 2475 ego
1664 2432 1843 2474 semper
1865 2416 1933 2481 ita,

297 2491 626 2544 intellexeram,
653 2494 1001 2538 constitutiones
1023 2495 1207 2550 quidem
1229 2510 1310 2552 per
1332 2496 1476 2539 multa
1498 2495 1736 2548 sacrificia,
1756 2494 1936 2550 oratio-5

299 2583 379 2612 nes
401 2577 445 2610 et
468 2569 689 2634 lacrymas
713 2579 757 2613 et
773 2571 1041 2614 deuotiones
1058 2572 1170 2616 alias
1187 2580 1434 2628 praeterea,
1458 2574 1511 2615 P.
1533 2572 1713 2628 Ignatio
1739 2569 1924 2614 familia—

298 2660 385 2696 res,
411 2646 468 2688 ab
492 2645 588 2701 ipso
613 2646 752 2690 fuisse
774 2655 818 2690 et
841 2648 990 2691 animo
1013 2656 1256 2705 conceptas
1279 2657 1325 2692 et
1347 2649 1610 2705 explicatas;
1633 2649 1770 2705 quod,
1790 2647 1828 2691 si
1849 2646 1930 2691 ali*
1978 2639 1987 2693 i

295 2736 385 2777 qua
415 2722 595 2777 scripsit
627 2725 676 2766 P.
712 2725 955 2778 Polancus,
996 2726 1106 2768 nihil
1146 2727 1326 2771 eleuare
1363 2734 1510 2782 potest
1548 2725 1926 2769 constitutionum
1980 2714 1986 2725 ’

296 2799 634 2852 authoritatem3
655 2814 744 2842 non
763 2801 880 2843 enim
902 2802 1086 2846 minoris
1104 2803 1391 2846 authoritatis
1408 2811 1478 2847 est
1496 2805 1683 2846 fratrum
1703 2802 1929 2845 minorum'

298 2876 473 2931 regula,
505 2877 629 2931 quod
657 2877 777 2919 illam
806 2877 941 2921 diuus
969 2881 1004 2922 F
1008 2880 1239 2923 ranciscus
1261 2895 1352 2923 non
1375 2873 1620 2937 scripserit,
1646 2880 1727 2924 sed
1749 2877 1929 2923 iusserit
1967 2868 1986 2943 '⁵

298 2952 600 3005 scribendam,
626 2955 746 3008 quod
771 2955 866 3010 ipse
888 2955 933 2997 in
956 2971 1039 2999 suo
1058 2965 1330 3001 testamento
1349 2961 1554 3000 testatur.
1926 3002 1934 3007 ,,
1981 3010 1984 3015 .

389 3030 528 3072 Aliud
549 3037 633 3081 est,
660 3033 780 3086 quod
799 3033 979 3075 modum
1003 3034 1289 3089 gubernandi
1311 3034 1586 3080 Societatem
1614 3037 1702 3078 hoc
1725 3019 1985 3093 tempor-13³
