2028 3426
379 161 449 207 438
853 163 1005 198 PA’rms
1032 162 1274 198 Humonvm
1302 162 1452 198 NADAL
1966 192 1983 225 ⁴5

425 265 481 307 Et
504 271 653 307 tamen
686 277 1011 318 nonnunquam
1035 263 1080 305 hi
1109 271 1217 306 sunt
1249 263 1453 306 seuerius
1482 263 1751 320 accipiendi,
1788 259 1984 323 dandae&
2011 257 2017 324 ξ

334 341 420 386 illis
442 341 763 398 poenitentiae,
789 341 923 383 etiam
948 342 1118 396 absque
1141 342 1290 397 culpa,
1316 342 1372 384 ad
1396 356 1550 386 eorum
1575 341 1833 386 solidiorem
1855 329 1973 398 pro-J*

335 420 520 472 fectum,
547 419 828 474 aliorumque
849 417 1167 462 excitationem
1193 425 1237 462 et
1266 419 1537 474 exemplum.
1973 407 1985 427 ‘³

423 497 591 540 Eorum
615 510 741 546 vero,
762 494 839 549 qui
861 494 1084 550 superiori
1102 510 1192 538 non
1210 496 1513 549 satisfaciunt,
1534 510 1624 550 quo
1642 497 1769 552 plura
1787 496 1830 538 in
1856 480 1987 552 ipsis¹

334 573 727 624 desiderabuntur,
753 587 806 615 eo
830 572 970 615 maior
991 572 1191 628 ipsorum
1217 574 1300 617 erit
1324 575 1533 616 habenda
1555 588 1680 616 cura.

423 653 480 693 Et·
502 651 713 706 primum,
739 665 795 692 an
819 650 876 692 sit
899 650 1147 693 eiiciendus
1169 666 1193 693 a
1211 650 1456 702 Societate,
1478 651 1522 693 id
1542 658 1610 693 est
1627 650 1961 696 consultissime
1988 679 1989 690 κ
2018 640 2019 643 ¹

334 728 787 771 animaduertendum
812 735 857 771 et
881 729 1245 783 expendendum.
2020 722 2021 729 ¹

423 806 627 859 Illudque
650 819 702 847 ea
719 804 764 847 in
785 804 840 848 181
859 820 907 848 re
930 805 1316 849 animaduertetur
1334 805 1690 859 accuratissime,
1713 821 1784 856 ne,
1807 805 1975 848 huius-2

336 884 454 925 modi
478 882 788 938 indulgentius
810 883 1063 931 retinendo,
1090 882 1437 939 congregationi
1461 890 1695 926 noceatur.

424 960 519 1002 Erit
542 967 691 1002 autem
717 959 824 1003 vtile
846 959 1039 1015 singulis
1062 959 1192 1002 annis
1215 960 1470 1015 prouidere,
1496 975 1544 1004 re
1566 974 1670 1003 cum
1699 958 1967 1016 prouinciali
2023 973 2026 994 z

336 1039 607 1089 consultata,
643 1052 698 1080 an
732 1037 975 1093 collegium
1008 1037 1066 1079 sit
1096 1038 1382 1093 purgandum
1412 1037 1673 1080 huiusmodi
1696 1036 1977 1093 importunis.-

336 1115 564 1165 fratribus,
590 1115 972 1170 quemadmodum
996 1115 1109 1158 solet
1132 1128 1297 1169 corpus
1320 1114 1588 1157 humoribus
1611 1114 1774 1157 noxiis.

424 1194 492 1236 Ne
516 1192 645 1235 facile
667 1199 818 1235 tamen
841 1191 1072 1234 amittatur
1095 1191 1260 1234 fiducia
1283 1191 1417 1235 etiam
1435 1193 1490 1234 de
1513 1206 1583 1244 eo,
1605 1191 1682 1247 qui
1705 1193 1967 1247 deploratus

335 1270 501 1324 alioqui
527 1269 774 1313 videretur.

427 1347 519 1402 Qui
542 1353 717 1391 secreto
740 1354 860 1390 esset
882 1347 1195 1400 dimittendus,
1217 1347 1257 1392 ei
1280 1347 1325 1389 in
1350 1346 1762 1403 peregrinationem
1781 1346 1969 1389 manife·-

335 1433 450 1467 stam
472 1423 625 1475 misso,
651 1423 789 1466 indici
813 1432 965 1480 posset
987 1440 1045 1469 ne
1069 1424 1250 1468 rediret.

422 1503 599 1546 Interea
623 1509 789 1554 tamen,
809 1503 917 1544 dum
940 1516 1043 1558 spes
1066 1510 1134 1546 est
1157 1502 1301 1546 iuuari
1326 1501 1577 1557 inquietum
1595 1515 1743 1556 posse,
1765 1501 1968 1544 studium.

332 1588 376 1623 et
399 1594 508 1622 cura
531 1574 599 1623 est
621 1579 767 1623 omnis
789 1580 1047 1624 adhibenda
1071 1588 1117 1622 vt
1142 1580 1340 1623 iuuetur.

424 1656 644 1709 Primum,
677 1664 740 1708 vt,
767 1658 915 1713 quoad
946 1657 1043 1701 eius
1074 1657 1169 1701 fieri
1198 1657 1381 1713 poterit,
1408 1658 1558 1700 statim
1588 1657 1774 1709 sciatur,
1807 1671 1969 1711 quam-

338 1735 528 1790 primum
552 1736 666 1778 male
689 1735 790 1790 quis
812 1735 979 1779 habere
1002 1734 1265 1790 incoeperit,
1292 1744 1336 1778 et
1359 1734 1446 1777 iam
1478 1735 1583 1778 inde
1609 1734 1805 1779 remedia
1838 1733 1966 1777 adhi-

336 1814 541 1856 beantur:
568 1813 747 1865 deinde,
773 1819 822 1854 vt
845 1813 901 1855 ad
923 1827 972 1856 se
994 1826 1098 1855 eum
1122 1820 1255 1856 vocet
1281 1812 1353 1856 182
1377 1813 1598 1868 superior,
1625 1811 1751 1854 illum
1773 1811 1967 1854 instruat

336 1889 510 1934 solicite
537 1901 582 1934 et
603 1890 745 1933 iuuet.
792 1893 795 1897 ”

428 1969 667 2011 Praeterea
689 1967 807 2009 idem
830 1981 908 2023 per
931 1967 1040 2010 alios
1063 1976 1207 2019 curet,
1234 1981 1311 2023 per
1334 1967 1677 2017 confessarium,
1706 1981 1785 2021 per
1805 1968 1965 2008 Patres

335 2044 526 2100 aliquos,
551 2053 595 2086 et
621 2045 781 2088 fratres
804 2044 1006 2087 idoneos.
1983 2099 1986 2103 Ι

426 2121 669 2164 Interdicat
692 2121 753 2162 illi
776 2128 922 2164 rector
946 2129 991 2163 et
1018 2120 1322 2164 confessarius
1345 2135 1401 2163 ne
1425 2129 1630 2164 versetur
1661 2134 1763 2163 cum
1794 2119 1862 2172 iis,
1889 2118 1966 2174 qui

337 2212 439 2240 eum
465 2212 555 2240 non
578 2197 754 2249 iuuant,
780 2197 852 2240 alii
875 2198 992 2241 idem
1017 2198 1273 2240 consulant.

429 2277 516 2317 Per
537 2275 724 2318 idoneos
747 2275 960 2317 relatores
984 2274 1207 2331 intelligat
1229 2274 1454 2327 minutim,
1482 2289 1597 2329 quae
1616 2273 1688 2317 ille
1706 2281 1828 2330 agat,
1849 2287 1970 2328 quae

337 2352 476 2405 dicat,
502 2366 605 2394 cum
630 2352 795 2406 quibus
818 2353 1043 2407 loquatur.

427 2429 641 2471 Animum
666 2437 709 2473 et
731 2428 929 2471 studium
955 2430 1150 2485 applicet
1175 2430 1379 2486 superior
1402 2431 1458 2472 ad
1482 2430 1605 2472 illum
1630 2429 1879 2471 iuuandum
1900 2427 1969 2470 ni-

339 2507 494 2562 hilque
517 2506 737 2562 negligat.

427 2585 496 2627 Ne
519 2585 575 2626 ad
598 2590 799 2627 extrema
821 2583 906 2625 nisi
929 2583 1261 2626 consultissime
1285 2582 1455 2626 veniat.

429 2661 673 2704 Prouideat
700 2674 756 2702 ne
778 2661 903 2702 locus
926 2660 999 2711 sit,
1027 2660 1146 2702 vnde
1169 2659 1367 2702 iniussus
1390 2660 1513 2702 abire
1536 2659 1697 2715 possit.

427 2740 617 2783 Secreto
649 2737 876 2794 significet
909 2736 1083 2779 ianitori
1113 2745 1157 2779 et
1185 2736 1366 2779 aedituo
1396 2736 1666 2792 periculum,
1699 2751 1756 2780 ne
1779 2736 1853 2780 ille
1874 2735 1970 2778 dis—

341 2816 471 2858 cedat
495 2829 574 2871 per
595 2828 751 2858 eorum
775 2813 1118 2869 negligentiam,
1144 2821 1191 2855 vt
1214 2813 1470 2856 accuratius
1497 2827 1602 2856 suas
1625 2813 1782 2856 ianuas
1815 2820 1968 2856 custo-

340 2892 481 2946 diant,
507 2900 551 2937 et
574 2907 630 2935 ne
654 2891 917 2947 permittant
941 2890 1063 2932 illum
1088 2890 1259 2946 egredi,
1291 2890 1463 2933 etiamsi
1495 2890 1614 2932 dicat
1636 2905 1686 2934 se
1715 2891 1880 2934 habere
1905 2891 1969 2933 fa-
1996 2907 1998 2910 ·

344 2971 573 3012 cultatem.
