2028 3426
0 40 10 51 1
0 0 27 35 ,ffi-

775 240 1019 275 PRAEFATIO
1625 248 1664 272 x1

77 343 234 386 tonius
261 343 485 386 Cordeses
514 341 688 393 Lainio‚
728 353 776 384 12
807 340 1085 396 Septembris
1120 340 1245 394 1562,
1277 339 1437 383 litteris
1467 339 1708 389 referebat,

76 434 190 475 quas
213 419 257 461 in
281 418 423 474 primo
445 418 689 470 volumine,
718 432 819 473 pag.
849 418 935 460 816
957 416 1194 460 edidimus.
1227 417 1336 458 Inde
1367 416 1533 458 factum
1564 422 1633 458 est
1664 422 1712 456 ut

74 503 122 539 et
144 495 512 552 congregationis
535 496 761 538 secundae
787 494 997 537 Patribus
1020 501 1063 537 et
1087 493 1342 548 praeposito
1366 491 1570 548 generali
1600 505 1711 533 con-

79 573 327 616 trahendae
354 579 399 615 et
428 571 702 614 ordinandae
731 571 832 614 illae
859 570 1194 622 instructiones,
1221 569 1403 613 aliunde
1425 570 1480 611 ad
1499 568 1687 611 directio

79 664 182 693 nem
194 656 287 691 tam
303 649 452 702 utiles,
469 652 591 690 visae
606 647 787 690 fuerint.
804 649 851 690 Id
865 647 1087 703 praestitit
1106 645 1279 690 Natalis
1293 645 1423 688 annis
1444 657 1458 687 Ι
1470 645 1597 699 gob-1
1608 655 1709 698 577,

77 734 128 769 ut
150 726 246 782 ipse
269 726 527 780 frequenter
549 724 592 766 in
618 724 818 780 epistolis
840 726 896 767 acl
920 724 1132 780 Borgiam
1157 730 1202 767 et
1231 722 1566 766 Mercurianum
1595 721 1712 763 datis

79 810 284 854 testatur,
309 810 353 845 et
376 802 422 844 in
443 801 675 844 codicibus
697 801 928 844 Vaticanis
954 802 1020 855 3.⁰
1037 807 1082 843 et
1101 800 1167 854 5.⁰
1187 799 1423 855 perspicue
1441 805 1640 854 apparet3
1665 798 1709 839 in

78 879 243 935 quibus
276 879 559 935 reperiuntur
586 877 922 930 instructiones,
953 892 1065 933 quas
1089 876 1262 920 Natalis
1285 876 1328 917 in
1353 874 1596 931 provinciis
1620 874 1711 916 Ita—

78 955 179 1008 liae,
216 955 476 1011 Hispaniae,
513 954 772 998 Lusitaniae
804 962 848 998 et
876 953 1148 998 Germaniae
1177 952 1435 1007 reliquerat,
1471 950 1712 1006 expunctis

52 1070 54 1072 ,
77 1032 229 1075 multis
251 1031 451 1085 monitis,
478 1047 593 1086 quae
615 1031 661 1073 in
685 1032 819 1074 rebus
849 1031 1151 1087 peculiaribus
1178 1029 1463 1085 singulorum
1493 1027 1711 1083 collegio-

79 1124 178 1150 rum
195 1110 506 1161 versabantur,
528 1108 711 1163 reliquis
729 1107 992 1164 expurgatis
1009 1114 1054 1150 et
1071 1107 1115 1148 in
1136 1105 1485 1149 commodiorem
1505 1103 1707 1147 ordinem

77 1185 286 1237 redactis;
313 1185 446 1228 variis
468 1185 653 1241 insuper
675 1184 1066 1227 observationibus
1089 1182 1267 1234 additis,
1295 1197 1406 1238 quas
1429 1182 1501 1225 vel
1524 1180 1708 1236 regimi-

80 1261 149 1305 nis
179 1262 454 1317 experientia
486 1263 557 1305 vel
589 1261 1001 1317 congregationum
1036 1275 1154 1302 nova
1184 1260 1366 1303 decreta
1395 1257 1567 1300 auctori
1599 1271 1711 1312 sug-

79 1346 330 1394 gesserant.
354 1341 420 1381 Ex
443 1339 565 1382 hisce
587 1339 768 1381 duobus
792 1337 1027 1380 codicibus
1050 1337 1111 1380 ita
1134 1335 1385 1380 emendatis
1408 1333 1590 1377 emersit
1610 1341 1711 1375 tan-

77 1416 180 1457 dem
209 1423 408 1459 extrema
437 1431 572 1459 manu
603 1416 819 1457 donatum
852 1415 1064 1456 volumen
1097 1412 1464 1465 instructionum,
1506 1412 1627 1466 quod
1664 1411 1710 1452 in

79 1500 236 1535 nostra
259 1492 521 1536 recensione
547 1493 651 1535 Coei.
688 1493 825 1534 Vatic.
856 1503 879 1544 7
903 1490 1082 1532 dicitur.

167 1570 234 1610 Ex
256 1568 386 1611 dictis
409 1576 531 1624 patet
554 1568 810 1620 discrimen,
835 1568 957 1622 quod
979 1567 1095 1609 inter
1117 1566 1295 1608 Scholia
1317 1573 1362 1608 et
1387 1566 1714 1607 Instructiones

80 1647 134 1690 P.
160 1645 426 1700 Hieronymi
449 1644 621 1688 Natalis
650 1645 902 1688 intercedit.
936 1643 1117 1688 Scholia
1145 1642 1263 1685 enirn
1294 1642 1405 1684 nihil
1433 1641 1553 1685 aliud
1586 1649 1709 1694 sunt,

76 1736 212 1777 quam
236 1721 623 1765 Constitutionum
646 1722 694 1765 S.
727 1721 890 1777 Ignatii
920 1734 1168 1774 earumque
1196 1719 1551 1763 declarationum
1585 1732 1711 1760 com-

78 1799 308 1854 mentaria,
341 1799 505 1855 partim
534 1814 590 1843 ex
618 1799 775 1842 intima
801 1806 846 1841 et
874 1797 1100 1853 frequenti
1129 1796 1304 1840 Natalis
1327 1810 1430 1839 cum
1453 1795 1628 1852 Ignatio
1652 1795 1709 1836 de

76 1875 235 1920 iisdem
272 1876 671 1919 constitutionibus
707 1875 962 1927 collatione;
1004 1874 1165 1930 partim
1199 1890 1252 1918 ex
1292 1873 1419 1929 praxi
1458 1874 1513 1915 ab
1547 1873 1705 1916 eodem
1744 1898 1747 1901 -

79 1952 255 2008 Ignatio
284 1952 330 1993 in
359 1952 619 1994 earumdem
648 1951 947 2007 applicatione
977 1957 1168 2000 servata,
1195 1957 1240 1997 et
1268 1965 1292 1992 a
1321 1948 1471 1992 Natali
1501 1947 1709 2004 diligenti

80 2029 330 2073 attentione
362 2036 532 2081 notata3
559 2028 720 2084 partim
751 2044 805 2072 ex
835 2027 1094 2084 apostolicis
1123 2034 1307 2070 sanctae
1340 2026 1459 2069 sedis
1488 2025 1709 2080 diploma-

85 2106 159 2161 tis,
184 2114 229 2149 et
251 2122 305 2150 ex
328 2120 482 2150 sacrae
507 2105 780 2161 theologiae,
813 2118 1038 2147 canonum
1070 2111 1114 2148 et
1143 2102 1479 2146 ecclesiasticae
1509 2100 1710 2156 discipli-

81 2198 166 2227 nae
185 2183 464 2239 cognitione,
485 2197 675 2238 quarum
697 2181 871 2224 Natalis
895 2182 1160 2224 facultatum
1184 2180 1268 2222 fuit
1288 2179 1601 2235 peritissimus,
1628 2178 1709 2219 de-

86 2266 282 2315 sumpta.
594 2304 600 2309 ,

170 2336 492 2379 Instructiones
529 2343 679 2380 autem
720 2342 824 2378 sunt
862 2334 1054 2387 monita,
1095 2334 1151 2376 ad
1189 2333 1359 2389 praxim
1404 2332 1709 2387 quotidianam

83 2412 202 2455 vitae
224 2413 461 2469 religiosae
483 2413 528 2454 in
552 2412 781 2457 Societate
804 2413 860 2454 ad
882 2411 1023 2467 ipsius
1050 2410 1245 2453 instituti
1276 2424 1476 2452 normam
1510 2409 1711 2464 perfecte

82 2489 367 2546 exigendam,
394 2489 679 2545 pertinentia.
707 2490 865 2540 Multa,
893 2502 1007 2542 quae
1030 2487 1073 2529 in
1106 2486 1275 2543 regulis
1302 2494 1348 2529 et
1376 2484 1711 2529 constitutioni-

85 2567 172 2609 bus
193 2581 284 2609 non
308 2566 597 2622 attinguntur
618 2567 674 2608 de
696 2565 879 2617 vestitu,
906 2566 962 2608 de
979 2564 1139 2606 ritibus
1156 2562 1310 2615 sacris,
1331 2563 1388 2606 de
1404 2561 1562 2605 officiis
1579 2575 1711 2603 accu-

85 2650 180 2686 rate
203 2643 519 2697 exsequendis,
545 2643 600 2685 de
623 2641 893 2686 lectionibus
915 2642 972 2684 ad
995 2655 1194 2684 mensam
1224 2639 1510 2695 usurpandis,
1543 2639 1598 2680 de
1620 2639 1710 2680 col-

86 2718 339 2773 loquiorum
362 2719 642 2774 argumentis
666 2726 869 2773 tempore
891 2717 1182 2761 recreationis
1198 2715 1484 2767 adhibendis,
1506 2716 1561 2757 de
1585 2716 1709 2756 cultu

86 2795 300 2850 corporis,
325 2796 381 2838 de
403 2795 638 2846 munditie,
664 2795 719 2837 de
742 2794 901 2836 studiis
923 2794 1190 2844 litterarum,
1222 2793 1278 2835 de
1306 2791 1542 2835 itineribus
1565 2799 1608 2834 et
1632 2805 1711 2845 pe-

88 2871 485 2927 regrinationibus,
511 2872 698 2926 aliisque
722 2872 856 2915 rebus
878 2872 935 2914 ad
957 2869 1188 2913 historiam
1211 2868 1448 2913 Societatis
1465 2869 1585 2910 haud
1609 2868 1711 2921 inu-

88 2947 256 3000 tilibus,
282 2948 326 2990 in
350 2950 436 2990 hoc
458 2948 613 2992 codice
635 2949 823 2990 collecta
846 2948 902 2990 ad
924 2962 1006 2990 nos
1030 2946 1274 2989 transmisit
1299 2948 1349 2988 P.
1383 2944 1570 2996 Natalis3
1596 2958 1711 2999 quae

88 3023 274 3078 proinde
296 3024 414 3067 inter
442 3024 682 3079 praecipua
712 3024 913 3079 ejusdem
943 3023 1110 3078 scripta
1138 3022 1183 3064 in
1212 3024 1297 3064 hoc
1327 3021 1555 3063 volumine
1583 3020 1710 3062 exhi-
