2028 3426
448 265 720 302 MONUMENTA
747 266 1002 302 GERMANIAE
1029 273 1371 309 SUPER10R1s-4o
1610 264 1677 310 253

180 379 252 421 43.
318 368 492 409 Interea
520 367 652 409 detur
680 381 814 423 opera
852 374 900 410 vt
929 366 1187 410 inueniatur
1220 366 1318 408 siue
1349 365 1586 421 vngerina,
1623 366 1720 408 siue

92 443 253 498 aliquis
275 444 442 498 probus
464 443 546 494 vir,
573 443 649 498 qui
671 443 855 499 propius
882 444 1054 487 habitet
1083 442 1237 485 domui
1265 449 1461 494 nostrae,
1495 456 1582 496 que
1613 442 1721 484 uelit

91 519 211 562 domi
233 534 342 563 suae
365 533 521 575 parare
544 519 668 562 cibos
685 520 1000 562 conuictorum
1018 526 1274 562 nostrorum
1293 526 1338 562 et
1354 519 1531 561 mittere
1550 519 1606 560 ad
1624 533 1718 570 eos,

91 596 468 651 quemadmodum
492 596 542 637 fit
564 596 895 641 Conimbricae.
921 598 978 638 Et
1000 597 1147 639 danda
1169 595 1253 640 erit
1275 595 1338 637 illi
1366 609 1468 651 spes
1496 595 1609 637 lucri
1641 595 1720 638 ali—

91 673 233 715 cuius.
258 673 498 715 Tractetur
519 674 606 715 hoc
629 673 790 724 solum,
817 687 907 715 non
931 679 1236 728 exequatur...

178 760 251 803 45.
317 750 468 804 Opera
499 749 732 804 hospitalis
769 757 814 793 et
850 764 1097 803 carcerum,
1139 756 1436 793 exerceantur
1471 749 1560 801 hic,
1602 749 1719 792 sicut

91 827 274 869 Romae.

178 904 249 956 46.
317 904 486 946 Rector
517 903 723 945 consulat
755 903 1000 956 medicum,
1027 903 1143 947 sitne
1170 903 1232 945 illi
1263 902 1416 945 Vtilius
1454 901 1717 946 cereuisiam

90 994 266 1035 semper
308 980 483 1033 bibere,
527 987 604 1022 aut
645 980 884 1035 aliquando
926 980 1081 1023 vinum
1102 996 1110 1022 :
1156 982 1241 1022 hoc
1287 980 1407 1024 dicat
1449 979 1719 1022 admonitori

90 1057 147 1099 R.
182 1058 233 1099 Ρ.
261 1057 468 1100 Natalem
490 1056 853 1112 praescripsisse.

176 1145 248 1186 47.
315 1132 569 1176 Consiliarii
592 1134 836 1185 obseruent
857 1148 963 1176 suas
985 1134 1181 1189 regulas,
1202 1141 1247 1177 et
1268 1134 1314 1176 id
1336 1140 1465 1176 curet
1487 1139 1648 1176 rector.

176 1210 248 1262 48.
315 1211 532 1252 Verratur
553 1209 830 1263 cubiculum,
855 1217 900 1253 et
922 1217 1147 1253 sternatur
1169 1211 1313 1253 lectus
1344 1209 1512 1262 Pisani3
1544 1209 1589 1251 in
1619 1209 1718 1252 aliis

88 1287 301 1328 obseruet
323 1287 520 1341 regulas,
546 1293 594 1328 vt
616 1286 704 1329 alii.

175 1375 247 1419 49.
316 1365 368 1407 P.
394 1362 621 1405 Henricus
644 1363 900 1406 Dulkenius
927 1365 935 1383 ¹
961 1370 1108 1418 potest
1130 1378 1264 1406 vnatn
1281 1363 1521 1405 lectionem
1540 1364 1715 1406 theolo-

89 1439 193 1495 giae
215 1439 387 1491 audire,
413 1439 449 1481 si
478 1454 567 1482 non
590 1441 803 1483 afferetur
832 1439 1207 1495 impedimentum
1239 1454 1348 1483 suae
1376 1438 1643 1495 professioni
1671 1446 1717 1482 et

87 1515 252 1559 officio.

177 1603 246 1646 5o.
313 1591 478 1635 Visitet
507 1594 642 1636 Pater
673 1592 970 1648 prouintialis,
1005 1607 1139 1647 quam
1172 1593 1364 1649 primum
1404 1592 1593 1644 venerit,
1635 1606 1715 1635 cu-

87 1669 252 1721 bicula,
279 1668 444 1711 scrinia
465 1676 509 1712 et
531 1669 682 1712 libros.

177 1755 247 1799 51.
315 1745 511 1788 Mathias
533 1745 818 1789 contineatur
840 1746 885 1788 in
908 1760 989 1788 sua
1011 1747 1153 1789 classe
1181 1748 1267 1788 hoc
1296 1760 1432 1799 anno,
1463 1746 1543 1789 sed
1571 1745 1716 1788 discat

86 1822 308 1877 poeticam
330 1822 600 1877 paulatim...
1739 1818 1743 1822 ’

177 1909 247 1953 54.
314 1898 524 1954 Accipiat
546 1906 692 1943 rector
709 1900 941 1944 decretum
959 1900 973 1919 ²
993 1900 1050 1943 de
1067 1906 1198 1943 aucta
1219 1899 1421 1942 oratione
1443 1914 1468 1941 a
1490 1899 1604 1941 Rdo.
1628 1900 1716 1940 Pa-

87 1982 154 2019 tre
174 1975 583 2031 vice-provinciali.

175 2062 246 2106 55.
313 2052 582 2096 Sacerdotes
605 2059 804 2108 tempore
832 2052 1049 2095 orationis
1080 2067 1170 2094 non
1198 2052 1355 2108 legant
1384 2051 1596 2104 officium,
1628 2050 1714 2093 nisi

85 2127 273 2172 fecerint
294 2128 420 2184 prius
442 2143 520 2184 per
541 2129 733 2171 mediam
757 2130 914 2172 horam
937 2128 1185 2172 orationem
1209 2129 1468 2171 mentalem.

175 2205 245 2258 56.
311 2206 386 2248 Ad
409 2219 595 2249 munera
617 2206 795 2261 publica
809 2197 1130 2250 *vniu'ersitatis
1153 2213 1225 2250 eat
1247 2213 1436 2261 vterque
1454 2205 1712 2259 theologus,

86 2281 123 2324 si
144 2295 381 2324 necessum
405 2282 538 2324 fuerit
560 2283 632 2325 vel
655 2289 937 2325 consuetum.

160 2441 169 2461 ¹
219 2440 356 2486 {Estne
375 2440 437 2475 hic
456 2441 612 2475 Dulken
631 2452 730 2476 unus
756 2440 936 2487 idemque
955 2430 1048 2476 cum
1073 2441 1154 2486 illo,
1173 2440 1221 2476 de
1239 2451 1316 2487 quo
1340 2440 1379 2475 in
1405 2439 1581 2486 epistola,
1602 2438 1712 2473 Colo-

86 2497 149 2533 nia
166 2499 294 2543 oJulii
316 2499 404 2543 1563
422 2499 526 2544 data,
544 2499 685 2534 dicitur
705 2500 913 2545 «Magister
931 2500 1125 2535 Henricus
1144 2501 1301 2535 Dulken
1324 2498 1513 2546 primitias
1538 2509 1627 2532 suas
1654 2508 1714 2531 ce—

85 2558 250 2592 lebravit
269 2558 353 2604 ipso
370 2558 433 2593 die
453 2559 497 2593 S.
521 2558 708 2603 Johannis
727 2557 938 2604 baptisten?
955 2559 1017 2594 Cf.
1037 2560 1229 2604 HANSEN,
1250 2559 1481 2594 Rlzeinisclze
1500 2558 1627 2591 Akten
1642 2568 1715 2590 zur

89 2616 310 2652 Gesclzichte
329 2618 396 2652 des
405 2618 735 2663 Jes'uitenordens
753 2618 990 2662 1542-1582‚
1011 2629 1097 2664 pag.
1119 2626 1201 2662 475.

156 2678 170 2697 ²¹
221 2675 319 2710 Vide
338 2687 466 2722 supra,
487 2687 576 2722 pag.
597 2684 679 2722 250,
700 2682 830 2712 annot.
855 2685 886 2712 Ι.
1218 2681 1220 2684 ’
