2028 3426
376 215 446 262 346
850 214 1004 249 PATms
1027 212 1271 246 HlERONYm
1296 209 1448 245 NADAL

421 316 656 373 Legantur
680 316 866 371 regulae
888 313 1026 357 semel
1050 311 1095 353 in
1118 324 1274 355 mense
1297 310 1340 352 in
1370 309 1627 362 refectorio,
1652 316 1701 352 vt
1729 316 1798 353 est
1827 309 1965 353 moris

331 394 377 436 in
401 393 644 439 Societate.
673 391 851 448 Singuli
877 399 1026 432 tamen
1054 387 1198 440 initio,
1223 401 1327 430 cum
1359 386 1550 431 veniunt
1577 387 1635 429 ad
1663 386 1960 438 Societatem,

334 473 592 526 frequenter
615 471 785 525 legant,
811 475 856 511 et
878 481 975 509 eam
1000 463 1299 520 frequentiam
1322 463 1491 507 iudicet
1512 464 1583 506 vel
1607 469 1755 506 rector
1772 463 1843 506 vel
1865 477 1962 506 ma—

332 550 475 604 gister
501 547 796 597 nouitiorum,
824 545 867 586 in
893 558 981 598 qua
1004 540 1258 597 frequentia
1286 539 1653 597 perseuerabitur
1680 539 1826 584 donec
1853 554 1961 583 cen—

332 633 517 669 seantur
541 639 671 666 vsum
702 636 917 677 magnum
947 620 1115 663 habere
1143 618 1190 661 in
1220 617 1405 674 regulis:
1447 616 1610 660 deinde
1645 623 1795 673 potest
1822 616 1962 660 inter-

332 701 448 743 mitti
474 700 691 753 obligatio
718 697 1012 753 frequentiae,
1038 704 1086 738 vt
1109 696 1255 738 solum
1286 701 1532 738 renouetur
1561 692 1776 738 memoria
1803 693 1964 750 singu÷

334 779 387 821 lis
411 777 660 828 mensibus,
686 783 733 817 vt
757 776 821 817 fit.

423 857 583 897 Posset
621 853 755 896 etiam
795 850 997 895 reuocari
1036 849 1291 906 frequentia
1324 848 1490 904 aliqua,
1522 847 1558 890 si
1597 847 1859 890 viderentur
1891 848 1962 890 vel

333 931 462 974 obliti
487 932 558 974 vel
582 946 672 972 non
697 945 796 973 esse
820 937 909 972 tam
932 927 1176 984 diligentes
1197 926 1243 968 in
1266 925 1439 983 regulis
1461 924 1812 969 obseruandis...

423 1010 491 1051 Ne
510 1008 587 1050 fiat
611 1006 900 1049 subminister
923 1004 1140 1056 nouitius,
1166 1002 1428 1060 praesertim
1453 1002 1550 1045 sine
1572 1002 1707 1046 votis.

425 1087 648 1140 Tempore
673 1082 964 1127 recreationis
993 1082 1145 1124 nullus
1176 1095 1201 1124 e
1225 1079 1391 1123 nostris
1423 1086 1672 1135 occupetur
1704 1093 1806 1121 curn
1839 1066 1962 1121 corn2

335 1161 612 1206 mensalibus
636 1160 680 1203 in
706 1159 1067 1215 repetitionibus.

424 1238 627 1282 Minister
650 1252 738 1280 non
763 1236 948 1280 habebit
970 1235 1256 1279 autoritatem
1280 1235 1326 1277 in
1343 1233 1527 1277 domurn
1551 1232 1866 1276 conuictorum
1885 1232 1964 1275 ali-

333 1330 483 1371 quam;
515 1315 680 1371 poterit
719 1314 897 1370 quidem
932 1313 1130 1356 inuisere
1167 1319 1211 1356 et
1244 1312 1413 1356 referre
1445 1311 1501 1353 ad
1530 1317 1769 1353 rectorem.
1798 1311 1965 1353 Rector

331 1392 606 1449 praescribet
630 1393 862 1448 praefecto
885 1390 1274 1442 commensalium,
1300 1389 1421 1445 quod
1444 1387 1672 1432 videbitur
1694 1387 1738 1430 in
1768 1386 1965 1430 Domino

331 1469 746 1526 praescribendum.
1694 1454 1697 1458 Ι

419 1550 601 1591 Fratres
630 1562 687 1590 ne
716 1547 874 1589 ludant
911 1545 1016 1601 pila,
1049 1544 1431 1600 quemadmodum
1466 1543 1601 1586 Pater
1639 1540 1867 1598 generalis
1895 1555 1964 1584 re-

332 1625 515 1681 spondit
532 1639 585 1667 ea
608 1639 698 1667 non
721 1638 821 1668 esse
843 1622 1090 1667 ludendum
1113 1620 1199 1664 nisi
1224 1618 1582 1662 valetudinariis:
1605 1625 1755 1662 tamen
1778 1633 1834 1662 ex
1851 1632 1965 1661 con-

334 1702 434 1745 silio
456 1701 619 1744 medici
637 1700 803 1758 poterit
821 1698 1087 1756 dispensari.
1110 1700 1179 1742 De
1196 1698 1304 1740 ludo
1326 1697 1577 1747 damarum,
1598 1695 1963 1751 quandoquidem

331 1778 384 1821 P.
411 1778 587 1822 Natalis
609 1778 718 1821 dicit
741 1793 789 1822 se
812 1792 904 1820 non
926 1778 1095 1820 habere
1123 1775 1397 1831 exemplum,
1423 1773 1687 1816 consulatur
1717 1774 1854 1816 Pater
1881 1785 1965 1828 ge-

332 1856 514 1900 neralis.

420 1932 707 1976 Adhibeatur
729 1945 907 1983 censor,
929 1945 1034 1973 cum
1058 1931 1220 1973 fratres
1241 1929 1421 1980 ludunt,
1442 1927 1541 1971 siue
1557 1927 1694 1979 domi,
1715 1926 1813 1971 siue
1837 1925 1962 1979 foris,

332 2010 377 2051 in
401 2010 572 2066 campis
595 2017 640 2054 et
658 2008 893 2052 secretius.

420 2086 613 2129 Videtur
631 2101 730 2130 esse
751 2085 1024 2129 vestibulum
1041 2084 1349 2128 adhibendum
1371 2082 1557 2126 vltimae
1573 2081 1738 2124 ianuae
1761 2079 1962 2136 collegii,

333 2171 380 2204 vt
404 2171 610 2206 arceatur
634 2163 805 2219 pluuia,
827 2162 863 2206 si
887 2162 964 2217 qui
982 2161 1166 2204 venient
1182 2161 1239 2204 ad
1257 2159 1519 2215 collegium,
1540 2172 1624 2202 nec
1648 2171 1886 2202 necessum
1909 2155 1967 2198 sit

333 2240 434 2282 illos
457 2240 711 2282 admittere.
740 2242 841 2283 Hoc
865 2239 901 2282 si
925 2240 1019 2290 fiet,
1045 2238 1157 2280 nihil
1178 2237 1263 2281 erit
1286 2243 1564 2292 quapropter
1589 2234 1801 2279 mulieres
1831 2233 1965 2277 etiam

331 2317 386 2360 ad
410 2316 603 2372 primum
629 2324 824 2372 septum,
851 2317 906 2359 ad
929 2316 1054 2371 quod
1076 2330 1133 2358 an
1156 2313 1334 2370 possint
1357 2312 1532 2356 admitti
1559 2312 1771 2356 mulieres
1800 2324 1967 2354 consu-

332 2394 452 2436 latur
477 2395 611 2436 Pater
635 2394 875 2449 generalis.
1669 2388 1671 2390 ³

422 2470 703 2526 Designetur
742 2486 821 2526 pro
859 2469 1190 2513 valetudinario
1225 2468 1461 2523 antiquum
1499 2466 1811 2518 refectorium,
1844 2465 1966 2520 quod

334 2546 528 2589 dicimus
549 2546 791 2599 licenciati,
818 2555 862 2590 et
884 2547 990 2590 alibi
1021 2547 1274 2589 habeantur
1303 2543 1404 2587 libri
1431 2557 1712 2594 communes,
1739 2542 1826 2585 nisi
1855 2555 1967 2585 con—

334 2624 481 2666 sultus
519 2623 722 2666 medicus
760 2631 943 2667 censeat
986 2624 1135 2666 locum
1175 2637 1266 2665 non
1303 2635 1404 2665 esse
1440 2621 1728 2663 commodum
1771 2633 1853 2675 pro
1895 2618 1966 2661 in-

335 2700 494 2744 firmis.

426 2777 749 2832 Locupletetur
772 2777 1028 2820 communis
1049 2776 1343 2831 bibliotheca,
1369 2782 1414 2818 et
1442 2788 1531 2817 non
1561 2773 1707 2817 solum
1739 2771 1885 2816 lexica
1922 2779 1967 2814 et

334 2905 567 2944 potestatem
587 2900 662 2935 sibi
682 2900 823 2935 factam
843 2912 864 2935 a
884 2901 1055 2936 secunda
1081 2898 1387 2946 congregatione
1411 2897 1602 2944 generali,
1626 2895 1732 2932 decr.
1763 2903 1825 2941 41,
1849 2894 1967 2930 intro-

333 2958 503 3003 ductam,
525 2960 681 2995 omnino
705 2960 962 2998 retinendam.
990 2958 1051 2996 Cf.
1083 2960 1320 2995 Institutum
1346 2959 1433 2995 Soc.
1451 2957 1551 3004 Jesu
1570 2954 1821 3001 (Florentiae,
1846 2951 1966 3000 1893),

335 3018 386 3063 11,
412 3018 494 3062 248.
515 3018 613 3054 Vide
632 3030 760 3065 supra,
781 3030 869 3065 pag.
891 3027 972 3064 250,
993 3025 1124 3054 annot.
1149 3027 1179 3053 1.
