2028 3426
680 213 1018 249 INSTRUCTloNES
1026 234 1058 239 ——
1068 214 1089 248 6
1096 222 1110 248 1
1592 228 1659 264 577

82 309 178 353 eius
206 311 360 366 partis,
391 312 436 354 in
464 327 554 367 qua
582 313 682 368 quis
710 322 1115 358 commoratum-ac
1144 330 1233 370 quo
1260 319 1393 361 modo
1420 321 1705 374 peculiariter

81 386 274 429 animam
297 403 441 431 meam
464 396 509 432 et
531 403 771 445 personam
793 391 1034 446 gubernet.

167 464 239 507 De
260 463 425 507 iudicio
447 465 678 520 peculiari,
704 480 794 521 quo
818 466 1143 522 vnusquisque‚
1170 468 1245 523 qui
1269 484 1323 512 ex
1346 471 1431 512 hac
1451 471 1542 514 uita
1560 473 1704 517 disce-

81 540 162 592 dit,
188 540 411 583 iudicatur
434 543 504 584 vel
527 543 583 584 ad
605 550 845 598 perpetuas
867 543 1112 586 inferorum
1134 559 1321 600 poenas,
1347 548 1419 590 vel
1449 549 1504 590 ad
1535 564 1705 605 purga-

82 617 265 670 torium,
291 619 363 660 vel
387 619 442 661 ad
464 618 602 661 vitam
626 620 960 675 sempiternam.

169 695 240 736 De
268 694 434 737 iudicio
467 702 667 739 extremo
696 704 741 739 et
771 697 1007 749 Vniuerso‚
1049 712 1140 753 quo
1171 698 1495 743 iudicabuntur
1529 717 1700 746 omnes:

81 769 279 823 quidam,
312 771 499 825 scilicet,
529 773 584 814 ad
613 772 940 816 beatitudinem
968 773 1303 830 sempiternam,
1338 777 1519 831 quidam
1549 786 1567 803 a
1596 794 1704 822 vero

81 847 137 888 ad
160 854 369 890 aeternos
392 847 639 891 inferorum
664 849 907 892 cruciatus.

168 925 236 966 De
265 924 410 982 tribus
439 924 536 967 aliis
566 925 839 978 nouissimis,
881 926 1108 980 videlicet,
1149 929 1206 972 de
1243 937 1407 982 morte,
1449 930 1624 975 inferno
1662 940 1707 975 et

81 1000 307 1055 paradiso,

169 1081 250 1123 562
275 1079 487 1132 Quonam
510 1086 643 1134 pacto
665 1081 791 1122 Deus
809 1087 877 1123 est
895 1080 939 1122 in
959 1081 1169 1124 omnibus
1188 1083 1323 1126 rebus
1340 1098 1419 1138 per
1437 1085 1701 1140 potentiam,

15 1168 18 1171 ·
81 1153 323 1196 essentiam
347 1162 392 1196 et
420 1155 738 1209 praesentiam;
764 1163 808 1198 et
830 1157 916 1199 hac
940 1157 1301 1202 consideratione
1333 1174 1491 1202 ornnes
1513 1168 1707 1215 possunt

83 1236 128 1272 et
154 1229 322 1273 debent
345 1232 542 1273 fructum
573 1240 618 1275 et
647 1232 884 1275 Vtilitatem
907 1233 1154 1289 percipere,
1181 1250 1347 1291 magna
1370 1250 1472 1278 curn
1496 1252 1707 1281 reueren-

83 1305 143 1348 tia
167 1306 445 1350 maiestatem
469 1307 588 1350 illam
620 1308 820 1351 diuinam
851 1317 895 1353 et
923 1310 1144 1353 infinitam
1179 1312 1265 1356 Dei
1294 1313 1629 1369 omnipotentis,
1662 1315 1707 1357 in

83 1375 214 1438 cujus
237 1391 482 1439 conspectu
506 1385 658 1428 omnia
682 1393 834 1428 nostra
856 1387 953 1429 fieri
975 1388 1157 1439 debent,
1184 1391 1546 1445 contemplando.

170 1461 240 1503 De
263 1460 355 1502 vita
382 1468 428 1503 et
455 1461 810 1516 perfectionibus
839 1463 1168 1508 sacratissimae
1203 1464 1389 1522 virginis
1418 1467 1585 1510 Mariae
1615 1483 1707 1511 ma—

84 1535 164 1578 tris
186 1536 287 1579 Dei.

171 1615 241 1656 De
262 1613 367 1656 vitis
389 1621 663 1657 sanctorum.

170 1691 241 1733 De
262 1690 488 1745 mysteriis
510 1699 554 1735 et
579 1692 720 1744 festis,
747 1707 862 1747 quae
884 1693 929 1735 in
957 1694 1147 1737 ecclesia
1177 1695 1315 1738 totius
1344 1697 1451 1739 anni
1480 1698 1703 1741 curriculo

21 1816 23 1819 Α
82 1766 385 1820 celebrantur3
412 1768 592 1821 quando
621 1783 727 1811 vero
751 1770 914 1812 festum
938 1786 1032 1813 non
1061 1771 1161 1825 erit,
1197 1775 1519 1817 recurrendum
1552 1775 1607 1816 ad
1635 1790 1707 1817 ar—

27 1858 31 1864 ·
83 1849 303 1897 gumenta
325 1845 543 1898 quaedam
567 1846 823 1889 communia
846 1847 1204 1892 meditationum.
1250 1849 1254 1852 ’

172 1920 240 1961 136
263 1919 527 1962 hierarchiis
550 1928 594 1964 et
617 1921 851 1964 ordinibus
874 1924 1162 1979 angelorum.

170 1997 241 2038 De
263 1995 512 2039 hierarchia
536 1998 768 2041 ecclesiae.

170 2073 239 2115 De
260 2073 614 2126 perfectionibus
637 2074 818 2126 diuinis.

170 2148 240 2190 De
262 2149 599 2203 operationibus
621 2150 706 2192 Dei
730 2152 1062 2195 essentialibus.

170 2228 252 2269 563
273 2226 342 2268 De
365 2225 506 2268 totius
523 2226 725 2271 vniuersi
743 2228 987 2281 creatione,
1008 2229 1485 2287 administrati011eque
1503 2233 1701 2275 omnium

83 2314 232 2343 rerum
255 2309 358 2343 ante
381 2309 426 2344 et
446 2309 547 2357 post
571 2302 926 2347 incarnationem
950 2305 1050 2347 Filii
1072 2306 1174 2351 Dei.

169 2365 238 2419 De
261 2378 520 2433 operatione
543 2379 739 2434 denique
760 2381 847 2424 Dei
869 2396 972 2423 curn
995 2378 1205 2425 omnibus
1228 2385 1383 2430 rebus,

170 2455 240 2497 De
262 2454 439 2496 miseria
460 2463 760 2510 peccatorum.

171 2532 241 2574 De
264 2531 479 2585 periculo,
506 2531 549 2573 in
575 2546 664 2586 quo
687 2541 756 2575 est
777 2542 1006 2589 peccator.

170 2608 241 2649 De
265 2606 467 2651 uanitate
488 2608 662 2651 mundi.
681 2605 690 2610 “

171 2685 241 2726 136
262 2683 516 2739 perditione
539 2692 608 2727 tot
631 2685 898 2729 animarum.

172 2762 243 2803 De
266 2759 560 2815 permissione
585 2762 670 2805 Dei
693 2762 738 2805 in
761 2764 888 2818 lapsu
919 2771 964 2807 et
992 2765 1245 2820 perditione
1274 2773 1339 2808 tot
1369 2767 1633 2821 angelorum
1656 2768 1709 2823 let

85 2836 336 2879 hominum.

157 3011 174 3028 a
223 3001 381 3046 quidem
402 3013 477 3038 ms·

264 3065 375 3093 Er’rsr.
397 3065 433 3093 P.
457 3066 592 3102 NADAL‚
611 3075 685 3096 ron.
707 3068 770 3096 1V.
1493 3072 1528 3099 38
