2028 3426
675 265 1110 308 SUPPLEMENTUM-——25
1591 261 1660 297 833

78 369 265 421 artibus,
297 367 474 418 studiis,
506 366 690 422 linguis,
723 366 971 421 diligentia,
1004 365 1224 408 industria
1255 365 1523 415 ornandum,
1557 364 1707 419 suspi-

77 445 287 489 ciendum
310 452 393 495 est,
419 450 554 498 atque
577 443 897 485 extollendum.

166 523 299 563 Hanc
332 527 565 570 rationem,
592 519 712 573 quod
735 520 899 574 stylum
926 518 1133 561 mutarim
1158 517 1475 560 scholasticum
1501 517 1705 572 superio-

78 613 175 642 rum
201 606 468 653 temporum,
495 610 625 651 spero
653 595 658 652 Ι
684 595 763 637 tibi
787 595 931 637 visum
957 595 1007 637 iri
1026 610 1114 637 non
1133 594 1349 649 ineptam.
1373 595 1630 644 Caeterum,
1658 600 1704 635 vt

77 676 134 718 ad
157 673 547 717 confirmationem
572 672 874 714 conclusionis
903 679 1119 722 reuertar,
1147 673 1281 722 hanc,
1314 685 1447 724 quam
1478 685 1561 712 nos
1591 684 1706 711 con-

77 751 283 802 sulimus,
305 749 651 793 indifferentiam
671 757 855 804 vsurpat
875 750 1134 803 frequenter
1154 749 1338 798 Paulus,
1358 761 1409 789 ac
1426 746 1704 802 superiorem

78 828 276 871 animum
302 827 358 869 ad
380 835 625 879 creaturas,
656 843 671 865 (ι
682 841 759 881 per
782 840 918 876 arma,
945 825 1106 879 inquit,
1132 824 1347 875 iustitiae,
1374 839 1398 865 a
1420 823 1589 865 dextris
1613 831 1656 866 et
1680 838 1706 865 a

77 904 284 956 sinistris,
311 919 389 959 per
417 903 604 959 gloriam
635 910 679 945 et
709 902 1054 958 ignobilitatem,
1087 917 1165 957 per
1196 900 1426 943 infamiam
1460 907 1504 941 et
1540 901 1704 942 bonam

80 982 241 1024 famam
279 983 337 1025 Η).
365 982 419 1022 Et
450 980 570 1022 alibi:
607 981 731 1034 «Ego
761 979 879 1022 enim
903 978 1038 1020 didici
1067 978 1112 1019 in
1146 977 1310 1033 quibus
1343 991 1442 1019 sum
1476 975 1706 1018 sufficiens

78 1072 194 1109 esse,
228 1057 323 1100 scio
355 1064 399 1099 et
437 1055 678 1107 humiliari,
719 1055 811 1097 scio
850 1063 893 1098 et
931 1055 1178 1106 abundare,
1218 1053 1293 1095 vbi
1332 1060 1375 1096 et
1412 1052 1457 1094 in
1497 1051 1707 1094 omnibus

78 1135 312 1177 institutus
335 1148 451 1186 sum,
484 1142 528 1177 et
557 1132 724 1184 satiari,
752 1140 795 1175 et
824 1132 1013 1182 esurire,
1045 1138 1089 1174 et
1118 1131 1364 1182 abundare,
1399 1137 1442 1173 et
1472 1128 1705 1184 penuriam

77 1212 168 1268 pati
197 1212 258 1255 Ξ.»
292 1213 420 1254 Haec
453 1210 562 1252 satis
591 1210 731 1251 multa
766 1225 820 1252 ex
859 1208 1091 1263 scripturis
1125 1208 1181 1249 ad
1213 1214 1413 1249 nostram
1448 1205 1705 1248 conclusio-

78 1303 180 1332 nem
206 1288 278 1332 177
296 1287 650 1330 confirmandam

168 1365 234 1408 2.⁰
268 1365 409 1421 probo
433 1364 637 1406 eamdem
661 1378 715 1406 ex
739 1362 876 1404 sacris
899 1361 1160 1404 doctoribus
1181 1369 1198 1385 a
1225 1361 1231 1416 Ι

168 1441 237 1486 178
263 1442 324 1496 3.⁰
349 1442 448 1484 loco
471 1456 526 1483 ex
551 1440 722 1482 ratione
741 1446 862 1481 recta
880 1446 1188 1493 argumentor.
1211 1437 1333 1479 Finis
1351 1443 1418 1480 est
1438 1443 1530 1478 tota
1548 1449 1702 1485 causa,

79 1527 375 1576 quapropter,
416 1533 531 1572 quae
564 1525 669 1559 sunt
699 1518 755 1559 ad
783 1517 936 1567 finem,
969 1522 1261 1570 appetantur;
1299 1522 1343 1555 at
1380 1498 1611 1555 creaturae
1649 1512 1705 1553 ad
1762 1506 1763 1512 ¹

79 1598 225 1640 Deum
251 1601 477 1651 spectant,
506 1602 719 1648 tanquam
743 1594 799 1635 ad
822 1593 974 1643 finem;
1003 1599 1096 1633 tota
1118 1591 1258 1646 igitur
1280 1589 1407 1641 ratio,
1430 1596 1705 1644 quapropter

78 1674 149 1717 vel
167 1672 395 1729 eligantur
416 1672 487 1713 vel
504 1670 781 1721 reiiciantur,
803 1672 929 1712 Deus
947 1676 1014 1711 est
1033 1682 1084 1710 ac
1102 1667 1187 1711 Dei
1205 1668 1432 1709 voluntas.
1457 1666 1544 1708 Vbi
1563 1665 1704 1720 igitur

77 1749 254 1805 ignoro,
281 1763 370 1790 non
394 1748 538 1791 debeo
562 1748 616 1790 ad
642 1761 775 1788 Vnam
799 1745 943 1801 magis
965 1759 1096 1800 quam
1129 1745 1185 1786 ad
1208 1744 1338 1785 aliam
1373 1742 1505 1794 affici;
1543 1741 1704 1797 ignoro
1738 1752 1742 1755 ·

78 1834 229 1869 autem
264 1820 349 1869 Dei
374 1826 669 1876 voluntatem,
703 1823 776 1865 vbi
805 1823 978 1864 nullum
1016 1823 1162 1863 habeo
1200 1827 1504 1876 praeceptum:
1546 1833 1701 1873 quare,

78 1911 321 1959 antequam
345 1904 401 1944 ad
424 1916 558 1944 Vnam
578 1901 728 1956 potius
745 1914 877 1956 quam
899 1899 955 1941 ad
973 1898 1103 1941 aliam
1122 1904 1293 1953 partem
1321 1896 1328 1954 Ι
1356 1895 1583 1946 inclinem,
1604 1897 1703 1937 lon-

78 1995 137 2037 ge
166 1979 326 2023 melius
356 1986 424 2023 est
454 1993 505 2020 ac
535 1977 681 2034 magis
710 1975 1015 2026 conducibile,
1048 1981 1241 2030 purgata
1274 1981 1439 2023 mente,
1472 1973 1527 2014 ad
1556 1974 1704 2015 Deum

78 2057 407 2100 consulendum
445 2070 525 2111 per
556 2054 805 2097 orationem
844 2052 1075 2102 accedere,
1109 2051 1326 2093 adhibere
1364 2051 1435 2105 pia
1472 2048 1701 2099 exercitia,

78 2133 370 2189 euangelicas
400 2131 731 2181 meditationes,
758 2143 990 2172 censorem
1015 2135 1247 2184 praeterea
1286 2134 1421 2180 atque
1458 2125 1705 2167 instructo-

79 2224 191 2262 rem,
218 2208 382 2253 necubi
406 2207 568 2263 quauis
597 2206 864 2262 deceptione
893 2204 1156 2248 caecutiam.
1185 2205 1316 2258 Quae
1339 2210 1406 2245 est
1429 2217 1605 2244 summa
1623 2215 1704 2243 no-

78 2293 197 2330 strae
230 2286 367 2328 huius
405 2283 741 2341 propositionis,
776 2290 913 2338 atque
941 2282 1053 2324 adeo
1083 2288 1338 2323 nostrorum
1368 2278 1700 2322 exercitiorum.
1753 2268 1759 2275 ⁴

170 2363 241 2407 ¹79
267 2363 573 2406 Confirmatur
596 2360 710 2403 ratio
731 2362 860 2411 haec3
881 2373 1000 2409 nam,
1022 2372 1123 2400 cum
1147 2355 1365 2400 creaturis
1388 2355 1603 2398 vtendum
1628 2354 1702 2406 sit,

79 2454 170 2482 non
194 2440 451 2491 fruendum,
477 2438 601 2479 nulla
624 2436 742 2480 enim
762 2436 901 2478 maior
918 2442 986 2477 est
1004 2432 1277 2489 peruersitas
1296 2434 1358 2487 (vt
1375 2430 1521 2485 inquit
1539 2432 1705 2486 Augu--

79 2516 239 2572 stinus)
264 2531 397 2571 quam
423 2514 509 2557 frui
538 2512 732 2564 Vtendis‚
759 2513 828 2554 vel
860 2512 924 2553 vti
948 2510 1149 2554 fruendis
1179 2511 1210 2551 ³.
1238 2509 1372 2552 Solus
1395 2514 1546 2550 autem
1571 2520 1705 2548 verus

79 2595 204 2637 Deus
233 2600 318 2644 est,
346 2606 435 2647 quo
457 2591 699 2633 fruendum
722 2598 805 2632 est.
844 2589 1034 2631 Constat
1057 2586 1196 2642 igitur
1226 2585 1444 2628 rationem
1467 2598 1575 2625 vsus
1598 2583 1704 2625 inde

149 2738 167 2755 a
215 2728 259 2762 In
278 2739 399 2773 marg.
427 2728 522 2762 haee
546 2724 697 2760 notavit
724 2724 829 2760 Nat.:
862 2724 1161 2768 Relinquuntur
1194 2731 1210 2765 3
1239 2723 1309 2755 aut
1340 2730 1366 2763 4
1388 2719 1513 2765 folia.
1546 2719 1603 2752 Ex
1634 2719 1705 2752 hac

79 2786 416 2822 animadversione
435 2791 475 2820 et
493 2797 541 2820 ex
561 2785 770 2820 omissione
788 2788 1105 2828 argumentorum
1125 2792 1173 2815 ex
1191 2779 1311 2814 sacris
1330 2778 1567 2823 doctoribus,
1594 2777 1706 2812 intel-

79 2845 213 2891 ligitur
232 2856 300 2880 cur
325 2844 527 2891 reliquerit
552 2848 686 2879 auctor
709 2842 790 2877 fere
816 2846 918 2876 totas
944 2840 1105 2887 paginas
1133 2847 1198 2883 177
1223 2844 1262 2874 et
1291 2846 1382 2882 177v
1408 2848 1563 2882 vacuas,
1596 2841 1638 2870 ut
1664 2835 1703 2871 in

79 2904 217 2939 iisdem
236 2904 386 2939 scilicet
405 2908 538 2949 postea
565 2902 754 2938 scriberet
778 2900 842 2936 illa
868 2904 1110 2945 argumenta,
1131 2909 1230 2944 quae
1254 2897 1410 2932 tandem
1429 2907 1505 2931 non
1525 2895 1699 2941 scripsit.

150 3004 160 3024 ¹
213 3005 248 3039 II
265 3004 386 3047 COR„
406 3004 476 3050 VI,
490 3012 527 3050 7,
546 3003 584 3039 8.
969 3004 982 3022 '-‘
1035 3000 1208 3040 PHILIP.‚
1227 2999 1293 3042 IV,
1318 3006 1372 3033 12.

148 3065 162 3083 ³
212 3065 270 3099 De
288 3064 395 3099 civit.
418 3064 510 3106 Dei,
528 3062 596 3098 lib.
617 3063 684 3104 XI,
705 3073 787 3108 cap.
809 3061 935 3096 XXV.

254 3128 370 3156 ΕΡιετ,
395 3128 434 3155 Ρ.
460 3127 593 3162 NADAL,
613 3134 693 3155 τοΜ.
717 3126 779 3154 lV.
1491 3122 1526 3149 54
