2028 3426
374 286 410 320 M
416 292 648 321 ONUMENTA
674 291 928 319 PRovmciAE
953 282 1243 316 FLANmuAE—
1248 287 1292 323 57
1553 277 1622 322 349

91 379 93 381 ¹
131 385 383 431 Dominicis
421 385 596 436 diebus,
637 390 682 427 et
710 391 893 439 propter
921 381 1226 432 deuotionem,
1257 386 1302 422 et
1329 385 1510 434 propter
1544 392 1668 421 com·

46 464 320 517 munionem,
354 469 503 518 potest
531 461 686 504 haberi
717 459 1048 503 sanctissimum
1080 463 1414 500 sacramentum
1446 455 1490 497 in
1520 455 1672 499 medio

47 540 174 586 altari
206 538 523 582 decentissime
551 545 724 590 tamen3
757 543 994 580 sumentur
1023 534 1269 591 particulae
1301 540 1586 575 remanentes
1615 533 1671 574 ab

48 619 204 663 ultimo
226 617 501 661 celebrante.

133 696 236 738 Non
258 700 327 738 est
359 693 445 736 alia
477 691 733 734 ceremonia
766 690 1037 741 adhibenda,
1070 703 1173 731 cum
1203 687 1396 744 primum
1425 686 1541 728 fiunt
1571 692 1671 741 post

46 770 275 816 biennium
298 777 404 812 vota
426 768 711 820 scholastica,
737 783 870 822 quam
902 781 1016 822 quae
1039 764 1353 822 praescribunt
1381 762 1672 806 constitutio—

47 863 126 893 nes
148 855 193 891 et
214 849 351 890 habet
373 861 496 889 Vsus.

133 926 236 968 Non
270 924 447 966 videtur
479 922 834 965 construendum
869 922 1218 976 hypocaustum,
1255 925 1493 974 postquam
1525 916 1570 958 in
1603 916 1675 958 his

47 1001 308 1058 regionibus
331 1015 424 1043 non
447 1009 515 1044 est
537 1005 825 1049 consuetum,
852 998 973 1052 quod
995 997 1129 1039 etiam
1152 1004 1220 1039 est
1242 994 1521 1038 salubrius...

133 1079 182 1123 Si
205 1085 273 1121 est
297 1091 512 1120 numerus
534 1090 728 1131 magnus
751 1089 922 1125 eorum,
957 1073 1033 1128 qui
1061 1074 1228 1116 debent
1256 1070 1455 1115 exerceri
1485 1070 1528 1112 in
1559 1084 1672 1112 con—

47 1155 269 1208 cionibus,
296 1154 460 1210 poterit
491 1152 771 1208 frequentius
800 1166 933 1206 quam
957 1150 1118 1193 diebus
1147 1148 1384 1191 dominicis
1408 1147 1568 1190 concio
1589 1148 1672 1189 ha-

46 1233 140 1277 beri
162 1232 208 1274 in
233 1231 487 1276 refectorio,

132 1308 247 1352 Toni
271 1309 382 1350 fiant
405 1306 641 1349 dominicis
663 1306 823 1348 diebus
847 1320 871 1346 a
895 1303 1176 1346 scholasticis
1204 1304 1231 1344 ¹.

133 1387 203 1430 Ne
225 1385 519 1428 admittantur
543 1383 752 1427 mulieres
781 1383 837 1425 ad
861 1381 1135 1423 visitandum
1159 1378 1445 1422 conuictores
1467 1392 1569 1420 cum
1592 1377 1672 1420 de-

47 1464 283 1507 cumbunt:
310 1461 393 1504 viri
416 1469 606 1517 possunt
629 1459 859 1503 admitti...

132 1539 340 1591 Nunciis,
377 1538 454 1593 qui
483 1540 634 1582 ferunt
662 1535 893 1592 pecunias,
927 1533 1092 1590 poterit
1122 1517 1291 1587 aliduid
1318 1545 1440 1587 penu
1472 1531 1568 1572 dari
1597 1537 1675 1572 aut

47 1616 318 1661 refectionis.

135 1696 338 1736 Possunt
361 1691 497 1748 recipi
521 1692 636 1734 inter
654 1689 994 1740 commensales,
1016 1687 1092 1742 qui
1111 1688 1332 1729 haberent
1349 1686 1526 1737 bursas,
1546 1698 1675 1740 prae-

48 1769 199 1814 sertim
223 1769 276 1821 si,
302 1777 404 1825 post
426 1783 565 1810 vnum
589 1774 667 1810 aut
689 1768 879 1810 alterum
902 1764 1175 1815 bursarium,
1201 1762 1438 1806 deueniret
1460 1763 1597 1804 bursa
1620 1762 1675 1803 ad

51 1846 359 1890 fundationem
383 1844 563 1901 collegii
586 1844 781 1887 nostri...

138 1925 303 1966 Petant
326 1922 383 1964 ab
407 1922 618 1977 episcopo
641 1935 800 1976 parum
822 1919 907 1962 olei
931 1919 1228 1968 infirmorum,
1255 1912 1375 1970 duod
1398 1914 1538 1970 possit
1556 1914 1676 1956 domi

50 1999 208 2043 haberi
231 2001 289 2042 ad
313 1998 628 2042 necessitatem
651 1997 770 2039 illius
792 1994 1062 2039 sacramenti
1085 2008 1164 2049 pro
1186 1992 1402 2036 fratribus
1425 1991 1606 2043 nostris,
1633 1998 1677 2034 et

44 2063 247 2120 'habeant
269 2076 380 2118 illud
403 2075 448 2117 in
472 2075 635 2117 sacello
658 2072 988 2117 decentissime.

139 2153 357 2197 Vestibus
379 2151 575 2195 suffultis
599 2151 789 2207 pellibus
812 2150 876 2192 vti
897 2163 1155 2205 possumus,
1181 2162 1285 2190 cum
1308 2161 1397 2189 non
1428 2147 1679 2189 habeamus

57 2231 351 2286 hypocausta.

140 2308 248 2350 Non
268 2305 380 2348 vidit
405 2307 457 2348 P.
479 2304 653 2348 Natalis
675 2319 821 2355 vsum,
842 2310 890 2344 vt
913 2301 1053 2344 nostri
1076 2308 1181 2345 eant
1203 2301 1260 2342 ad
1281 2299 1514 2355 exequias,
1542 2297 1678 2340 officii

55 2397 207 2433 causa,
242 2382 621 2438 quemadmodum
656 2381 729 2423 alii
761 2387 981 2422 vocantur
1008 2378 1251 2421 seculares:
1282 2383 1520 2432 propterea
1543 2390 1595 2418 ea
1624 2375 1681 2415 de

57 2475 104 2503 re
126 2460 392 2502 consulatur
414 2460 549 2502 Pater
570 2456 810 2513 generalis.
1013 2439 1026 2447 .

48 2534 53 2537 ’
145 2537 277 2579 Pater
307 2534 530 2591 generalis
564 2533 789 2589 probauit,
825 2533 945 2587 quod
977 2538 1073 2574 erat
1104 2530 1149 2573 in
1183 2528 1404 2585 superiori
1436 2526 1681 2572 Germania

39 2612 242 2656 edictum:
269 2627 326 2656 ne
348 2613 480 2655 detur
502 2610 684 2666 signum
709 2624 790 2665 pro
814 2608 1014 2651 oratione
1036 2606 1200 2657 vocali,
1225 2607 1305 2649 sed
1334 2612 1542 2648 seruetur
1570 2617 1681 2645 con—

39 2680 250 2732 ¹suetudo
273 2670 590 2732 Societatis'de
614 2687 745 2742 pulsu
770 2686 825 2727 ad
849 2683 1062 2727 orationis
1082 2682 1355 2738 principium
1380 2688 1423 2724 et
1447 2681 1598 2722 finem.

145 2765 318 2808 Nouitii
342 2766 486 2807 ferant
514 2778 621 2806 suas
656 2770 819 2814 vestes,
851 2761 936 2803 nisi
965 2767 1116 2804 essent
1145 2758 1476 2815 praetiosiores,
1508 2764 1552 2798 et
1582 2762 1681 2796 tan-

60 2848 154 2884 tum
182 2848 440 2891 reseruetur
467 2840 720 2883 inomnem
750 2846 964 2881 euentum
989 2844 1175 2881 externa
1197 2834 1352 2885 vestis,
1378 2833 1423 2874 id
1445 2839 1529 2882 est,
1554 2844 1682 2872 man-

60 2919 213 2961 tellum
238 2925 315 2960 aut
339 2926 462 2973 toga.

147 2994 301 3038 Nostri
324 2995 484 3036 fratres
507 3006 598 3035 non
632 3000 736 3036 eant
769 2992 825 3034 ad
857 2989 1085 3040 conuiuia,
1119 2998 1238 3042 'quae
1271 2987 1415 3028 solent
1449 2983 1604 3027 haberi
1636 2983 1682 3024 in

134 3091 142 3109 ¹
194 3087 299 3133 Quid
318 3093 496 3122 tonorum
516 3086 670 3121 nomine
691 3084 836 3125 veniat,
855 3084 1002 3118 dictum
1022 3087 1081 3117 est
1101 3081 1139 3115 in
1158 3091 1245 3126 pag.
1268 3080 1346 3124 266,
1369 3082 1502 3115 annot.
1523 3085 1556 3112 2.
