2028 3426
454 279 727 315 MONUMENTA
753 284 1009 314 PnovmciAE
1036 276 1296 310 AUSTRIAE—
1301 283 1320 317 5
1329 283 1342 309 1
1593 274 1662 320 309

177 393 250 434 42.
317 365 637 435 Sigismundus
661 379 882 421 Ernhofer
904 376 1077 420 studuit
1106 375 1389 427 humanitati,
1422 375 1575 419 audiet
1604 378 1709 419 rhe-

78 457 289 500 toricam.

175 546 247 588 43.
306 535 507 590 Joannes
528 533 708 575 Veruex
730 532 878 588 erupit
901 531 1174 574 clanculum.

174 622 247 663 44.
313 609 571 664 Leopoldus
594 609 778 659 Caesar,
804 607 1071 657 austriacus,
1098 605 1273 648 audiuit
1297 605 1513 648 lectiones
1543 605 1588 646 in
1618 604 1709 660 pri-

83 701 156 729 ma
178 685 510 741 grammatices:
537 699 658 727 nunc
682 684 834 727 audiet
856 683 1200 726 humanitatem.

173 772 247 816 45.
306 764 506 819 Joannes
530 760 776 812 Rainelius,
803 760 1084 810 cadanensis‚
1106 761 1309 810 boemus,
1337 760 1515 814 Pragae
1538 764 1606 800 est
1629 758 1710 801 So-

76 838 295 883 ·cietatem
327 838 561 894 ingressus
590 852 709 880 anno
744 838 852 891 1563
876 837 994 879 circa
1019 838 1183 879 festum
1206 835 1450 891 paschatis.
1477 833 1604 877 Fecit
1626 834 1712 876 ibi-

86 918 188 960 dem
226 922 334 958 uota
370 914 414 957 in
453 915 568 957 festo
606 914 926 969 assumptionis
962 915 1121 956 beatae
1160 911 1362 968 Virginis
1400 910 1602 967 proxime
1639 925 1711 954 se-
1765 966 1767 970 ι

74 993 259 1049 quenti.
293 991 486 1035 Audiuit
520 991 806 1043 rhetoricam,
844 998 888 1035 et
919 991 992 1033 hic
1024 990 1192 1033 audiet.
1228 990 1344 1032 Cum
1376 988 1709 1044 ingrederetur,

77 1078 186 1114 erat
207 1068 437 1113 secularis.

176 1147 248 1200 46.
316 1146 689 1188 Bartholomaeus
711 1145 939 1196 Villerius,
965 1144 1283 1196 bastoniensis,
1315 1142 1712 1198 luxenburgensis,

88 1224 325 1279 ingressus
361 1228 430 1266 est
452 1221 739 1279 ,Societatem
779 1221 995 1264 Coloniae
1028 1235 1161 1272 anno,
1205 1228 1253 1262 ut
1286 1227 1411 1276 puto,
1455 1220 1563 1273 1558
1597 1218 1715 1260 circa

87 1301 253 1344 festum
277 1298 570 1355 Epiphaniae.
597 1298 723 1341 Fecit
744 1298 910 1341 ibidem
935 1306 1040 1340 uota
1063 1304 1163 1352 post
1181 1304 1375 1352 quatuor
1392 1310 1587 1340 menses.
1611 1294 1715 1337 Fuit

96 1379 288 1432 Pragae,
316 1375 392 1418 ubi
415 1375 574 1418 habuit
596 1389 750 1417 curam
774 1375 1103 1417 conuictorum:
1136 1373 1329 1416 absoluit
1358 1374 1541 1415 cursum
1570 1371 1715 1427 philo—

86 1452 296 1509 sophiae:
324 1451 498 1494 audiuit
521 1451 797 1507 theologiam
819 1466 900 1506 per
924 1465 1061 1492 unum
1086 1465 1272 1502 annum,
1299 1458 1343 1492 et
1367 1449 1534 1492 audiet.

180 1541 252 1583 47.
317 1528 484 1581 Dauid,
510 1527 841 1584 strigoniensis,
867 1530 1118 1582 hungarus,
1154 1527 1388 1582 ingressus
1418 1533 1486 1569 est
1515 1525 1714 1569 Societa-

86 1613 179 1650 tem
204 1607 410 1650 Viennae
433 1621 568 1658 anno,
596 1612 645 1647 ut
666 1612 811 1661 putat,
844 1606 968 1658 1560.
1002 1604 1126 1647 Fecit
1150 1611 1256 1646 uota
1286 1603 1557 1658 Tyrnauiae:
1590 1601 1715 1644 audi-

88 1683 157 1726 uit
179 1683 524 1726 humanitatem:
550 1696 672 1725 nunc
696 1681 813 1737 regit
834 1681 1033 1723 infimam
1057 1682 1245 1724 classem
1269 1694 1528 1735 puerorum.

175 1761 246 1814 48.
314 1759 624 1803 Theodoricus
654 1758 854 1801 Tilmans
882 1758 1115 1813 ingressus
1142 1764 1210 1799 est
1243 1756 1516 1800 Societatem
1547 1757 1716 1815 Romae

77 1851 204 1880 anno
234 1837 360 1890 1556.
386 1836 513 1879 Fecit
535 1835 700 1878 ibidem
726 1842 850 1887 uota,
876 1836 1067 1877 fortasse
1089 1841 1189 1889 post
1213 1840 1302 1876 tres
1324 1847 1520 1876 menses.
1547 1833 1715 1874 Absol-

88 1913 153 1956 uit
180 1927 362 1956 cursum
385 1912 709 1968 philosophiae:
735 1920 804 1955 est
831 1911 1063 1954 studiosus
1086 1907 1361 1966 theologiae:
1398 1909 1482 1951 fuit
1511 1908 1715 1950 minister

84 1990 316 2046 'Foroliuii‚
342 1988 634 2033 subminister
655 2004 734 2044 per
756 1988 925 2043 aliquot
948 2002 1125 2030 menses
1148 1987 1368 2030 Viennae.

175 2080 247 2124 49.
314 2069 376 2110 M.
404 2065 621 2109 Melchior
646 2065 840 2117 Pichler,
865 2064 1191 2120 storzingensis
1219 2063 1497 2118 Tyrolensis,
1537 2062 1714 2118 ingres-

85 2158 163 2187 sus
186 2150 255 2187 est
276 2143 552 2188 Societatem
575 2141 838 2197 Ingolstadii
861 2156 980 2183 anno
1008 2142 1133 2195 1562:
1161 2139 1267 2184 fecit
1291 2146 1396 2182 uota
1419 2140 1596 2194 Pragae
1614 2145 1713 2193 post

78 2220 282 2263 medium
314 2234 498 2262 annum:
539 2218 734 2261 absoluit
766 2232 949 2260 cursum
986 2216 1312 2273 philosophiae:
1350 2223 1446 2260 erat
1478 2214 1712 2258 studiosus

78 2310 189 2339 -cum
217 2297 548 2352 ingrederetur,
582 2295 670 2338 iam
698 2301 767 2337 est
794 2301 1058 2351 praeceptor
1080 2293 1250 2350 primae
1272 2293 1427 2336 classis
1451 2291 1713 2348 grammati—

80 2387 166 2416 ces
190 2374 386 2416 futurus.

432 2498 766 2529 COADIVTORES
800 2497 1112 2527 TEMPORALES
1145 2497 1357 2526 FORMATI

177 2614 250 2658 50.
313 2603 602 2646 Guilhelmus
624 2603 832 2647 Saluator
855 2610 922 2646 est
946 2609 1120 2644 tantum
1142 2608 1332 2656 emptor.

177 2691 247 2734 51.
312 2681 509 2736 Jacobus
532 2680 735 2731 Seckler,
761 2679 1089 2734 oenipontanus
1113 2677 1369 2733 tijrolensis,
1391 2676 1624 2731 ingressus
1643 2684 1711 2717 est

81 2756 361 2800 Societatem
399 2756 603 2800 Viennae
641 2752 760 2798 anno
803 2766 928 2809 1555.
970 2755 1137 2797 Ibidem
1172 2753 1313 2809 primo
1354 2752 1483 2794 uouit
1523 2753 1630 2805 1558
1666 2750 1710 2793 in

78 2840 271 2885 ›aestate3
299 2833 405 2877 fecit
428 2840 578 2875 autem
604 2829 926 2888 professionem
949 2833 1116 2874 Romae
1138 2830 1184 2872 in
1209 2832 1322 2872 festo
1346 2827 1489 2871 sancti
1513 2827 1711 2870 Mathiae

80 2909 274 2965 apostoli
317 2924 436 2952 anno
460 2967 462 2970 .
486 2910 615 2963 1565.
668 2909 857 2964 Semper
897 2910 993 2952 fere
1035 2907 1309 2950 sacristanus
1352 2904 1457 2956 fuit,
1505 2903 1622 2946 sicut
1666 2910 1711 2946 et

87 2999 211 3027 nunc
235 2992 320 3030 est.
