<?xml version="1.0" encoding="UTF-8"?>
<!DOCTYPE html PUBLIC "-//W3C//DTD XHTML 1.0 Transitional//EN"
    "http://www.w3.org/TR/xhtml1/DTD/xhtml1-transitional.dtd">
<html xmlns="http://www.w3.org/1999/xhtml" xml:lang="en" lang="en">
 <head>
  <title>
</title>
<meta http-equiv="Content-Type" content="text/html;charset=utf-8" />
  <meta name='ocr-system' content='tesseract 3.04.00' />
  <meta name='ocr-capabilities' content='ocr_page ocr_carea ocr_par ocr_line ocrx_word'/>
</head>
<body>
  <div class='ocr_page' id='page_1' title='image "./epistolaephieron11nada_0347.png"; bbox 0 0 2028 3426; ppageno 0'>
   <div class='ocr_carea' id='block_1_1' title="bbox 433 224 1654 271">
    <p class='ocr_par' dir='ltr' id='par_1_1' title="bbox 433 224 1654 271">
     <span class='ocr_line' id='line_1_1' title="bbox 433 224 1654 271; baseline -0.001 -8"><span class='ocrx_word' id='word_1_1' title='bbox 433 229 706 264; x_wconf 83' lang='lat' dir='ltr'>MONUMENTA</span> <span class='ocrx_word' id='word_1_2' title='bbox 731 235 986 263; x_wconf 73' lang='lat' dir='ltr'>PnovmcmE</span> <span class='ocrx_word' id='word_1_3' title='bbox 1011 227 1296 262; x_wconf 79' lang='lat' dir='ltr'>RHENANAE—</span> <span class='ocrx_word' id='word_1_4' title='bbox 1302 224 1346 271; x_wconf 89' lang='lat'>53</span> <span class='ocrx_word' id='word_1_5' title='bbox 1589 225 1654 262; x_wconf 78' lang='lat'>321</span> 
     </span>
    </p>
   </div>
   <div class='ocr_carea' id='block_1_2' title="bbox 11 326 1705 386">
    <p class='ocr_par' dir='ltr' id='par_1_2' title="bbox 11 326 1705 386">
     <span class='ocr_line' id='line_1_2' title="bbox 11 326 1705 386; baseline -0.002 -14"><span class='ocrx_word' id='word_1_6' title='bbox 11 344 15 348; x_wconf 91' lang='lat'>·</span> <span class='ocrx_word' id='word_1_7' title='bbox 79 330 237 386; x_wconf 84' lang='lat' dir='ltr'>ligitur</span> <span class='ocrx_word' id='word_1_8' title='bbox 259 345 315 373; x_wconf 86' lang='lat' dir='ltr'>ex</span> <span class='ocrx_word' id='word_1_9' title='bbox 337 329 426 372; x_wconf 91' lang='lat' dir='ltr'>fine</span> <span class='ocrx_word' id='word_1_10' title='bbox 447 328 839 380; x_wconf 83' lang='lat' dir='ltr'>constitutionum,</span> <span class='ocrx_word' id='word_1_11' title='bbox 865 328 946 372; x_wconf 86' lang='lat' dir='ltr'>sed</span> <span class='ocrx_word' id='word_1_12' title='bbox 968 326 1189 383; x_wconf 83' lang='lat' dir='ltr'>legendae</span> <span class='ocrx_word' id='word_1_13' title='bbox 1227 333 1334 370; x_wconf 86' lang='lat' dir='ltr'>sunt</span> <span class='ocrx_word' id='word_1_14' title='bbox 1370 326 1471 369; x_wconf 87' lang='lat' dir='ltr'>illae</span> <span class='ocrx_word' id='word_1_15' title='bbox 1509 327 1705 382; x_wconf 84' lang='lat' dir='ltr'>singulis</span> 
     </span>
    </p>
   </div>
   <div class='ocr_carea' id='block_1_3' title="bbox 24 403 1714 1379">
    <p class='ocr_par' dir='ltr' id='par_1_3' title="bbox 24 403 1714 769">
     <span class='ocr_line' id='line_1_3' title="bbox 80 403 1714 461; baseline -0.002 -11"><span class='ocrx_word' id='word_1_16' title='bbox 80 406 328 459; x_wconf 89' lang='lat' dir='ltr'>mensibus,</span> <span class='ocrx_word' id='word_1_17' title='bbox 353 420 469 461; x_wconf 89' lang='lat' dir='ltr'>quae</span> <span class='ocrx_word' id='word_1_18' title='bbox 492 406 550 446; x_wconf 89' lang='lat' dir='ltr'>ad</span> <span class='ocrx_word' id='word_1_19' title='bbox 571 419 729 448; x_wconf 91' lang='lat' dir='ltr'>omnes</span> <span class='ocrx_word' id='word_1_20' title='bbox 751 404 960 457; x_wconf 77' lang='lat' dir='ltr'>attinent,</span> <span class='ocrx_word' id='word_1_21' title='bbox 987 418 1102 459; x_wconf 88' lang='lat' dir='ltr'>quae</span> <span class='ocrx_word' id='word_1_22' title='bbox 1131 403 1355 459; x_wconf 88' lang='lat' dir='ltr'>incipiunt</span> <span class='ocrx_word' id='word_1_23' title='bbox 1387 404 1603 446; x_wconf 79' lang='lat' dir='ltr'>«Summa</span> <span class='ocrx_word' id='word_1_24' title='bbox 1631 408 1714 446; x_wconf 73' lang='lat' dir='ltr'>sa-·</span> 
     </span>
     <span class='ocr_line' id='line_1_4' title="bbox 80 480 1706 539; baseline -0.002 -14"><span class='ocrx_word' id='word_1_25' title='bbox 80 482 294 539; x_wconf 81' lang='lat' dir='ltr'>pientia».</span> <span class='ocrx_word' id='word_1_26' title='bbox 327 483 459 537; x_wconf 75' lang='lat' dir='ltr'>Quae</span> <span class='ocrx_word' id='word_1_27' title='bbox 495 496 607 525; x_wconf 89' lang='lat' dir='ltr'>uero</span> <span class='ocrx_word' id='word_1_28' title='bbox 645 482 702 523; x_wconf 88' lang='lat' dir='ltr'>ad</span> <span class='ocrx_word' id='word_1_29' title='bbox 738 481 943 537; x_wconf 83' lang='lat' dir='ltr'>singulos</span> <span class='ocrx_word' id='word_1_30' title='bbox 981 480 1311 536; x_wconf 80' lang='lat' dir='ltr'>particulariter</span> <span class='ocrx_word' id='word_1_31' title='bbox 1348 480 1558 531; x_wconf 82' lang='lat' dir='ltr'>attinent,</span> <span class='ocrx_word' id='word_1_32' title='bbox 1596 480 1706 521; x_wconf 85' lang='lat' dir='ltr'>satis</span> 
     </span>
     <span class='ocr_line' id='line_1_5' title="bbox 81 556 1703 614; baseline -0.003 -11"><span class='ocrx_word' id='word_1_33' title='bbox 81 559 165 604; x_wconf 83' lang='lat' dir='ltr'>erit</span> <span class='ocrx_word' id='word_1_34' title='bbox 187 559 224 602; x_wconf 90' lang='lat' dir='ltr'>si</span> <span class='ocrx_word' id='word_1_35' title='bbox 247 573 323 602; x_wconf 88' lang='lat' dir='ltr'>eas</span> <span class='ocrx_word' id='word_1_36' title='bbox 345 557 514 614; x_wconf 84' lang='lat' dir='ltr'>singuli</span> <span class='ocrx_word' id='word_1_37' title='bbox 537 558 729 613; x_wconf 82' lang='lat' dir='ltr'>singulis</span> <span class='ocrx_word' id='word_1_38' title='bbox 752 558 982 600; x_wconf 86' lang='lat' dir='ltr'>mensibus</span> <span class='ocrx_word' id='word_1_39' title='bbox 1004 559 1174 614; x_wconf 83' lang='lat' dir='ltr'>legant.</span> <span class='ocrx_word' id='word_1_40' title='bbox 1201 559 1272 601; x_wconf 92' lang='lat' dir='ltr'>De</span> <span class='ocrx_word' id='word_1_41' title='bbox 1289 556 1376 609; x_wconf 89' lang='lat' dir='ltr'>his,</span> <span class='ocrx_word' id='word_1_42' title='bbox 1403 571 1519 612; x_wconf 88' lang='lat' dir='ltr'>quae</span> <span class='ocrx_word' id='word_1_43' title='bbox 1542 557 1598 598; x_wconf 89' lang='lat' dir='ltr'>ad</span> <span class='ocrx_word' id='word_1_44' title='bbox 1615 557 1703 598; x_wconf 92' lang='lat' dir='ltr'>col-</span> 
     </span>
     <span class='ocr_line' id='line_1_6' title="bbox 24 632 1703 692; baseline -0.002 -14"><span class='ocrx_word' id='word_1_45' title='bbox 24 661 28 663; x_wconf 80' lang='grc'><strong>-</strong></span> <span class='ocrx_word' id='word_1_46' title='bbox 80 636 200 692; x_wconf 86' lang='lat' dir='ltr'>legia</span> <span class='ocrx_word' id='word_1_47' title='bbox 229 635 435 687; x_wconf 89' lang='lat' dir='ltr'>attinent,</span> <span class='ocrx_word' id='word_1_48' title='bbox 467 634 759 677; x_wconf 81' lang='lat' dir='ltr'>constituitur</span> <span class='ocrx_word' id='word_1_49' title='bbox 787 636 905 677; x_wconf 91' lang='lat' dir='ltr'>clare</span> <span class='ocrx_word' id='word_1_50' title='bbox 942 634 1098 676; x_wconf 87' lang='lat' dir='ltr'>vltima</span> <span class='ocrx_word' id='word_1_51' title='bbox 1134 634 1424 689; x_wconf 79' lang='lat' dir='ltr'>paragrapho</span> <span class='ocrx_word' id='word_1_52' title='bbox 1464 632 1545 675; x_wconf 77' lang='lat' dir='ltr'>[o.i</span> <span class='ocrx_word' id='word_1_53' title='bbox 1583 633 1703 688; x_wconf 80' lang='lat' dir='ltr'>capi-</span> 
     </span>
     <span class='ocr_line' id='line_1_7' title="bbox 83 711 769 769; baseline -0.004 -13"><span class='ocrx_word' id='word_1_54' title='bbox 83 713 140 756; x_wconf 84' lang='lat' dir='ltr'>tis</span> <span class='ocrx_word' id='word_1_55' title='bbox 161 721 246 766; x_wconf 63' lang='grc' dir='ltr'>4.Ξιθ</span> <span class='ocrx_word' id='word_1_56' title='bbox 268 712 425 768; x_wconf 89' lang='lat' dir='ltr'>partis,</span> <span class='ocrx_word' id='word_1_57' title='bbox 451 713 616 755; x_wconf 84' lang='lat' dir='ltr'>declar.</span> <span class='ocrx_word' id='word_1_58' title='bbox 647 711 713 769; x_wconf 74' lang='lat' dir='ltr'>[L]</span> <span class='ocrx_word' id='word_1_59' title='bbox 742 714 769 753; x_wconf 85' lang='grc'>“·.</span> 
     </span>
    </p>

    <p class='ocr_par' dir='ltr' id='par_1_4' title="bbox 80 786 1707 1228">
     <span class='ocr_line' id='line_1_8' title="bbox 170 786 1703 844; baseline -0.004 -11"><span class='ocrx_word' id='word_1_60' title='bbox 170 792 239 833; x_wconf 94' lang='lat' dir='ltr'>De</span> <span class='ocrx_word' id='word_1_61' title='bbox 262 790 447 831; x_wconf 85' lang='lat' dir='ltr'>doctore</span> <span class='ocrx_word' id='word_1_62' title='bbox 465 789 676 831; x_wconf 87' lang='lat' dir='ltr'>Conrado</span> <span class='ocrx_word' id='word_1_63' title='bbox 700 789 714 808; x_wconf 71' lang='lat'>‘²</span> <span class='ocrx_word' id='word_1_64' title='bbox 739 789 852 829; x_wconf 90' lang='lat' dir='ltr'>nihil</span> <span class='ocrx_word' id='word_1_65' title='bbox 875 788 1121 831; x_wconf 86' lang='lat' dir='ltr'>constituat</span> <span class='ocrx_word' id='word_1_66' title='bbox 1142 786 1448 844; x_wconf 87' lang='lat' dir='ltr'>prouincialis,</span> <span class='ocrx_word' id='word_1_67' title='bbox 1475 801 1559 830; x_wconf 92' lang='lat' dir='ltr'>nec</span> <span class='ocrx_word' id='word_1_68' title='bbox 1584 786 1703 829; x_wconf 90' lang='lat' dir='ltr'>enim</span> 
     </span>
     <span class='ocr_line' id='line_1_9' title="bbox 80 863 1704 921; baseline -0.002 -13"><span class='ocrx_word' id='word_1_69' title='bbox 80 866 277 921; x_wconf 89' lang='lat' dir='ltr'>aliquam</span> <span class='ocrx_word' id='word_1_70' title='bbox 301 865 348 907; x_wconf 92' lang='lat' dir='ltr'>in</span> <span class='ocrx_word' id='word_1_71' title='bbox 370 865 495 908; x_wconf 90' lang='lat' dir='ltr'>illum</span> <span class='ocrx_word' id='word_1_72' title='bbox 520 871 786 920; x_wconf 88' lang='lat' dir='ltr'>potestatem</span> <span class='ocrx_word' id='word_1_73' title='bbox 811 866 961 918; x_wconf 87' lang='lat' dir='ltr'>habet,</span> <span class='ocrx_word' id='word_1_74' title='bbox 988 864 1073 907; x_wconf 90' lang='lat' dir='ltr'>nisi</span> <span class='ocrx_word' id='word_1_75' title='bbox 1096 865 1157 907; x_wconf 89' lang='lat' dir='ltr'>ita</span> <span class='ocrx_word' id='word_1_76' title='bbox 1185 870 1437 908; x_wconf 90' lang='lat' dir='ltr'>mutaretur</span> <span class='ocrx_word' id='word_1_77' title='bbox 1464 863 1584 905; x_wconf 92' lang='lat' dir='ltr'>illius</span> <span class='ocrx_word' id='word_1_78' title='bbox 1607 863 1704 905; x_wconf 85' lang='lat' dir='ltr'>ani-</span> 
     </span>
     <span class='ocr_line' id='line_1_10' title="bbox 82 930 1705 996; baseline -0.001 -12"><span class='ocrx_word' id='word_1_79' title='bbox 82 957 199 995; x_wconf 91' lang='lat' dir='ltr'>mus,</span> <span class='ocrx_word' id='word_1_80' title='bbox 227 950 276 985; x_wconf 90' lang='lat' dir='ltr'>ut</span> <span class='ocrx_word' id='word_1_81' title='bbox 301 942 434 985; x_wconf 89' lang='lat' dir='ltr'>uellet</span> <span class='ocrx_word' id='word_1_82' title='bbox 458 943 513 983; x_wconf 89' lang='lat' dir='ltr'>ad</span> <span class='ocrx_word' id='word_1_83' title='bbox 534 942 714 996; x_wconf 87' lang='lat' dir='ltr'>plenam</span> <span class='ocrx_word' id='word_1_84' title='bbox 738 941 1040 985; x_wconf 82' lang='lat' dir='ltr'>obedientiam</span> <span class='ocrx_word' id='word_1_85' title='bbox 1064 930 1302 985; x_wconf 87' lang='lat' dir='ltr'>Societatis</span> <span class='ocrx_word' id='word_1_86' title='bbox 1331 940 1492 984; x_wconf 89' lang='lat' dir='ltr'>redire:</span> <span class='ocrx_word' id='word_1_87' title='bbox 1519 941 1640 995; x_wconf 89' lang='lat' dir='ltr'>quod</span> <span class='ocrx_word' id='word_1_88' title='bbox 1668 940 1705 982; x_wconf 91' lang='lat' dir='ltr'>si</span> 
     </span>
     <span class='ocr_line' id='line_1_11' title="bbox 82 1018 1707 1074; baseline -0.002 -12"><span class='ocrx_word' id='word_1_89' title='bbox 82 1021 266 1071; x_wconf 89' lang='lat' dir='ltr'>faceret,</span> <span class='ocrx_word' id='word_1_90' title='bbox 299 1019 546 1062; x_wconf 90' lang='lat' dir='ltr'>mittendus</span> <span class='ocrx_word' id='word_1_91' title='bbox 578 1026 698 1062; x_wconf 87' lang='lat' dir='ltr'>esset</span> <span class='ocrx_word' id='word_1_92' title='bbox 735 1019 791 1061; x_wconf 89' lang='lat' dir='ltr'>ad</span> <span class='ocrx_word' id='word_1_93' title='bbox 819 1019 1002 1061; x_wconf 87' lang='lat' dir='ltr'>domum</span> <span class='ocrx_word' id='word_1_94' title='bbox 1032 1018 1310 1074; x_wconf 87' lang='lat' dir='ltr'>probationis</span> <span class='ocrx_word' id='word_1_95' title='bbox 1348 1018 1404 1060; x_wconf 89' lang='lat' dir='ltr'>ad</span> <span class='ocrx_word' id='word_1_96' title='bbox 1434 1024 1627 1073; x_wconf 86' lang='lat' dir='ltr'>tempus,</span> <span class='ocrx_word' id='word_1_97' title='bbox 1661 1025 1707 1060; x_wconf 92' lang='lat' dir='ltr'>et</span> 
     </span>
     <span class='ocr_line' id='line_1_12' title="bbox 83 1094 1705 1150; baseline -0.002 -12"><span class='ocrx_word' id='word_1_98' title='bbox 83 1095 352 1139; x_wconf 88' lang='lat' dir='ltr'>suauissime</span> <span class='ocrx_word' id='word_1_99' title='bbox 375 1110 641 1150; x_wconf 84' lang='lat' dir='ltr'>summaque</span> <span class='ocrx_word' id='word_1_100' title='bbox 663 1108 766 1137; x_wconf 89' lang='lat' dir='ltr'>cum</span> <span class='ocrx_word' id='word_1_101' title='bbox 790 1095 1008 1138; x_wconf 90' lang='lat' dir='ltr'>charitate</span> <span class='ocrx_word' id='word_1_102' title='bbox 1032 1095 1310 1147; x_wconf 84' lang='lat' dir='ltr'>tractandus3</span> <span class='ocrx_word' id='word_1_103' title='bbox 1332 1094 1369 1136; x_wconf 87' lang='lat' dir='ltr'>si</span> <span class='ocrx_word' id='word_1_104' title='bbox 1386 1096 1472 1138; x_wconf 92' lang='lat' dir='ltr'>hoc</span> <span class='ocrx_word' id='word_1_105' title='bbox 1495 1109 1584 1136; x_wconf 92' lang='lat' dir='ltr'>non</span> <span class='ocrx_word' id='word_1_106' title='bbox 1608 1094 1705 1145; x_wconf 91' lang='lat' dir='ltr'>fiat,</span> 
     </span>
     <span class='ocr_line' id='line_1_13' title="bbox 83 1170 1707 1228; baseline -0.002 -14"><span class='ocrx_word' id='word_1_107' title='bbox 83 1172 250 1228; x_wconf 90' lang='lat' dir='ltr'>poterit</span> <span class='ocrx_word' id='word_1_108' title='bbox 278 1171 402 1214; x_wconf 89' lang='lat' dir='ltr'>illum</span> <span class='ocrx_word' id='word_1_109' title='bbox 432 1173 490 1214; x_wconf 90' lang='lat' dir='ltr'>ad</span> <span class='ocrx_word' id='word_1_110' title='bbox 518 1172 699 1214; x_wconf 87' lang='lat' dir='ltr'>Patrem</span> <span class='ocrx_word' id='word_1_111' title='bbox 730 1172 987 1226; x_wconf 81' lang='lat' dir='ltr'>generalem</span> <span class='ocrx_word' id='word_1_112' title='bbox 1023 1171 1217 1222; x_wconf 89' lang='lat' dir='ltr'>mittere,</span> <span class='ocrx_word' id='word_1_113' title='bbox 1249 1178 1293 1215; x_wconf 89' lang='lat' dir='ltr'>et</span> <span class='ocrx_word' id='word_1_114' title='bbox 1330 1170 1621 1213; x_wconf 90' lang='lat' dir='ltr'>conformiter</span> <span class='ocrx_word' id='word_1_115' title='bbox 1651 1170 1707 1212; x_wconf 90' lang='lat' dir='ltr'>ad</span> 
     </span>
    </p>

    <p class='ocr_par' dir='ltr' id='par_1_5' title="bbox 57 1247 1707 1379">
     <span class='ocr_line' id='line_1_14' title="bbox 84 1247 1377 1304; baseline -0.001 -13"><span class='ocrx_word' id='word_1_116' title='bbox 84 1251 172 1291; x_wconf 86' lang='lat' dir='ltr'>hoc</span> <span class='ocrx_word' id='word_1_117' title='bbox 194 1247 456 1304; x_wconf 90' lang='lat' dir='ltr'>responderi</span> <span class='ocrx_word' id='word_1_118' title='bbox 479 1247 643 1304; x_wconf 86' lang='lat' dir='ltr'>poterit</span> <span class='ocrx_word' id='word_1_119' title='bbox 662 1247 730 1299; x_wconf 92' lang='lat' dir='ltr'>iis,</span> <span class='ocrx_word' id='word_1_120' title='bbox 757 1247 834 1302; x_wconf 87' lang='lat' dir='ltr'>qui</span> <span class='ocrx_word' id='word_1_121' title='bbox 856 1262 937 1303; x_wconf 90' lang='lat' dir='ltr'>pro</span> <span class='ocrx_word' id='word_1_122' title='bbox 961 1247 1057 1303; x_wconf 89' lang='lat' dir='ltr'>ipso</span> <span class='ocrx_word' id='word_1_123' title='bbox 1075 1248 1377 1291; x_wconf 86' lang='lat' dir='ltr'>intercedent.</span> 
     </span>
     <span class='ocr_line' id='line_1_15' title="bbox 57 1318 1707 1379; baseline -0.002 -11"><span class='ocrx_word' id='word_1_124' title='bbox 57 1318 60 1320; x_wconf 54' lang='grc'><strong>’</strong></span> <span class='ocrx_word' id='word_1_125' title='bbox 171 1327 241 1369; x_wconf 94' lang='lat' dir='ltr'>De</span> <span class='ocrx_word' id='word_1_126' title='bbox 263 1333 443 1370; x_wconf 86' lang='lat' dir='ltr'>caetero</span> <span class='ocrx_word' id='word_1_127' title='bbox 467 1340 558 1367; x_wconf 92' lang='lat' dir='ltr'>non</span> <span class='ocrx_word' id='word_1_128' title='bbox 582 1326 715 1367; x_wconf 88' lang='lat' dir='ltr'>detur</span> <span class='ocrx_word' id='word_1_129' title='bbox 737 1325 946 1376; x_wconf 82' lang='lat' dir='ltr'>facultas,</span> <span class='ocrx_word' id='word_1_130' title='bbox 973 1332 1023 1366; x_wconf 89' lang='lat' dir='ltr'>ut</span> <span class='ocrx_word' id='word_1_131' title='bbox 1052 1324 1193 1367; x_wconf 83' lang='lat' dir='ltr'>nostri</span> <span class='ocrx_word' id='word_1_132' title='bbox 1226 1326 1281 1368; x_wconf 90' lang='lat' dir='ltr'>ab</span> <span class='ocrx_word' id='word_1_133' title='bbox 1305 1339 1396 1366; x_wconf 93' lang='lat' dir='ltr'>vno</span> <span class='ocrx_word' id='word_1_134' title='bbox 1427 1323 1620 1379; x_wconf 84' lang='lat' dir='ltr'>collegio</span> <span class='ocrx_word' id='word_1_135' title='bbox 1651 1324 1707 1366; x_wconf 88' lang='lat' dir='ltr'>ad</span> 
     </span>
    </p>
   </div>
   <div class='ocr_carea' id='block_1_4' title="bbox 16 1400 1708 1456">
    <p class='ocr_par' dir='ltr' id='par_1_6' title="bbox 16 1400 1708 1456">
     <span class='ocr_line' id='line_1_16' title="bbox 16 1400 1708 1456; baseline 0 -13"><span class='ocrx_word' id='word_1_136' title='bbox 16 1431 19 1434; x_wconf 52' lang='lat'><strong>&lt;</strong></span> <span class='ocrx_word' id='word_1_137' title='bbox 82 1402 204 1444; x_wconf 91' lang='lat' dir='ltr'>aliud</span> <span class='ocrx_word' id='word_1_138' title='bbox 231 1401 432 1455; x_wconf 90' lang='lat' dir='ltr'>veniant,</span> <span class='ocrx_word' id='word_1_139' title='bbox 457 1401 746 1445; x_wconf 80' lang='lat' dir='ltr'>recreationis</span> <span class='ocrx_word' id='word_1_140' title='bbox 775 1416 926 1453; x_wconf 83' lang='lat' dir='ltr'>causa,</span> <span class='ocrx_word' id='word_1_141' title='bbox 952 1402 1072 1456; x_wconf 88' lang='lat' dir='ltr'>quod</span> <span class='ocrx_word' id='word_1_142' title='bbox 1101 1401 1259 1443; x_wconf 83' lang='lat' dir='ltr'>nullibi</span> <span class='ocrx_word' id='word_1_143' title='bbox 1282 1402 1333 1443; x_wconf 87' lang='lat' dir='ltr'>fit</span> <span class='ocrx_word' id='word_1_144' title='bbox 1355 1401 1400 1442; x_wconf 93' lang='lat' dir='ltr'>in</span> <span class='ocrx_word' id='word_1_145' title='bbox 1430 1407 1522 1443; x_wconf 90' lang='lat' dir='ltr'>tota</span> <span class='ocrx_word' id='word_1_146' title='bbox 1551 1400 1708 1444; x_wconf 90' lang='lat' dir='ltr'>Socie-</span> 
     </span>
    </p>
   </div>
   <div class='ocr_carea' id='block_1_5' title="bbox 22 1477 1756 2379">
    <p class='ocr_par' dir='ltr' id='par_1_7' title="bbox 22 1477 1710 1686">
     <span class='ocr_line' id='line_1_17' title="bbox 85 1477 1709 1533; baseline -0.002 -12"><span class='ocrx_word' id='word_1_147' title='bbox 85 1485 194 1532; x_wconf 90' lang='lat' dir='ltr'>tate,</span> <span class='ocrx_word' id='word_1_148' title='bbox 215 1492 363 1533; x_wconf 90' lang='lat' dir='ltr'>neque</span> <span class='ocrx_word' id='word_1_149' title='bbox 385 1478 606 1521; x_wconf 88' lang='lat' dir='ltr'>successit</span> <span class='ocrx_word' id='word_1_150' title='bbox 633 1478 680 1520; x_wconf 93' lang='lat' dir='ltr'>in</span> <span class='ocrx_word' id='word_1_151' title='bbox 709 1480 793 1521; x_wconf 87' lang='lat' dir='ltr'>hac</span> <span class='ocrx_word' id='word_1_152' title='bbox 821 1478 1069 1533; x_wconf 89' lang='lat' dir='ltr'>prouincia.</span> <span class='ocrx_word' id='word_1_153' title='bbox 1102 1480 1326 1522; x_wconf 84' lang='lat' dir='ltr'>Poterunt</span> <span class='ocrx_word' id='word_1_154' title='bbox 1357 1477 1536 1521; x_wconf 89' lang='lat' dir='ltr'>interim</span> <span class='ocrx_word' id='word_1_155' title='bbox 1576 1492 1709 1520; x_wconf 87' lang='lat' dir='ltr'>usur-</span> 
     </span>
     <span class='ocr_line' id='line_1_18' title="bbox 81 1554 1710 1610; baseline -0.001 -12"><span class='ocrx_word' id='word_1_156' title='bbox 81 1555 178 1610; x_wconf 91' lang='lat' dir='ltr'>pari</span> <span class='ocrx_word' id='word_1_157' title='bbox 201 1555 312 1598; x_wconf 88' lang='lat' dir='ltr'>aliae</span> <span class='ocrx_word' id='word_1_158' title='bbox 335 1555 532 1599; x_wconf 91' lang='lat' dir='ltr'>rationes</span> <span class='ocrx_word' id='word_1_159' title='bbox 556 1555 864 1599; x_wconf 89' lang='lat' dir='ltr'>recreationis.</span> <span class='ocrx_word' id='word_1_160' title='bbox 891 1557 961 1598; x_wconf 91' lang='lat' dir='ltr'>De</span> <span class='ocrx_word' id='word_1_161' title='bbox 984 1554 1323 1597; x_wconf 86' lang='lat' dir='ltr'>valetudinariis</span> <span class='ocrx_word' id='word_1_162' title='bbox 1340 1562 1581 1597; x_wconf 89' lang='lat' dir='ltr'>seruentur</span> <span class='ocrx_word' id='word_1_163' title='bbox 1600 1568 1710 1596; x_wconf 91' lang='lat' dir='ltr'>con-</span> 
     </span>
     <span class='ocr_line' id='line_1_19' title="bbox 22 1630 1706 1686; baseline -0.002 -9"><span class='ocrx_word' id='word_1_164' title='bbox 22 1674 25 1677; x_wconf 92' lang='lat'>.</span> <span class='ocrx_word' id='word_1_165' title='bbox 83 1632 356 1684; x_wconf 86' lang='lat' dir='ltr'>stitutiones,</span> <span class='ocrx_word' id='word_1_166' title='bbox 370 1632 416 1674; x_wconf 92' lang='lat' dir='ltr'>hi</span> <span class='ocrx_word' id='word_1_167' title='bbox 433 1632 552 1676; x_wconf 90' lang='lat' dir='ltr'>enirn</span> <span class='ocrx_word' id='word_1_168' title='bbox 567 1647 623 1675; x_wconf 83' lang='lat' dir='ltr'>ex</span> <span class='ocrx_word' id='word_1_169' title='bbox 641 1631 830 1675; x_wconf 90' lang='lat' dir='ltr'>consilio</span> <span class='ocrx_word' id='word_1_170' title='bbox 849 1631 1010 1675; x_wconf 88' lang='lat' dir='ltr'>medici</span> <span class='ocrx_word' id='word_1_171' title='bbox 1026 1631 1266 1686; x_wconf 87' lang='lat' dir='ltr'>aliquando</span> <span class='ocrx_word' id='word_1_172' title='bbox 1283 1630 1446 1674; x_wconf 87' lang='lat' dir='ltr'>mutari</span> <span class='ocrx_word' id='word_1_173' title='bbox 1462 1638 1651 1686; x_wconf 91' lang='lat' dir='ltr'>possunt</span> <span class='ocrx_word' id='word_1_174' title='bbox 1670 1630 1706 1673; x_wconf 67' lang='lat' dir='ltr'>a.</span> 
     </span>
    </p>

    <p class='ocr_par' dir='ltr' id='par_1_8' title="bbox 81 1703 1756 2002">
     <span class='ocr_line' id='line_1_20' title="bbox 172 1703 1712 1764; baseline -0.001 -13"><span class='ocrx_word' id='word_1_175' title='bbox 172 1711 242 1751; x_wconf 93' lang='lat' dir='ltr'>De</span> <span class='ocrx_word' id='word_1_176' title='bbox 266 1703 455 1753; x_wconf 81' lang='lat' dir='ltr'>numero</span> <span class='ocrx_word' id='word_1_177' title='bbox 477 1711 684 1761; x_wconf 88' lang='lat' dir='ltr'>fratrum,</span> <span class='ocrx_word' id='word_1_178' title='bbox 712 1709 789 1764; x_wconf 91' lang='lat' dir='ltr'>qui</span> <span class='ocrx_word' id='word_1_179' title='bbox 813 1709 870 1752; x_wconf 90' lang='lat' dir='ltr'>ali</span> <span class='ocrx_word' id='word_1_180' title='bbox 900 1716 1093 1764; x_wconf 89' lang='lat' dir='ltr'>possunt</span> <span class='ocrx_word' id='word_1_181' title='bbox 1122 1708 1168 1750; x_wconf 91' lang='lat' dir='ltr'>in</span> <span class='ocrx_word' id='word_1_182' title='bbox 1196 1708 1417 1764; x_wconf 83' lang='lat' dir='ltr'>collegiis,</span> <span class='ocrx_word' id='word_1_183' title='bbox 1444 1708 1614 1751; x_wconf 89' lang='lat' dir='ltr'>dictum</span> <span class='ocrx_word' id='word_1_184' title='bbox 1643 1715 1712 1750; x_wconf 87' lang='lat' dir='ltr'>est</span> 
     </span>
     <span class='ocr_line' id='line_1_21' title="bbox 81 1784 1756 1841; baseline -0.001 -14"><span class='ocrx_word' id='word_1_185' title='bbox 81 1785 128 1827; x_wconf 91' lang='lat' dir='ltr'>in</span> <span class='ocrx_word' id='word_1_186' title='bbox 145 1785 241 1828; x_wconf 83' lang='lat' dir='ltr'>aliis</span> <span class='ocrx_word' id='word_1_187' title='bbox 259 1785 652 1839; x_wconf 84' lang='lat' dir='ltr'>instructionibus;</span> <span class='ocrx_word' id='word_1_188' title='bbox 674 1786 793 1841; x_wconf 91' lang='lat' dir='ltr'>quod</span> <span class='ocrx_word' id='word_1_189' title='bbox 813 1793 964 1828; x_wconf 91' lang='lat' dir='ltr'>tamen</span> <span class='ocrx_word' id='word_1_190' title='bbox 982 1785 1044 1828; x_wconf 88' lang='lat' dir='ltr'>ita</span> <span class='ocrx_word' id='word_1_191' title='bbox 1061 1792 1130 1828; x_wconf 86' lang='lat' dir='ltr'>est</span> <span class='ocrx_word' id='word_1_192' title='bbox 1152 1784 1517 1841; x_wconf 85' lang='lat' dir='ltr'>intelligendum,</span> <span class='ocrx_word' id='word_1_193' title='bbox 1537 1792 1587 1826; x_wconf 89' lang='lat' dir='ltr'>ut</span> <span class='ocrx_word' id='word_1_194' title='bbox 1603 1799 1708 1840; x_wconf 92' lang='lat' dir='ltr'>pro—</span> <span class='ocrx_word' id='word_1_195' title='bbox 1752 1803 1756 1807; x_wconf 95' lang='lat'>·</span> 
     </span>
     <span class='ocr_line' id='line_1_22' title="bbox 81 1861 1707 1919; baseline -0.001 -15"><span class='ocrx_word' id='word_1_196' title='bbox 81 1862 286 1905; x_wconf 91' lang='lat' dir='ltr'>uincialis</span> <span class='ocrx_word' id='word_1_197' title='bbox 324 1864 547 1915; x_wconf 88' lang='lat' dir='ltr'>aduertat,</span> <span class='ocrx_word' id='word_1_198' title='bbox 574 1878 632 1905; x_wconf 89' lang='lat' dir='ltr'>an</span> <span class='ocrx_word' id='word_1_199' title='bbox 661 1864 813 1919; x_wconf 88' lang='lat' dir='ltr'>plures</span> <span class='ocrx_word' id='word_1_200' title='bbox 841 1862 899 1905; x_wconf 92' lang='lat' dir='ltr'>ali</span> <span class='ocrx_word' id='word_1_201' title='bbox 937 1862 1127 1918; x_wconf 89' lang='lat' dir='ltr'>possint,</span> <span class='ocrx_word' id='word_1_202' title='bbox 1154 1869 1198 1905; x_wconf 91' lang='lat' dir='ltr'>et</span> <span class='ocrx_word' id='word_1_203' title='bbox 1229 1862 1274 1904; x_wconf 92' lang='lat' dir='ltr'>id</span> <span class='ocrx_word' id='word_1_204' title='bbox 1302 1861 1549 1904; x_wconf 89' lang='lat' dir='ltr'>constituat</span> <span class='ocrx_word' id='word_1_205' title='bbox 1572 1861 1707 1905; x_wconf 90' lang='lat' dir='ltr'>etiam</span> 
     </span>
     <span class='ocr_line' id='line_1_23' title="bbox 83 1939 1019 2002; baseline 0 -21"><span class='ocrx_word' id='word_1_206' title='bbox 83 1953 185 1982; x_wconf 91' lang='lat' dir='ltr'>meo</span> <span class='ocrx_word' id='word_1_207' title='bbox 210 1939 407 1982; x_wconf 88' lang='lat' dir='ltr'>nomine.</span> <span class='ocrx_word' id='word_1_208' title='bbox 617 1997 621 2002; x_wconf 33' lang='grc' dir='ltr'>Ι</span> <span class='ocrx_word' id='word_1_209' title='bbox 1017 1941 1019 1943; x_wconf 71' lang='grc'>’</span> 
     </span>
    </p>

    <p class='ocr_par' dir='ltr' id='par_1_9' title="bbox 83 2015 1711 2379">
     <span class='ocr_line' id='line_1_24' title="bbox 172 2015 1707 2070; baseline -0.001 -11"><span class='ocrx_word' id='word_1_210' title='bbox 172 2017 274 2059; x_wconf 91' lang='lat' dir='ltr'>Non</span> <span class='ocrx_word' id='word_1_211' title='bbox 288 2015 475 2059; x_wconf 91' lang='lat' dir='ltr'>-videtur</span> <span class='ocrx_word' id='word_1_212' title='bbox 497 2015 820 2069; x_wconf 84' lang='lat' dir='ltr'>necessarium,</span> <span class='ocrx_word' id='word_1_213' title='bbox 846 2023 896 2058; x_wconf 93' lang='lat' dir='ltr'>ut</span> <span class='ocrx_word' id='word_1_214' title='bbox 929 2015 1085 2058; x_wconf 91' lang='lat' dir='ltr'>literae</span> <span class='ocrx_word' id='word_1_215' title='bbox 1114 2029 1291 2058; x_wconf 89' lang='lat' dir='ltr'>annuae</span> <span class='ocrx_word' id='word_1_216' title='bbox 1319 2015 1576 2058; x_wconf 86' lang='lat' dir='ltr'>scribantur</span> <span class='ocrx_word' id='word_1_217' title='bbox 1603 2028 1707 2070; x_wconf 82' lang='lat' dir='ltr'>ger—</span> 
     </span>
     <span class='ocr_line' id='line_1_25' title="bbox 83 2091 1709 2148; baseline 0 -14"><span class='ocrx_word' id='word_1_218' title='bbox 83 2091 274 2144; x_wconf 88' lang='lat' dir='ltr'>manice,</span> <span class='ocrx_word' id='word_1_219' title='bbox 300 2092 386 2135; x_wconf 90' lang='lat' dir='ltr'>nisi</span> <span class='ocrx_word' id='word_1_220' title='bbox 410 2094 545 2136; x_wconf 87' lang='lat' dir='ltr'>Pater</span> <span class='ocrx_word' id='word_1_221' title='bbox 567 2092 794 2148; x_wconf 85' lang='lat' dir='ltr'>generalis</span> <span class='ocrx_word' id='word_1_222' title='bbox 816 2094 872 2135; x_wconf 92' lang='lat' dir='ltr'>de</span> <span class='ocrx_word' id='word_1_223' title='bbox 895 2093 983 2134; x_wconf 90' lang='lat' dir='ltr'>hoc</span> <span class='ocrx_word' id='word_1_224' title='bbox 1016 2102 1196 2135; x_wconf 85' lang='lat' dir='ltr'>moneat</span> <span class='ocrx_word' id='word_1_225' title='bbox 1223 2091 1268 2133; x_wconf 90' lang='lat' dir='ltr'>in</span> <span class='ocrx_word' id='word_1_226' title='bbox 1298 2106 1379 2134; x_wconf 92' lang='lat' dir='ltr'>sua</span> <span class='ocrx_word' id='word_1_227' title='bbox 1410 2091 1709 2134; x_wconf 88' lang='lat' dir='ltr'>instructione</span> 
     </span>
     <span class='ocr_line' id='line_1_26' title="bbox 84 2167 1711 2222; baseline 0.001 -12"><span class='ocrx_word' id='word_1_228' title='bbox 84 2168 204 2211; x_wconf 89' lang='lat' dir='ltr'>circa</span> <span class='ocrx_word' id='word_1_229' title='bbox 221 2170 402 2212; x_wconf 92' lang='lat' dir='ltr'>modum</span> <span class='ocrx_word' id='word_1_230' title='bbox 425 2169 668 2222; x_wconf 81' lang='lat' dir='ltr'>scribendi3</span> <span class='ocrx_word' id='word_1_231' title='bbox 694 2176 738 2212; x_wconf 93' lang='lat' dir='ltr'>et</span> <span class='ocrx_word' id='word_1_232' title='bbox 762 2176 914 2213; x_wconf 92' lang='lat' dir='ltr'>tamen</span> <span class='ocrx_word' id='word_1_233' title='bbox 932 2168 1115 2212; x_wconf 88' lang='lat' dir='ltr'>omnino</span> <span class='ocrx_word' id='word_1_234' title='bbox 1133 2175 1333 2219; x_wconf 89' lang='lat' dir='ltr'>curetur,</span> <span class='ocrx_word' id='word_1_235' title='bbox 1363 2175 1410 2210; x_wconf 89' lang='lat' dir='ltr'>ut</span> <span class='ocrx_word' id='word_1_236' title='bbox 1432 2167 1502 2221; x_wconf 87' lang='lat' dir='ltr'>iis,</span> <span class='ocrx_word' id='word_1_237' title='bbox 1528 2168 1604 2222; x_wconf 86' lang='lat' dir='ltr'>qui</span> <span class='ocrx_word' id='word_1_238' title='bbox 1628 2182 1711 2211; x_wconf 88' lang='lat' dir='ltr'>ne-</span> 
     </span>
     <span class='ocr_line' id='line_1_27' title="bbox 83 2243 1710 2302; baseline 0 -15"><span class='ocrx_word' id='word_1_239' title='bbox 83 2244 232 2287; x_wconf 88' lang='lat' dir='ltr'>sciunt</span> <span class='ocrx_word' id='word_1_240' title='bbox 260 2246 414 2298; x_wconf 85' lang='lat' dir='ltr'>latine,</span> <span class='ocrx_word' id='word_1_241' title='bbox 446 2246 735 2302; x_wconf 84' lang='lat' dir='ltr'>exponantur</span> <span class='ocrx_word' id='word_1_242' title='bbox 762 2246 918 2289; x_wconf 77' lang='lat' dir='ltr'>literae</span> <span class='ocrx_word' id='word_1_243' title='bbox 956 2260 1151 2297; x_wconf 88' lang='lat' dir='ltr'>annuae,</span> <span class='ocrx_word' id='word_1_244' title='bbox 1178 2245 1252 2289; x_wconf 90' lang='lat' dir='ltr'>uel</span> <span class='ocrx_word' id='word_1_245' title='bbox 1280 2245 1409 2295; x_wconf 85' lang='lat' dir='ltr'>aliae,</span> <span class='ocrx_word' id='word_1_246' title='bbox 1442 2243 1478 2286; x_wconf 92' lang='lat' dir='ltr'>si</span> <span class='ocrx_word' id='word_1_247' title='bbox 1509 2259 1624 2299; x_wconf 89' lang='lat' dir='ltr'>quae</span> <span class='ocrx_word' id='word_1_248' title='bbox 1653 2246 1710 2287; x_wconf 92' lang='lat' dir='ltr'>ad</span> 
     </span>
     <span class='ocr_line' id='line_1_28' title="bbox 84 2321 791 2379; baseline -0.001 -14"><span class='ocrx_word' id='word_1_249' title='bbox 84 2321 443 2366; x_wconf 80' lang='lat' dir='ltr'>aedificationem</span> <span class='ocrx_word' id='word_1_250' title='bbox 466 2323 736 2379; x_wconf 87' lang='lat' dir='ltr'>spectabunt</span> <span class='ocrx_word' id='word_1_251' title='bbox 757 2322 791 2364; x_wconf 77' lang='lat' dir='ltr'>b.</span> 
     </span>
    </p>
   </div>
   <div class='ocr_carea' id='block_1_6' title="bbox 83 2393 204 2397">
    <p class='ocr_par' dir='ltr' id='par_1_10' title="bbox 83 2393 204 2397">
     <span class='ocr_line' id='line_1_29' title="bbox 83 2393 204 2397; baseline 0 0"><span class='ocrx_word' id='word_1_252' title='bbox 83 2393 204 2397; x_wconf 95' lang='lat' dir='ltr'> </span> 
     </span>
    </p>
   </div>
   <div class='ocr_carea' id='block_1_7' title="bbox 208 2392 365 2398">
    <p class='ocr_par' dir='ltr' id='par_1_11' title="bbox 208 2392 365 2398">
     <span class='ocr_line' id='line_1_30' title="bbox 208 2392 365 2398; baseline 0 0"><span class='ocrx_word' id='word_1_253' title='bbox 208 2392 365 2398; x_wconf 95' lang='lat' dir='ltr'> </span> 
     </span>
    </p>
   </div>
   <div class='ocr_carea' id='block_1_8' title="bbox 81 2415 1711 2757">
    <p class='ocr_par' dir='ltr' id='par_1_12' title="bbox 81 2415 1711 2757">
     <span class='ocr_line' id='line_1_31' title="bbox 153 2415 1711 2462; baseline -0.001 -12"><span class='ocrx_word' id='word_1_254' title='bbox 153 2426 170 2443; x_wconf 83' lang='lat' dir='ltr'>a</span> <span class='ocrx_word' id='word_1_255' title='bbox 219 2417 261 2451; x_wconf 90' lang='lat' dir='ltr'>In</span> <span class='ocrx_word' id='word_1_256' title='bbox 280 2416 454 2462; x_wconf 87' lang='lat' dir='ltr'>margine</span> <span class='ocrx_word' id='word_1_257' title='bbox 473 2417 632 2452; x_wconf 87' lang='lat' dir='ltr'>Polanci</span> <span class='ocrx_word' id='word_1_258' title='bbox 649 2427 785 2452; x_wconf 88' lang='lat' dir='ltr'>manu:</span> <span class='ocrx_word' id='word_1_259' title='bbox 805 2418 1060 2452; x_wconf 77' lang='lat' dir='ltr'>Aduertdtur</span> <span class='ocrx_word' id='word_1_260' title='bbox 1073 2416 1300 2462; x_wconf 75' lang='lat' dir='ltr'>plurimum</span> <span class='ocrx_word' id='word_1_261' title='bbox 1319 2416 1384 2451; x_wconf 80' lang='lat' dir='ltr'>cui</span> <span class='ocrx_word' id='word_1_262' title='bbox 1400 2416 1518 2450; x_wconf 81' lang='lat' dir='ltr'>detur</span> <span class='ocrx_word' id='word_1_263' title='bbox 1528 2415 1711 2462; x_wconf 83' lang='lat' dir='ltr'>facultas</span> 
     </span>
     <span class='ocr_line' id='line_1_32' title="bbox 81 2474 1710 2523; baseline -0.001 -14"><span class='ocrx_word' id='word_1_264' title='bbox 81 2475 206 2509; x_wconf 78' lang='lat' dir='ltr'>eundi</span> <span class='ocrx_word' id='word_1_265' title='bbox 223 2476 277 2510; x_wconf 83' lang='lat' dir='ltr'>ad</span> <span class='ocrx_word' id='word_1_266' title='bbox 296 2475 384 2510; x_wconf 81' lang='lat' dir='ltr'>alia</span> <span class='ocrx_word' id='word_1_267' title='bbox 401 2476 572 2523; x_wconf 79' lang='lat' dir='ltr'>collegia</span> <span class='ocrx_word' id='word_1_268' title='bbox 595 2476 858 2511; x_wconf 67' lang='lat' dir='ltr'>recreationis</span> <span class='ocrx_word' id='word_1_269' title='bbox 877 2476 1036 2523; x_wconf 74' lang='lat' dir='ltr'>gratia:</span> <span class='ocrx_word' id='word_1_270' title='bbox 1060 2487 1140 2510; x_wconf 80' lang='lat' dir='ltr'>non</span> <span class='ocrx_word' id='word_1_271' title='bbox 1164 2474 1272 2510; x_wconf 80' lang='lat' dir='ltr'>enim</span> <span class='ocrx_word' id='word_1_272' title='bbox 1291 2475 1445 2521; x_wconf 81' lang='lat' dir='ltr'>passim</span> <span class='ocrx_word' id='word_1_273' title='bbox 1469 2474 1565 2509; x_wconf 83' lang='lat' dir='ltr'>dari</span> <span class='ocrx_word' id='word_1_274' title='bbox 1588 2474 1710 2520; x_wconf 82' lang='lat' dir='ltr'>debet,</span> 
     </span>
     <span class='ocr_line' id='line_1_33' title="bbox 81 2532 1710 2580; baseline 0 -13"><span class='ocrx_word' id='word_1_275' title='bbox 81 2534 265 2578; x_wconf 82' lang='lat' dir='ltr'>quamvis</span> <span class='ocrx_word' id='word_1_276' title='bbox 282 2534 326 2568; x_wconf 89' lang='lat' dir='ltr'>in</span> <span class='ocrx_word' id='word_1_277' title='bbox 344 2533 482 2579; x_wconf 77' lang='lat' dir='ltr'>aliquo</span> <span class='ocrx_word' id='word_1_278' title='bbox 494 2535 746 2580; x_wconf 79' lang='lat' dir='ltr'>particulari</span> <span class='ocrx_word' id='word_1_279' title='bbox 759 2537 796 2570; x_wconf 82' lang='lat' dir='ltr'>et</span> <span class='ocrx_word' id='word_1_280' title='bbox 813 2547 903 2570; x_wconf 83' lang='lat' dir='ltr'>cum</span> <span class='ocrx_word' id='word_1_281' title='bbox 918 2535 1070 2570; x_wconf 81' lang='lat' dir='ltr'>delectu</span> <span class='ocrx_word' id='word_1_282' title='bbox 1083 2536 1212 2580; x_wconf 78' lang='lat' dir='ltr'>potest</span> <span class='ocrx_word' id='word_1_283' title='bbox 1224 2533 1498 2580; x_wconf 77' lang='lat' dir='ltr'>prouincialis</span> <span class='ocrx_word' id='word_1_284' title='bbox 1516 2534 1570 2567; x_wconf 83' lang='lat' dir='ltr'>ad</span> <span class='ocrx_word' id='word_1_285' title='bbox 1589 2533 1631 2567; x_wconf 84' lang='lat' dir='ltr'>id</span> <span class='ocrx_word' id='word_1_286' title='bbox 1641 2532 1710 2578; x_wconf 82' lang='lat' dir='ltr'>fa—</span> 
     </span>
     <span class='ocr_line' id='line_1_34' title="bbox 82 2592 1710 2639; baseline -0.001 -12"><span class='ocrx_word' id='word_1_287' title='bbox 82 2592 269 2627; x_wconf 82' lang='lat' dir='ltr'>cultatem</span> <span class='ocrx_word' id='word_1_288' title='bbox 288 2593 400 2628; x_wconf 81' lang='lat' dir='ltr'>dare.</span> <span class='ocrx_word' id='word_1_289' title='bbox 452 2595 518 2620; x_wconf 87' lang='lat' dir='ltr'>—b</span> <span class='ocrx_word' id='word_1_290' title='bbox 544 2594 653 2629; x_wconf 91' lang='lat' dir='ltr'>Haec</span> <span class='ocrx_word' id='word_1_291' title='bbox 677 2593 716 2629; x_wconf 91' lang='lat' dir='ltr'>in</span> <span class='ocrx_word' id='word_1_292' title='bbox 741 2593 915 2639; x_wconf 88' lang='lat' dir='ltr'>margine</span> <span class='ocrx_word' id='word_1_293' title='bbox 939 2593 1090 2629; x_wconf 88' lang='lat' dir='ltr'>notavit</span> <span class='ocrx_word' id='word_1_294' title='bbox 1109 2593 1312 2628; x_wconf 87' lang='lat' dir='ltr'>Polancus:</span> <span class='ocrx_word' id='word_1_295' title='bbox 1333 2593 1504 2627; x_wconf 84' lang='lat' dir='ltr'>Romam</span> <span class='ocrx_word' id='word_1_296' title='bbox 1524 2603 1601 2626; x_wconf 85' lang='lat' dir='ltr'>non</span> <span class='ocrx_word' id='word_1_297' title='bbox 1621 2592 1710 2625; x_wconf 83' lang='lat' dir='ltr'>mit-</span> 
     </span>
     <span class='ocr_line' id='line_1_35' title="bbox 82 2650 1710 2699; baseline -0.001 -15"><span class='ocrx_word' id='word_1_298' title='bbox 82 2653 237 2694; x_wconf 78' lang='lat' dir='ltr'>tentur;</span> <span class='ocrx_word' id='word_1_299' title='bbox 253 2652 320 2686; x_wconf 83' lang='lat' dir='ltr'>sed</span> <span class='ocrx_word' id='word_1_300' title='bbox 339 2653 508 2697; x_wconf 76' lang='lat' dir='ltr'>quodnis</span> <span class='ocrx_word' id='word_1_301' title='bbox 525 2653 737 2699; x_wconf 76' lang='lat' dir='ltr'>collegium</span> <span class='ocrx_word' id='word_1_302' title='bbox 755 2664 848 2688; x_wconf 84' lang='lat' dir='ltr'>suas</span> <span class='ocrx_word' id='word_1_303' title='bbox 857 2652 993 2699; x_wconf 79' lang='lat' dir='ltr'>faciat</span> <span class='ocrx_word' id='word_1_304' title='bbox 1007 2652 1267 2699; x_wconf 78' lang='lat' dir='ltr'>germanicas</span> <span class='ocrx_word' id='word_1_305' title='bbox 1281 2654 1357 2697; x_wconf 72' lang='lat' dir='ltr'>pro</span> <span class='ocrx_word' id='word_1_306' title='bbox 1380 2663 1452 2685; x_wconf 80' lang='lat' dir='ltr'>sua</span> <span class='ocrx_word' id='word_1_307' title='bbox 1476 2653 1512 2685; x_wconf 81' lang='lat' dir='ltr'>et</span> <span class='ocrx_word' id='word_1_308' title='bbox 1535 2650 1710 2685; x_wconf 83' lang='lat' dir='ltr'>eiusdem</span> 
     </span>
     <span class='ocr_line' id='line_1_36' title="bbox 84 2708 507 2757; baseline 0.007 -14"><span class='ocrx_word' id='word_1_309' title='bbox 84 2708 252 2756; x_wconf 80' lang='lat' dir='ltr'>linguae</span> <span class='ocrx_word' id='word_1_310' title='bbox 265 2711 507 2757; x_wconf 76' lang='lat' dir='ltr'>prouinciis.</span> 
     </span>
    </p>
   </div>
   <div class='ocr_carea' id='block_1_9' title="bbox 97 2769 356 2774">
    <p class='ocr_par' dir='ltr' id='par_1_13' title="bbox 97 2769 356 2774">
     <span class='ocr_line' id='line_1_37' title="bbox 97 2769 356 2774; baseline 0 0"><span class='ocrx_word' id='word_1_311' title='bbox 97 2769 356 2774; x_wconf 95' lang='lat' dir='ltr'> </span> 
     </span>
    </p>
   </div>
   <div class='ocr_carea' id='block_1_10' title="bbox 83 2790 1713 3016">
    <p class='ocr_par' dir='ltr' id='par_1_14' title="bbox 83 2790 1710 2958">
     <span class='ocr_line' id='line_1_38' title="bbox 155 2790 1710 2837; baseline -0.003 -9"><span class='ocrx_word' id='word_1_312' title='bbox 155 2792 163 2812; x_wconf 82' lang='lat'>¹</span> <span class='ocrx_word' id='word_1_313' title='bbox 216 2793 274 2828; x_wconf 91' lang='lat' dir='ltr'>En</span> <span class='ocrx_word' id='word_1_314' title='bbox 295 2794 412 2829; x_wconf 86' lang='lat' dir='ltr'>verba</span> <span class='ocrx_word' id='word_1_315' title='bbox 425 2794 747 2830; x_wconf 88' lang='lat' dir='ltr'>constitutionum</span> <span class='ocrx_word' id='word_1_316' title='bbox 768 2794 807 2829; x_wconf 91' lang='lat' dir='ltr'>in</span> <span class='ocrx_word' id='word_1_317' title='bbox 820 2795 904 2829; x_wconf 91' lang='lat' dir='ltr'>loeo</span> <span class='ocrx_word' id='word_1_318' title='bbox 921 2794 1055 2829; x_wconf 88' lang='lat' dir='ltr'>citato:</span> <span class='ocrx_word' id='word_1_319' title='bbox 1077 2795 1144 2831; x_wconf 88' lang='lat' dir='ltr'>«L.</span> <span class='ocrx_word' id='word_1_320' title='bbox 1163 2800 1176 2833; x_wconf 72' lang='lat'><em>5</em></span> <span class='ocrx_word' id='word_1_321' title='bbox 1196 2792 1525 2836; x_wconf 74' lang='lat' dir='ltr'>Consti‘tutiones,</span> <span class='ocrx_word' id='word_1_322' title='bbox 1544 2801 1642 2837; x_wconf 89' lang='lat' dir='ltr'>quae</span> <span class='ocrx_word' id='word_1_323' title='bbox 1663 2790 1710 2824; x_wconf 87' lang='lat' dir='ltr'>ad</span> 
     </span>
     <span class='ocr_line' id='line_1_39' title="bbox 83 2848 1709 2898; baseline -0.002 -13"><span class='ocrx_word' id='word_1_324' title='bbox 83 2850 261 2896; x_wconf 83' lang='lat' dir='ltr'>Collegia</span> <span class='ocrx_word' id='word_1_325' title='bbox 278 2851 491 2898; x_wconf 86' lang='lat' dir='ltr'>pertinent,</span> <span class='ocrx_word' id='word_1_326' title='bbox 510 2863 685 2888; x_wconf 86' lang='lat' dir='ltr'>seorsum</span> <span class='ocrx_word' id='word_1_327' title='bbox 705 2853 844 2896; x_wconf 86' lang='lat' dir='ltr'>teneri,</span> <span class='ocrx_word' id='word_1_328' title='bbox 864 2859 903 2888; x_wconf 91' lang='lat' dir='ltr'>et</span> <span class='ocrx_word' id='word_1_329' title='bbox 922 2852 1079 2898; x_wconf 90' lang='lat' dir='ltr'>publice</span> <span class='ocrx_word' id='word_1_330' title='bbox 1091 2851 1152 2886; x_wconf 89' lang='lat' dir='ltr'>bis</span> <span class='ocrx_word' id='word_1_331' title='bbox 1166 2857 1233 2886; x_wconf 90' lang='lat' dir='ltr'>aut</span> <span class='ocrx_word' id='word_1_332' title='bbox 1249 2856 1307 2886; x_wconf 86' lang='lat' dir='ltr'>ter</span> <span class='ocrx_word' id='word_1_333' title='bbox 1322 2849 1486 2894; x_wconf 83' lang='lat' dir='ltr'>singulis</span> <span class='ocrx_word' id='word_1_334' title='bbox 1501 2848 1612 2883; x_wconf 87' lang='lat' dir='ltr'>annis</span> <span class='ocrx_word' id='word_1_335' title='bbox 1631 2849 1709 2893; x_wconf 85' lang='lat' dir='ltr'>legi</span> 
     </span>
     <span class='ocr_line' id='line_1_40' title="bbox 83 2909 1118 2958; baseline 0.003 -14"><span class='ocrx_word' id='word_1_336' title='bbox 83 2915 290 2955; x_wconf 83' lang='lat' dir='ltr'>possent.»</span> <span class='ocrx_word' id='word_1_337' title='bbox 314 2909 625 2947; x_wconf 84' lang='lat' dir='ltr'>Constitutiones</span> <span class='ocrx_word' id='word_1_338' title='bbox 643 2912 715 2948; x_wconf 82' lang='lat' dir='ltr'>lat.</span> <span class='ocrx_word' id='word_1_339' title='bbox 736 2914 772 2946; x_wconf 85' lang='lat' dir='ltr'>et</span> <span class='ocrx_word' id='word_1_340' title='bbox 785 2910 906 2958; x_wconf 66' lang='lat' dir='ltr'>hisp„</span> <span class='ocrx_word' id='word_1_341' title='bbox 927 2922 1014 2957; x_wconf 84' lang='lat' dir='ltr'>pag.</span> <span class='ocrx_word' id='word_1_342' title='bbox 1039 2914 1118 2954; x_wconf 78' lang='lat'>140.</span> 
     </span>
    </p>

    <p class='ocr_par' dir='ltr' id='par_1_15' title="bbox 154 2965 1713 3016">
     <span class='ocr_line' id='line_1_41' title="bbox 154 2965 1713 3016; baseline -0.001 -14"><span class='ocrx_word' id='word_1_343' title='bbox 154 2971 168 2989; x_wconf 75' lang='lat'><strong>²</strong></span> <span class='ocrx_word' id='word_1_344' title='bbox 219 2968 280 3002; x_wconf 88' lang='lat' dir='ltr'>De</span> <span class='ocrx_word' id='word_1_345' title='bbox 298 2967 478 3004; x_wconf 88' lang='lat' dir='ltr'>Conrado</span> <span class='ocrx_word' id='word_1_346' title='bbox 496 2969 711 3015; x_wconf 80' lang='lat' dir='ltr'>Swagerio,</span> <span class='ocrx_word' id='word_1_347' title='bbox 730 2969 780 3006; x_wconf 88' lang='lat' dir='ltr'>cf.</span> <span class='ocrx_word' id='word_1_348' title='bbox 807 2969 931 3016; x_wconf 78' lang='lat' dir='ltr'>Epist.</span> <span class='ocrx_word' id='word_1_349' title='bbox 958 2970 1006 3003; x_wconf 92' lang='lat' dir='ltr'>P.</span> <span class='ocrx_word' id='word_1_350' title='bbox 1035 2968 1184 3008; x_wconf 67' lang='lat' dir='ltr'>Nudas,</span> <span class='ocrx_word' id='word_1_351' title='bbox 1207 2967 1278 3012; x_wconf 88' lang='grc' dir='ltr'>ΙΙΙ,</span> <span class='ocrx_word' id='word_1_352' title='bbox 1304 2975 1385 3011; x_wconf 82' lang='lat'>299,</span> <span class='ocrx_word' id='word_1_353' title='bbox 1410 2965 1493 3011; x_wconf 83' lang='lat'>320,</span> <span class='ocrx_word' id='word_1_354' title='bbox 1522 2974 1606 3009; x_wconf 83' lang='lat'>774,</span> <span class='ocrx_word' id='word_1_355' title='bbox 1633 2971 1713 3002; x_wconf 40' lang='lat' dir='ltr'>etei</span> 
     </span>
    </p>
   </div>
   <div class='ocr_carea' id='block_1_11' title="bbox 84 3025 1531 3122">
    <p class='ocr_par' dir='ltr' id='par_1_16' title="bbox 84 3025 1531 3122">
     <span class='ocr_line' id='line_1_42' title="bbox 84 3025 1424 3073; baseline -0.002 -12"><span class='ocrx_word' id='word_1_356' title='bbox 84 3025 183 3061; x_wconf 89' lang='lat' dir='ltr'>Vide</span> <span class='ocrx_word' id='word_1_357' title='bbox 201 3025 296 3062; x_wconf 89' lang='lat' dir='ltr'>item</span> <span class='ocrx_word' id='word_1_358' title='bbox 318 3026 474 3062; x_wconf 81' lang='lat' dir='ltr'>Canisii</span> <span class='ocrx_word' id='word_1_359' title='bbox 491 3029 696 3073; x_wconf 51' lang='lat' dir='ltr'>epistulas,</span> <span class='ocrx_word' id='word_1_360' title='bbox 719 3028 830 3063; x_wconf 87' lang='lat' dir='ltr'>annis</span> <span class='ocrx_word' id='word_1_361' title='bbox 849 3028 938 3072; x_wconf 83' lang='lat'>1566</span> <span class='ocrx_word' id='word_1_362' title='bbox 957 3033 996 3062; x_wconf 89' lang='lat' dir='ltr'>et</span> <span class='ocrx_word' id='word_1_363' title='bbox 1019 3027 1106 3071; x_wconf 83' lang='lat'>1567</span> <span class='ocrx_word' id='word_1_364' title='bbox 1121 3026 1245 3071; x_wconf 86' lang='lat' dir='ltr'>datas,</span> <span class='ocrx_word' id='word_1_365' title='bbox 1266 3025 1424 3071; x_wconf 84' lang='lat' dir='ltr'>passim.</span> 
     </span>
     <span class='ocr_line' id='line_1_43' title="bbox 264 3082 1531 3122; baseline 0 -10"><span class='ocrx_word' id='word_1_366' title='bbox 264 3084 378 3114; x_wconf 71' lang='lat' dir='ltr'>Evrsr.</span> <span class='ocrx_word' id='word_1_367' title='bbox 398 3085 435 3114; x_wconf 87' lang='lat' dir='ltr'>P.</span> <span class='ocrx_word' id='word_1_368' title='bbox 458 3086 593 3122; x_wconf 80' lang='lat' dir='ltr'>NADAL,</span> <span class='ocrx_word' id='word_1_369' title='bbox 611 3094 686 3116; x_wconf 68' lang='lat' dir='ltr'>ron.</span> <span class='ocrx_word' id='word_1_370' title='bbox 706 3086 770 3115; x_wconf 92' lang='lat' dir='ltr'>1V.</span> <span class='ocrx_word' id='word_1_371' title='bbox 1493 3082 1531 3109; x_wconf 78' lang='grc'>22</span> 
     </span>
    </p>
   </div>
  </div>
 </body>
</html>
