2028 3426
359 208 429 247 316
834 210 987 246 Parius
1014 211 1262 246 HissRoNYiu
1292 209 1443 246 NADAL
1487 223 1490 226 ⁴

307 313 532 356 habemus
570 311 690 356 enim
713 313 968 367 exemplum
1009 311 1151 354 nostri
1191 311 1340 355 Patris
1378 311 1543 368 Ignatii
1574 312 1617 354 in
1649 313 1846 367 duobus,
1878 315 1958 369 qui
1991 315 2013 369 j?

311 403 434 432 nunc
458 396 564 432 sunt
589 389 633 431 in
658 389 887 433 Societate
913 388 996 431 uiri
1018 387 1238 444 primarii,
1264 396 1309 432 et
1334 396 1526 444 uterque
1548 397 1645 433 erat
1673 391 1850 444 doctor;
1876 392 1957 434 sed

311 466 446 511 simul
469 467 742 509 contrarium
767 467 987 509 habemus
1005 466 1263 522 exemplum
1283 465 1426 522 ipsius
1444 467 1592 510 Patris
1609 467 1774 526 Igna-tii
1792 467 1839 511 in
1857 468 1957 512 aliis

313 544 494 587 duobus
524 544 802 595 doctoribus,
837 543 1003 598 quibus
1031 543 1142 585 illud
1172 544 1297 586 nullo
1321 551 1452 600 pacto
1481 544 1628 587 uoluit
1657 546 1897 588 consulere
1924 548 1952 588 ¹.
2003 538 2015 591 s

404 620 754 664 Duodecimum:
777 627 822 662 at
839 635 948 663 uero
966 619 1044 662 ubi
1063 619 1241 676 aliquis,
1261 621 1339 676 qui
1362 620 1553 664 idoneus
1571 621 1780 665 uideatur
1799 623 1855 666 ad
1873 623 1956 667 So·
1990 636 2006 675 ¹2.

242 730 250 735 .
312 697 544 749 cietatem,
570 697 720 740 animo
759 696 1066 749 constituerit,
1101 704 1147 741 et
1169 705 1352 754 expetat
1389 697 1583 750 admitti,
1625 698 1820 754 primum
1843 713 1957 742 con·
2007 696 2019 708 ³

317 775 481 818 stantia
505 775 603 819 eius
640 783 708 817 est
746 775 1023 830 exploranda
1061 774 1342 830 aliquandiu:
1380 777 1502 831 quod
1539 775 1576 819 si
1600 775 1826 820 iudicetur
1855 791 1956 821 esse
2004 827 2006 831 y

315 861 546 905 constans,
575 860 668 894 tum
707 851 872 907 poterit
896 851 958 893 illi
996 851 1245 908 significari
1282 853 1402 896 nolle
1436 868 1518 896 nos
1548 852 1673 895 illum
1697 853 1953 909 admittere,

317 929 402 971 nisi
428 930 594 973 habeat
623 936 860 984 parentum
899 943 1102 983 suorum,
1142 930 1215 973 vel
1242 944 1416 983 eorum,
1449 930 1526 985 qui
1557 930 1827 986 legittimam
1857 930 1958 974 eius
2005 964 2009 974 ,

318 1006 490 1048 habent
509 1019 679 1058 curam,
705 1019 994 1058 consensum,
1021 1012 1066 1049 et
1088 1005 1283 1062 idipsum
1306 1007 1473 1051 debere
1494 1021 1660 1064 vrgere
1683 1022 1762 1063 per
1784 1007 1954 1060 literas,

316 1083 353 1124 si
381 1090 640 1138 praesentes
664 1097 753 1125 non
777 1084 960 1136 adsunt;
986 1090 1031 1126 et
1053 1083 1089 1126 si
1113 1084 1184 1127 vel
1217 1084 1520 1134 consentiant,
1556 1085 1624 1128 vel
1657 1074 1841 1128 omnino
1864 1099 1956 1127 non

318 1160 593 1204 dissentiant
611 1168 836 1216 parentes,
864 1160 1004 1216 recipi
1026 1168 1251 1216 poterunt.

405 1236 849 1280 Decimumtertium:
872 1237 928 1279 ad
946 1237 1182 1293 superiora
1195 1238 1306 1281 illud
1322 1246 1392 1282 est
1409 1240 1685 1282 addendum:
1703 1244 1954 1295 posse'nos,

1979 202 1991 213 s
2001 207 2010 222 t.

1985 222 2004 255 μ

316 1314 393 1356 vbi
418 1314 578 1369 aliquis
601 1314 867 1367 occurrerit,
899 1328 1034 1369 quem
1063 1315 1368 1359 indicaremus
1398 1317 1454 1359 ad
1477 1316 1752 1361 Societatem
1782 1323 1954 1373 aptum,
1998 1374 1999 1378 Ἰ

315 1399 361 1434 et
384 1391 456 1434 hic
480 1406 592 1447 puer
615 1406 705 1435 non
728 1400 864 1445 esset,
886 1392 942 1450 [ei
965 1393 1116 1437 dicere
1135 1394 1271 1448 quod,
1293 1395 1363 1449 ad]
1385 1393 1646 1449 eligendum
1666 1395 1722 1436 de
1739 1401 1861 1437 statu
1887 1393 1956 1436 vi-

318 1477 389 1512 tae
412 1484 537 1523 suae,
559 1477 679 1513 esset
702 1469 765 1511 illi
791 1469 899 1514 utile
923 1469 996 1527 [ad
1017 1472 1106 1513 hoc
1129 1484 1178 1513 se
1200 1470 1456 1529 disponere]
1480 1486 1560 1527 per
1578 1470 1957 1514 communicatio-

316 1561 418 1590 nem
441 1546 761 1590 exercitiorum
785 1547 1086 1603 spiritualium
1119 1556 1153 1593 ἃ.
1180 1547 1311 1591 Esset
1340 1548 1447 1592 item
1480 1548 1587 1592 utile
1616 1548 1730 1601 aliis,
1757 1563 1874 1604 quos
1897 1551 1953 1592 ad
2007 1576 2013 1606 3

320 1626 443 1666 hunc
467 1638 657 1679 scopum
682 1625 894 1667 uolumus
918 1624 1092 1677 iuuare,
1119 1626 1462 1669 consuleremus
1485 1640 1568 1669 suo
1591 1627 1691 1669 loco
1720 1627 1956 1670 commode
2016 1645 2018 1650 ’

320 1707 370 1742 ut
409 1701 700 1744 instituerent
728 1703 880 1745 facere
918 1701 1251 1746 confessionem
1290 1703 1550 1759 generalem
1591 1703 1793 1746 omnium
1818 1695 1958 1746 totius

315 1778 440 1821 uitae
464 1785 755 1834 peccatorum
778 1779 934 1832 semel;
961 1787 1007 1823 et
1036 1795 1127 1822 non
1156 1779 1387 1823 videretur
1409 1779 1606 1823 alienum
1637 1780 1675 1823 si
1698 1780 1786 1823 illis
1810 1782 1957 1826 trade-
2012 1802 2014 1807 ’

317 1869 467 1898 remus
491 1856 704 1899 exercitia
742 1856 913 1912 primae
944 1858 1274 1910 hebdomadae,
1314 1866 1359 1900 et
1383 1858 1602 1914 pauculas
1640 1858 1957 1902 meditationes

316 1932 440 1976 iuxta
462 1947 529 1985 ea,
552 1948 668 1988 quae
690 1942 908 1977 notantur
930 1934 976 1977 in
999 1934 1167 1978 vltimis
1184 1935 1411 1991 capitibus
1433 1935 1678 1991 primarum
1697 1935 1958 1979 annotatio-
1999 1965 2003 1972 .

316 2024 423 2052 num
448 2011 773 2055 exercitiorum
798 2019 1076 2057 nostrorum.

411 2088 489 2139 Vt,
518 2089 667 2143 quoad
698 2089 796 2132 eius
834 2089 932 2132 fieri
971 2090 1153 2146 poterit,
1186 2090 1389 2147 proxime
1426 2092 1696 2135 accedamus
1725 2092 1780 2134 ad
1811 2091 1958 2147 perfe-

316 2163 515 2209 ctionem
540 2165 875 2209 institutionum
900 2170 1156 2210 nostrarum
1192 2169 1544 2225 obseruandam,
1569 2176 1614 2212 et
1642 2184 1700 2213 ne
1724 2168 1956 2211 videamur

315 2241 543 2296 stipendia
566 2242 716 2298 aliqua
739 2244 810 2287 vel
834 2243 1019 2287 omnino
1040 2244 1211 2301 aliquid
1234 2245 1334 2288 loco
1357 2245 1630 2289 elemosinae
1652 2245 1856 2303 accipere
1874 2260 1954 2302 pro

314 2318 486 2361 nostris
524 2319 782 2363 ministeriis
822 2321 893 2365 vel
933 2321 1262 2375 functionibus,
1294 2321 1506 2378 primum,
1532 2336 1635 2365 cum
1665 2337 1757 2365 non
1788 2322 1845 2366 sit
1868 2337 1954 2365 no—

315 2403 458 2436 strum
483 2396 727 2451 collegium
751 2397 958 2440 dotatum
981 2397 1298 2454 prouentibus,
1326 2413 1568 2454 possumus
1591 2414 1646 2449 ex
1675 2399 1885 2442 instituto
1908 2407 1954 2442 et

315 2472 434 2514 dona
456 2479 500 2515 et
523 2473 791 2516 elemosinas
821 2475 1040 2531 accipere,
1068 2490 1159 2518 non
1189 2476 1245 2518 ab
1274 2475 1374 2519 aliis
1402 2477 1565 2528 solum,
1592 2477 1673 2520 sed
1705 2477 1762 2520 ab
1799 2477 1954 2519 scola-

313 2548 438 2591 sticis
462 2549 585 2604 ipsis,
613 2551 748 2593 modo
774 2551 1036 2607 simpliciter
1066 2552 1111 2594 in
1140 2552 1433 2595 elemosinam
1461 2553 1644 2605 dentur,
1671 2560 1717 2596 et
1747 2552 1952 2596 nomina-

317 2625 394 2667 tim
421 2640 510 2668 non
540 2627 796 2670 referantur
826 2629 881 2670 ad
912 2636 1066 2672 nostra
1105 2629 1337 2673 exercitia.
1379 2631 1517 2685 Quod
1556 2645 1663 2674 vero
1702 2629 1866 2675 attinet
1896 2630 1953 2672 ad

317 2702 419 2755 alia,
446 2717 562 2758 quae
585 2703 813 2759 accipiunt
836 2706 975 2748 nostri
1000 2722 1054 2750 ex
1079 2706 1442 2762 promotionibus
1472 2714 1517 2751 et
1541 2706 1951 2764 argumentationi-

389 2849 405 2865 ει
458 2838 598 2885 Aliqua
616 2833 758 2874 omissa
778 2845 868 2874 sunt
888 2840 926 2875 in
946 2853 1034 2887 ms„
1063 2853 1162 2888 quae
1182 2841 1399 2889 supplenda
1417 2842 1614 2878 duximus.

391 2965 397 2984 ¹
451 2966 562 3000 Unus
582 2977 628 3000 ex
650 2966 708 3001 his
730 2965 800 3001 fuit
820 2967 902 3013 ipse
929 2968 974 3002 P.
1003 2969 1166 3003 Natalis.
1193 2969 1254 3005 Cf.
1283 2969 1367 3015 ejus
1390 2969 1629 3012 Cltronicon,
1654 2970 1782 3016 Epist.
1805 2970 1850 3005 P.
1872 2969 1956 3005 Na-

312 3025 400 3065 dal,
423 3025 453 3069 Ι,
478 3033 532 3068 15.
