2028 3426
545 558 715 612 MON
731 556 1069 610 UMENTA
1125 554 1400 608 GERMA
1410 554 1600 609 NIAE

701 717 752 758 P.
790 715 1140 758 HIERONYMI
1169 714 1440 759 NATALIS

466 803 887 858 msmmcmoxxgsss
915 801 1018 838 PRO
1053 802 1331 839 GERMANIA
1358 802 1668 839 GENERATIM

1029 893 1110 936 29

994 970 1132 1064 Jhiis.

548 1097 872 1152 QUOMODO
896 1095 1214 1140 PRINCIPES
1243 1095 1584 1139 CATHOLICI

642 1199 840 1230 POSSINT
875 1199 1043 1230 IUUARI
1083 1199 1133 1229 IN
1165 1198 1415 1228 GERMANIA
1457 1186 1486 1227 ⁵·

342 1276 558 1327 Primum,
585 1283 633 1317 ut
656 1290 745 1318 non
769 1276 918 1318 solum
942 1266 1572 1331 dubitationes.de'potestate
1593 1289 1736 1331 papae
1763 1275 1877 1320 abii·

250 1353 386 1405 ciant‚
412 1353 491 1396 sed
513 1352 773 1396 auersiones
795 1366 952 1395 omnes
975 1359 992 1376 ³
1013 1358 1058 1394 et
1081 1350 1369 1403 offensiones,
1394 1358 1439 1394 et
1456 1358 1711 1407 praetensa,
1731 1351 1768 1395 si
1787 1366 1877 1407 qua

249 1430 354 1481 sint,
381 1429 661 1485 grauamina.

336 1508 438 1550 Non
463 1507 605 1548 fidant
628 1505 912 1562 amplitudini
934 1520 1042 1549 suae
1065 1513 1109 1548 et
1131 1505 1343 1562 potestati
1366 1519 1419 1549 ac
1436 1505 1647 1558 libertati,
1667 1506 1748 1550 sed
1766 1505 1783 1531 b
1800 1519 1876 1551 ve-

248 1583 366 1626 ritati
405 1598 555 1628 merae
593 1598 642 1627 se
680 1597 779 1628 esse
811 1591 827 1609 ⁰
864 1582 1087 1636 subditos,
1112 1582 1208 1626 sedi
1242 1583 1537 1639 apostolicae,
1573 1597 1624 1627 ac
1663 1598 1874 1628 romanae

246 1660 503 1713 ecclessiae,
530 1675 581 1703 ac
605 1675 782 1703 summo
805 1659 1023 1717 pontifici.
1079 1686 1082 1687 ν

334 1739 402 1781 Ne
427 1746 516 1780 tam
541 1745 702 1794 putent
725 1737 953 1794 principes
974 1752 1023 1781 se
1051 1751 1151 1781 esse
1179 1738 1421 1789 seculares,
1453 1752 1586 1792 quam
1616 1737 1871 1794 episcopos,

245 1816 365 1871 quod
398 1829 565 1857 munus
602 1815 739 1871 longe
777 1822 844 1859 est
882 1814 959 1857 illo
987 1813 1304 1871 praestantius.
1331 1815 1436 1858 Hoc
1467 1815 1635 1859 debent
1665 1828 1868 1867 exerere;

247 1892 309 1934 vti
334 1900 484 1935 tamen
508 1899 731 1948 potestate
758 1892 967 1943 seculari,
994 1898 1043 1934 ut
1075 1891 1260 1934 brachio
1283 1891 1490 1944 seculari,
1517 1905 1672 1935 omnes
1704 1892 1873 1935 debent

246 1968 462 2024 episcopi.

331 2047 400 2089 Ne
423 2046 632 2089 dubitent
654 2047 711 2089 de
733 2045 959 2103 dogmatis
982 2060 1065 2089 nec
1088 2046 1144 2089 de
1166 2045 1384 2088 institutis
1413 2045 1670 2098 ecclessiae,
1703 2060 1795 2088 non
1816 2046 1873 2088 de

243 2130 451 2177 utraque,
478 2137 568 2165 non
591 2124 648 2167 de
670 2123 989 2181 sa[cer]dotum
1006 2122 1025 2148 ‘¹
1042 2122 1281 2175 caelibatu,
1303 2123 1383 2167 sed
1400 2122 1640 2167 ecclessiae
1657 2137 1870 2166 romanae

240 2200 285 2241 in
311 2199 521 2242 omnibus
542 2202 775 2245 haereant.

310 2323 326 2338 a
377 2323 490 2346 omne
510 2324 580 2347 ms.
634 2314 699 2340 -b
725 2325 762 2348 se
783 2324 853 2351 ms.
907 2333 937 2338 -
954 2321 970 2339 c
996 2323 1034 2348 es
1059 2323 1129 2349 ms.
1185 2313 1247 2339 —d
1275 2312 1387 2357 Quae
1404 2310 1559 2353 *uncinis
1586 2312 1718 2346 clausa
1742 2311 1805 2346 hic
1829 2316 1869 2346 et

238 2369 336 2405 infra
355 2372 593 2416 supplemus,
613 2371 882 2406 desiderantur
902 2372 940 2406 in
958 2371 1192 2417 apographo,
1214 2382 1260 2406 eo
1279 2370 1381 2417 quod
1400 2371 1531 2405 charta
1552 2369 1739 2416 temporis
1758 2371 1868 2417 lapsu

235 2437 467 2475 consumpta
487 2430 617 2465 fuerit.

308 2524 316 2543 ¹
370 2525 427 2558 Ex
447 2526 669 2571 apographo
687 2536 845 2570 coaev0‚
867 2537 887 2560 a
907 2526 948 2560 P.
969 2525 1160 2571 jimenez,
1187 2524 1344 2560 librario
1369 2524 1410 2559 P.
1438 2525 1602 2567 Natalis,
1628 2529 1800 2569 exarato,
1827 2524 1865 2560 in

232 2583 365 2618 codice
386 2583 523 2621 Natal.
547 2585 662 2622 instr.
687 2585 840 2626 Germ„
860 2584 1005 2631 duplici
1025 2584 1108 2630 fol„
1127 2583 1173 2628 37
1192 2590 1231 2618 et
1249 2594 1308 2628 44,
1328 2583 1470 2630 quibus
1489 2584 1564 2619 alia
1583 2584 1726 2630 scripta
1745 2583 1864 2619 inser—

234 2649 271 2677 ta
290 2649 398 2678 sunt.
424 2644 507 2679 Fol.
534 2655 576 2688 44
598 2650 720 2680 toturn
746 2657 883 2691 purum
908 2650 1100 2680 remanet.
1134 2643 1391 2689 Quandonam
1417 2644 1512 2678 haec
1541 2643 1686 2678 monita
1713 2643 1863 2679 Natalis

232 2703 445 2747 scripserit,
465 2714 539 2737 non
559 2710 725 2741 constat.
746 2704 868 2739 Valde
883 2703 1075 2750 probabili
1090 2709 1220 2738 tamen
1235 2702 1459 2748 conjectura
1473 2702 1714 2748 suspicamur
1730 2702 1770 2739 P.
1788 2702 1863 2737 Na-

232 2763 348 2796 talem
369 2772 468 2796 anno
490 2763 592 2807 1566),
611 2763 701 2797 dum
721 2763 987 2808 Germaniam,
1008 2768 1049 2798 ut
1069 2762 1261 2805 visitator,
1282 2773 1370 2796 cum
1390 2761 1496 2796 socio
1516 2761 1559 2796 P.
1580 2761 1758 2807 Jimenez
1778 2773 1861 2808 per-

232 2822 432 2865 lustrabat,
453 2828 505 2864 et,
525 2821 572 2856 de
594 2822 696 2856 illius
716 2822 883 2857 nationis
902 2823 1027 2857 salute
1051 2821 1257 2866 sollicitus,
1278 2820 1518 2867 principibus
1542 2820 1788 2866 potissimum
1812 2822 1861 2855 ab

230 2880 424 2914 erroribus
444 2887 672 2915 novatorum
691 2881 988 2928 praeservandis
1007 2887 1045 2916 et
1065 2881 1103 2916 in
1127 2891 1256 2916 amore
1275 2885 1314 2915 et
1340 2879 1565 2914 obedientia
1589 2890 1681 2925 erga
1705 2879 1858 2926 pontifi-

230 2950 313 2973 cem
347 2950 543 2974 romanum
575 2940 853 2975 conservandis
879 2940 994 2976 enixe
1017 2940 1284 2985 incumbebat,
1314 2939 1413 2973 hanc
1444 2937 1743 2973 instructionem
1772 2949 1860 2973 cum

230 2998 314 3032 alliis
336 2999 433 3032 bene
455 2999 586 3033 multis
607 3001 846 3043 lucubrasse,
866 3000 914 3034 de
932 2999 1074 3046 quibus
1093 2998 1277 3046 frequens
1297 2997 1443 3033 mentio
1457 2997 1500 3032 fit
1515 2997 1553 3032 in
1569 2998 1697 3043 Epist.
1715 2998 1763 3033 P.
1780 2997 1861 3033 Na-

229 3057 313 3100 ‹lal‚
335 3058 408 3092 vol.
432 3058 498 3092 ΙΙΙ.
525 3058 586 3092 Cf.
608 3058 832 3093 nominatim
853 3060 1039 3105 epistolas
1057 3057 1127 3103 399
1146 3064 1185 3093 et
1203 3066 1286 3104 457,
1306 3068 1425 3104 pagg.
1454 3056 1520 3101 146
1538 3062 1578 3092 et
1596 3055 1680 3101 343.
