2028 3426
374 243 421 280 74
951 236 1131 272 NonA
1159 245 1349 273 comeum

327 336 424 375 Des.
442 337 507 375 sol.
531 337 634 375 186r:
656 361 658 363 -
735 349 782 374 ac
799 338 1030 375 meminisse
1047 337 1289 386 oportebit.»
1308 338 1413 376 Dein
1430 339 1525 377 ibid.
1543 341 1606 377 hic
1623 341 1762 379 titulus
1779 317 2007 399 habeturrfti

332 409 419 446 ‹Ad
448 409 627 446 officium
655 409 897 446 consultoris
924 410 1126 446 addantur
1152 410 1290 446 haec.»
1314 410 1397 448 Ine.
1430 410 1507 448 «Vt
1533 412 1787 450 consultores
1814 411 1983 463 magna

327 480 585 518 obseruantia
613 485 769 517 secreta
789 483 1023 531 teneant...»
1047 480 1143 518 Des.
1167 497 1227 518 «...
1251 481 1376 518 habet
1401 482 1698 520 admonitorem
1721 484 1958 533 generalis.»
1981 470 2013 535 Ξ

328 551 498 588 Diversa
520 564 641 588 manu
662 552 763 589 haec
785 553 933 600 scripta
955 557 1059 589 sunt.
1083 552 1155 589 Est
1175 556 1308 589 autem
1331 553 1527 601 scriptura
1549 555 1732 592 eiusdem
1752 557 1962 604 temporis.
1987 536 2013 626 Ξ

406 623 491 659 Fol.
520 622 752 671 187v-190r,
773 622 974 660 habentur
993 623 1282 670 responsiones
1303 623 1519 670 quaedam,
1537 636 1558 661 a
1582 624 1621 662 P.
1643 625 1774 662 Natali
1797 625 1964 664 Conim—
2009 647 2012 667 l

325 693 460 730 bricae
480 705 588 729 anno
615 694 708 740 1561
735 693 867 739 datae,
888 693 964 730 sul)
986 694 1063 730 hoe
1085 694 1211 730 titulo:
1237 693 1511 742 «Respuestas
1532 695 1597 732 del
1620 696 1660 733 P.
1684 696 1800 734 Mtro.
1830 697 1962 735 Nadal
1985 671 2013 725 Ξ

1987 735 2002 749 ,

326 776 375 801 en
400 764 629 802 Coimbra.»
648 765 794 802 Manus
816 765 903 810 alia,
921 764 993 801 scd
1015 765 1199 812 ejusdem
1219 767 1424 813 temporis.
1444 766 1605 804 Praeter
1621 767 1766 804 librarii
1784 780 1966 816 manum,
1980 739 2012 829 13?

323 836 447 873 altera
463 836 664 873 interdum
679 842 860 884 apparet,
876 848 981 884 quae
998 836 1201 873 nonnullis
1218 837 1554 885 responsionibus
1571 838 1673 875 inter
1688 839 1798 886 ipsos
1821 851 1963 878 versus
1981 831 2011 900 ΕΞ

322 907 479 944 addidit
493 908 844 957 interrogationes,
860 907 1008 954 quibus
1023 907 1112 944 illac
1128 907 1391 955 respondent.
1408 908 1580 956 Aliquae
1597 921 1651 946 ex
1668 910 1779 947 hisce
1795 922 1963 959 respon·
1980 889 2002 942 -3

324 978 506 1015 sionibus
526 979 779 1027 reperiuntur
800 979 838 1015 in
860 967 1124 1016 instructione
1153 979 1239 1015 «De
1261 980 1435 1026 nouitiis,
1457 981 1503 1017 iis
1525 981 1774 1028 praesertim,
1795 982 1864 1029 qui
1892 971 2011 1033 ha-'J

323 1049 453 1086 bitant
484 1051 523 1087 in
550 1050 730 1099 collegiis
758 1050 821 1086 uel
847 1049 1038 1087 domibus
1066 1050 1377 1098 professorum.»
1416 1050 1508 1088 cod.
1550 1050 1670 1089 Vatic.
1687 1060 1718 1099 3
1745 1057 1784 1089 et
1814 1060 1847 1102 7.
1879 1054 1967 1094 Ine.
1983 1035 2009 1104 Ξ

325 1121 527 1158 «Esteuan
550 1121 665 1158 Leon
688 1122 854 1169 quando
875 1133 928 1158 no
950 1123 1119 1171 haga...»
1138 1121 1183 1158 In
1203 1122 1384 1171 margine
1404 1122 1480 1159 alia
1497 1135 1631 1160 manu:
1654 1141 1667 1154 -ε
1677 1129 1820 1161 cessat.
1832 1142 1843 1156 >r
1865 1124 1994 1162 Des.

410 1198 556 1230 cuenta
578 1193 629 1230 de
651 1206 698 1230 su
720 1194 991 1231 conciencia.»
1980 1184 1985 1245 'J

404 1264 490 1302 Fol.
537 1275 778 1310 190v-192r,
818 1269 880 1301 est
914 1269 1212 1313 transumptum
1251 1265 1423 1314 catalogi
1469 1277 1638 1303 casuum
1658 1271 1958 1304 reservatorum
1982 1263 2009 1302 2'

322 1335 363 1372 P.
386 1336 528 1382 Lainii,
549 1336 685 1385 lingua
706 1336 826 1373 latina
848 1342 1072 1382 exaratum,
1094 1348 1186 1373 eum
1208 1336 1481 1374 declaratione
1508 1338 1548 1374 P.
1576 1337 1729 1375 Natalis
1750 1338 1964 1386 hispanico

322 1418 521 1444 sermone.
544 1407 714 1445 Titulus:
742 1425 755 1439 <z
766 1407 909 1454 Casus,
929 1419 1103 1455 quorum
1125 1408 1327 1445 absolutio
1359 1414 1564 1446 reseruata
1586 1414 1648 1446 est
1669 1410 1864 1457 superiori
1885 1410 1961 1447 do·
1975 1399 1995 1431 *⁴

321 1491 410 1515 mus
431 1479 494 1516 vel
516 1479 687 1529 collegii3
723 1485 762 1516 et
781 1479 832 1516 ab
867 1480 945 1516 alio
980 1480 1054 1516 nisi
1075 1480 1127 1516 de
1161 1481 1248 1517 eius
1282 1492 1479 1528 expressa
1513 1481 1673 1518 licentia
1708 1481 1867 1518 absolui
1889 1493 1961 1519 ne·

321 1544 507 1598 queant.»
535 1552 616 1588 Inc.
649 1551 855 1599 «Quaeuis
883 1556 1052 1599 peccata
1079 1552 1323 1589 mortalia...»
1350 1552 1446 1590 Des.
1474 1569 1531 1590 «...
1555 1564 1627 1589 sua
1646 1558 1816 1600 peccata
1837 1551 1983 1590 mani·'

321 1622 589 1660 nisestaturi.»

399 1694 431 1730 F
436 1694 486 1731 ol.
514 1703 619 1740 191r,
643 1693 909 1731 «Resolution
931 1693 982 1730 de
999 1699 1164 1731 nuestro
1186 1695 1228 1732 P.
1250 1694 1378 1732 Nadal
1401 1706 1518 1732 cerea
1538 1695 1590 1732 de
1611 1695 1672 1732 los
1694 1706 1812 1732 casos
1832 1690 1982 1733 reser-'

324 1765 466 1812 uades,
488 1766 618 1813 hecha
640 1777 690 1802 en
708 1765 855 1812 Euora,
877 1765 899 1802 a
921 1766 972 1802 26
992 1765 1044 1802 de
1065 1765 1291 1803 Setiembre
1318 1767 1454 1813 1561.»
1485 1767 1567 1804 Ine.
1597 1766 1685 1803 «En
1712 1771 1822 1804 estos
1842 1777 1965 1804 casos
1982 1787 1990 1806 ι

322 1837 564 1874 reseruados
580 1848 624 1873 se
641 1837 692 1874 ha
708 1837 760 1873 de
776 1836 1017 1874 aduertir.‘..»
1036 1837 1133 1875 Des.
1151 1837 1217 1875 fol.
1245 1847 1328 1883 192:
1348 1854 1410 1876 «...
1432 1849 1528 1886 para
1543 1849 1623 1885 que
1640 1837 1676 1874 le
1688 1837 1740 1875 de
1756 1843 1844 1875 otro
1861 1824 1959 1875 con·
1982 1848 1989 1861 1

321 1908 466 1946 fesor.»
490 1909 612 1945 Aliud
634 1913 934 1957 transumptum
955 1908 1082 1946 habes
1103 1909 1141 1945 in
1168 1907 1260 1946 Cod.
1300 1909 1419 1947 Vatic.
1447 1917 1480 1959 7,
1509 1921 1629 1959 pagg.
1652 1919 1674 1946 2
1682 1917 1843 1958 54-270,
1864 1921 1957 1950 cum
1971 1933 1993 1951 ι

320 1980 594 2018 declaratione
629 1980 754 2018 Patris
775 1980 942 2027 Natalis,
977 1980 1098 2017 latine
1132 1981 1293 2029 scripta,
1323 1993 1429 2029 quae
1464 1980 1667 2029 Compluti
1695 1981 1789 2018 data
1811 1986 1885 2027 est,
1908 1982 1984 2019 26⁸

320 2051 439 2089 Febr.
468 2052 578 2098 1561.

399 2123 484 2161 Fol.
508 2123 749 2168 192v-198xJ,
768 2122 990 2160 «Extracto
1007 2122 1044 2159 d'
1063 2121 1246 2171 algumas
1267 2127 1472 2170 respostas
1489 2134 1569 2170 que
1585 2135 1610 2159 o
1627 2123 1668 2160 P.
1685 2123 1816 2160 Nadal
1832 2123 1913 2178 deu
1932 2134 1957 2160 a
1978 2124 1989 2166 ,’-

319 2194 501 2243 algumas
517 2200 739 2243 perguntas
755 2205 835 2241 que
852 2205 876 2231 0
892 2194 932 2230 P.
950 2193 1134 2241 Gonealo
1150 2193 1235 2230 Vaz
1249 2193 1315 2230 lhe
1332 2194 1392 2230 fez
1409 2206 1473 2231 em
1494 2194 1670 2240 Lixboa,
1687 2206 1794 2231 anno
1816 2194 1952 2241 1561.»
1972 2219 1990 2245 „³

317 2265 401 2302 Sub
424 2266 502 2302 hoc
517 2266 632 2302 titulo
650 2270 875 2312 sequuntur
893 2271 942 2311 59
958 2253 1212 2314 paragraphi,
1230 2265 1407 2302 numeris
1423 2265 1618 2314 signatae,
1634 2270 1674 2302 et
1689 2265 1740 2302 ab
1753 2266 1830 2302 alio
1847 2277 1954 2303 ama·
1968 2263 1990 2305 'ff

317 2338 460 2373 nuensi
484 2342 686 2374 exaratae.
707 2337 932 2384 Hispanico
967 2347 1154 2374 sermone
1173 2341 1259 2373 tota
1292 2337 1393 2373 haec
1429 2337 1652 2383 instructio,
1679 2342 1839 2386 praeter
1859 2337 1954 2375 titu-

315 2408 410 2454 lum,
432 2409 578 2456 scripta
599 2407 684 2445 fuit.
706 2407 832 2444 Multa
853 2408 916 2444 hic
937 2408 1191 2455 reperiuntur
1211 2419 1265 2445 ex
1292 2408 1635 2455 instructionibus,
1663 2420 1768 2456 quae
1789 2409 1828 2446 in
1855 2407 1949 2447 Cod.

328 2479 448 2517 Vatic.
464 2488 494 2527 3
514 2484 551 2516 et
574 2486 597 2528 7
615 2479 826 2516 habentur.
848 2478 1009 2515 Nullam
1029 2484 1164 2516 autem
1182 2479 1264 2516 vim
1286 2478 1494 2528 obligandi
1515 2480 1756 2516 remansisse
1775 2465 1989 2527 antiquis'ss

315 2551 476 2599 regulis,
497 2551 682 2598 exceptis
703 2550 761 2596 iis,
782 2561 887 2597 quae
908 2551 946 2586 in
969 2562 1074 2587 nova
1095 2550 1273 2587 editione
1295 2555 1643 2596 conservarentur,
1666 2556 1776 2598 patet
1797 2562 1851 2587 ex
1871 2537 1990 2607 Nat—‚fij

316 2623 405 2659 talis
425 2622 711 2667 declaratione,
733 2621 800 2659 fol.
843 2629 954 2667 195v,
976 2633 1013 2659 n.
1049 2631 1112 2670 27,
1144 2621 1289 2670 posita,
1325 2621 1393 2658 ubi
1415 2622 1516 2658 haec
1544 2622 1692 2670 scripta
1714 2628 1818 2659 sunt:
1844 2613 1990 2664 «Lasplt

315 2694 448 2743 reglas
467 2694 683 2741 impressas
716 2705 740 2741 y
762 2693 921 2729 ultimas
955 2704 1034 2739 que
1068 2693 1262 2729 uenicron
1284 2692 1335 2729 de
1357 2692 1500 2738 Roma,
1535 2704 1613 2730 con
1634 2693 1670 2730 la
1697 2665 1990 2768 moderatim}

315 2765 381 2802 del
403 2765 443 2802 P.
465 2764 609 2810 Nadal,
631 2775 674 2801 se
698 2764 925 2813 guardaran
946 2776 970 2812 y
992 2764 1050 2800 las
1071 2768 1180 2800 otras
1201 2763 1367 2800 siruiran
1403 2763 1454 2800 de
1474 2764 1624 2810 auisos,
1646 2765 1706 2801 sin
1728 2754 1987 2826 obligation,},ss

316 2848 392 2874 con
411 2837 532 2884 juizio
553 2835 617 2872 del
651 2836 834 2884 superior
869 2835 898 2872 si
921 2835 956 2871 le
986 2836 1177 2882 parecier.
1183 2851 1203 2868 »
1236 2834 1350 2871 Folia
1376 2836 1496 2882 hujus
1523 2835 1770 2881 documenti,
1798 2848 1854 2873 ex
1875 2836 1951 2873 fre·
1966 2854 1986 2870 ω.

315 2908 453 2955 quenti
475 2919 551 2944 usu
581 2907 712 2944 attrita
733 2911 773 2943 et
793 2907 1005 2948 maculata
1023 2907 1258 2954 praesertim
1279 2907 1317 2943 in
1339 2905 1512 2943 infcriori
1535 2912 1660 2954 parte,
1682 2908 1951 2955 reperiuntur.
1962 2900 1987 2944 3

316 2979 435 3016 Unde
457 2980 534 3016 hoc
570 2979 762 3026 exemplo
796 2990 893 3015 usos
928 2978 1051 3015 fuisse
1086 2979 1364 3015 moderatores
1392 2978 1584 3025 suspicari
1607 2978 1709 3016 licet.
1733 2979 1816 3019 Inc.
1844 2978 1976 3029 «Las

316 3056 446 3087 cartas
467 3062 547 3097 que
567 3050 813 3087 uinieren...»
836 3049 932 3086 Des.
1040 3055 1156 3086 antes
1171 3049 1223 3086 de
1243 3049 1280 3086 la
1306 3049 1357 3087 15²
1377 3049 1536 3086 missa.»
1622 3056 1634 3074 ⁸
1957 3054 1977 3098 ις
