2028 3426
729 245 1166 291 SUPPLEMENTUM—25
1648 243 1718 289 873

135 361 225 389 non
249 356 368 391 esset
397 347 566 400 futura,
594 354 779 403 propter
813 346 1044 389 hominum
1070 347 1473 402 imperfectionem,
1511 353 1557 388 vt
1590 346 1762 389 matris.

137 425 384 479 Propterea
402 424 458 467 de
476 424 550 466 illa
568 439 657 466 non
676 425 727 465 fit
744 423 929 476 menti03
950 428 1063 469 244¹·
1083 423 1140 478 (3)
1160 438 1263 466 nam
1276 424 1332 467 de
1344 424 1467 465 nulla
1485 423 1765 479 apparitione

137 500 186 542 fit
209 501 396 554 mentio,
423 515 540 555 quae
563 515 653 543 non
677 500 837 544 attinet
867 501 923 542 ad
952 499 1340 543 confirmationem
1367 499 1707 543 resurrectionis
1730 508 1763 551 ²,

136 584 181 618 et
204 576 384 632 quidem
409 592 488 632 per
517 576 879 620 incredulitatem
911 576 1117 627 aliorum,
1152 583 1245 618 tum
1276 576 1454 619 illorum
1485 576 1637 628 etiam,
1665 576 1767 631 qui-

137 654 221 696 bus
244 653 591 709 contingebant.
613 653 736 696 Nihil
755 667 910 695 eorum
934 652 978 694 in
998 652 1154 696 Maria.
1176 652 1321 708 Igitur
1340 652 1452 694 ratio
1476 652 1768 708 apparitionis

137 730 307 774 Mariae
330 730 466 785 longe
490 738 558 773 est
580 730 680 772 alia.
703 731 874 785 Quare,
895 737 940 773 et
962 729 1063 781 fuit3
1085 737 1130 772 et
1153 729 1294 785 prima
1312 729 1412 782 fuit3
1440 732 1486 773 et'
1502 744 1594 772 non
1617 730 1768 773 decuit

138 806 257 848 illam
282 806 433 857 scribi,
461 813 505 849 et
527 821 585 849 ne
608 806 829 862 publicari
851 805 868 830 ἶ)
892 806 1071 860 quidem
1097 820 1151 849 eo
1171 814 1389 861 ternpore,
1411 814 1498 849 etc.

158 874 160 879 ,
225 885 329 926 Non
352 883 464 925 dixit
494 883 778 938 euangelista
807 890 845 922 τὸ
864 894 1001 935 πρῶτον
1028 885 1057 936 ¹3
1094 897 1233 937 quare
1264 882 1385 924 aliud
1414 884 1631 926 selectum
1665 891 1769 939 pot—

139 961 203 1003 uit
241 975 340 1003 esse
368 960 578 1015 primum,
611 968 655 1003 et
694 974 781 1001 non
821 962 907 1002 hoc
945 960 1030 1002 fuit
1067 960 1289 1004 selectum
1319 959 1529 1015 primum.
1563 965 1678 1006 244v
1711 961 1768 1016 (4)

138 1040 396 1092 Antequam
420 1043 653 1092 appareret
677 1038 822 1091 Xpus.
850 1037 1163 1092 Magdalenae,
1189 1037 1232 1079 in
1253 1051 1343 1092 quo
1365 1044 1462 1079 erat
1480 1038 1592 1080 fides
1612 1044 1770 1080 actua-

137 1114 189 1157 lis
212 1112 570 1164 resurrectionis,
597 1112 692 1156 sine
716 1127 804 1167 qua
827 1113 1017 1156 ecclesia
1040 1128 1138 1156 esse
1162 1129 1252 1156 non
1271 1113 1433 1169 potuit,
1457 1129 1558 1156 nam
1578 1116 1769 1157 teneba—

140 1197 212 1231 tur
241 1190 424 1232 credere
451 1196 692 1244 antequam
732 1188 882 1244 quiuis
912 1191 984 1232 vel
1013 1189 1250 1232 mulierum
1281 1191 1353 1233 vel
1382 1189 1582 1232 virorum
1611 1192 1768 1234 crede-

138 1268 226 1310 ret?
249 1274 264 1291 0
288 1268 351 1309 Ea
374 1265 514 1322 igitur
536 1267 648 1309 fides
673 1265 756 1308 fuit
778 1265 822 1307 in
848 1266 1003 1317 Maria,
1031 1281 1146 1320 quae
1169 1281 1268 1310 esse
1290 1281 1382 1309 non
1404 1267 1551 1322 potuit
1584 1267 1669 1310 nisi
1692 1282 1772 1324 per

139 1343 474 1387 reuelationem.
503 1343 597 1385 Cur
618 1342 759 1398 igitur
782 1358 874 1386 non
898 1358 977 1398 per
1000 1343 1349 1398 apparitionem?

231 1420 410 1462 «Primo
428 1419 596 1462 Mariae
615 1420 937 1475 Magdalenae»
964 1419 998 1471 d,
1021 1421 1076 1462 ad
1099 1421 1393 1464 reuelandum
1418 1421 1607 1473 scilicet;
1629 1436 1769 1477 quare

139 1512 229 1540 non
251 1496 513 1551 simpliciter
536 1495 693 1551 primo.
722 1497 859 1551 Quod
877 1511 985 1539 vero
1007 1497 1063 1538 ad
1081 1497 1393 1549 reuelandum,
1416 1505 1638 1552 apertum3
1666 1513 1768 1541 nam

140 1574 289 1617 statim
320 1573 381 1615 illi
405 1572 697 1628 praecipitur,
724 1581 771 1615 vt
794 1573 917 1615 dicat
941 1573 1168 1625 fratribus,
1196 1581 1288 1617 etc.

226 1651 343 1693 Dein
362 1665 452 1693 non
470 1649 647 1704 quaerit
665 1649 708 1691 in
729 1657 1023 1692 monumento
1043 1651 1199 1693 Maria:
1222 1665 1361 1705 quare
1383 1659 1428 1693 et
1446 1651 1632 1703 sciebat,
1655 1665 1770 1706 quae

139 1728 256 1770 circa
279 1729 447 1783 Xpum.
476 1728 747 1782 agebantur,
774 1735 819 1770 et
841 1727 935 1782 ipse
960 1728 1083 1769 haud
1106 1727 1244 1771 dubie
1274 1728 1494 1783 apparuit.

228 1805 360 1847 Adde
388 1803 477 1845 vile
507 1818 606 1847 esse
644 1811 979 1859 argumentum,
1023 1811 1171 1848 tamen
1211 1804 1450 1854 haereticis
1479 1804 1768 1860 legittimum,

141 1883 195 1924 ab
219 1881 488 1924 auctoritate
512 1879 741 1936 negatiue3
774 1881 895 1936 quod
923 1895 977 1923 eo
1014 1888 1083 1924 est
1112 1880 1332 1923 infirmius
1362 1881 1404 1922 in
1439 1881 1579 1923 sacris
1612 1881 1769 1932 literis,

142 1959 258 2018 quod
284 1960 431 2013 Xpus.
458 1957 554 2012 ipse
577 1964 592 1981 e
615 1972 670 2000 ex
693 1957 929 2012 scripturis
961 1957 1128 2000 scimus
1158 1971 1248 1999 non
1278 1972 1378 2001 esse
1407 1958 1557 2000 omnia
1589 1958 1769 2014 scripta,

145 2045 189 2079 et
211 2050 311 2078 esse
333 2035 378 2076 in
402 2034 592 2078 ecclesia
615 2034 700 2077 Dei
725 2034 1002 2078 traditiones.

231 2112 363 2154 Adde
387 2117 645 2153 sanctorum
670 2111 964 2155 auctoritates
982 2113 1013 2153 ².

213 2248 229 2263 a
261 2235 591 2270 resurrectionem
617 2246 687 2270 ms.
739 2237 804 2262 —b
827 2236 1036 2282 publicare
1062 2248 1133 2274 ms,
1187 2246 1249 2263 -c
1277 2238 1388 2281 Quae
1421 2236 1674 2281 praecedunt,
1696 2242 1773 2271 tam

144 2295 333 2331 velociter
352 2299 392 2329 et
409 2293 570 2329 confuse
590 2294 733 2340 scripta
751 2300 856 2339 sunt,
883 2300 925 2330 ut
950 2296 1078 2341 potius
1104 2295 1317 2342 interprete
1346 2307 1461 2341 quam
1488 2296 1633 2330 lectore
1658 2295 1705 2329 ad
1731 2306 1776 2330 ea

145 2354 399 2400 intelligenda
415 2364 510 2399 opus
529 2352 593 2390 sit.
646 2354 708 2380 —d
732 2353 891 2389 Mariae
911 2354 1070 2389 ,Mariae
1090 2366 1161 2389 ms.
1214 2365 1276 2381 -e
1303 2353 1384 2400 Sic,
1407 2353 1674 2390 inemendate.

218 2475 229 2495 ¹
282 2474 339 2508 En
359 2472 554 2517 evangelii
575 2473 709 2506 verba:
730 2473 831 2521 ἐφάνη
848 2478 985 2519 πρῶτον
1002 2472 1115 2519 Μαρίᾳ
1133 2478 1177 2519 τῇ
1195 2470 1419 2518 Μαγδαληνῇ.
1441 2473 1578 2510 MARC.
1607 2474 1712 2517 XVI,
1732 2485 1771 2519 9.

217 2536 231 2555 ‘²
282 2532 451 2578 Explicit
470 2531 532 2566 hic
552 2531 671 2565 totius
691 2531 906 2577 Apologiae
930 2531 1223 2578 palimpsestus,
1250 2543 1298 2566 ex
1322 2533 1438 2578 cujus
1463 2532 1778 2567 inemendatione

148 2592 260 2628 facile
279 2591 511 2638 perspicitur
531 2595 705 2625 extrema
729 2590 899 2626 nondum
924 2602 1040 2626 manu
1063 2592 1162 2626 hanc
1187 2592 1348 2626 alteram
1373 2596 1522 2637 partem
1547 2592 1595 2626 ab
1621 2596 1778 2627 auctore

146 2652 327 2687 donatam
348 2649 482 2685 fuisse.
