2028 3426
26 229 76 267 1
595 268 868 304 MONUMENTA
895 269 1106 303 ITALIAE-
1121 278 1166 303 20
1584 269 1648 314 185

44 360 363 428 {electionibus
400 369 679 425 impunitatis
717 368 916 420 occasio,
956 369 1085 413 breui
1123 370 1306 413 decreto
1343 370 1598 413 cauendum
1636 369 1696 412 ita

28 435 342 507 fjfcensuimus:
608 449 610 451 ’
895 487 898 489 Α

156 525 325 579 Quum,
351 522 472 576 quod
495 522 715 566 electores
736 522 914 574 attinet,
940 530 1009 565 sat
1030 522 1236 565 videatur
1259 537 1360 566 esse
1382 522 1614 578 prouisum
1650 522 1694 564 in

43 589 479 645 “fConstitutionibus
501 605 547 641 et
575 600 760 642 decreto
791 607 874 641 2.ae
897 599 1267 655 congregationis
1296 599 1540 655 generalis,
1575 601 1696 654 quod

52 668 398 737 {confirmamus
425 682 470 718 et
493 674 700 717 addimus
728 676 973 730 complecti
1001 675 1252 718 ambientes
1281 690 1361 731 pro
1389 690 1479 718 vna
1511 676 1582 719 uel
1610 675 1695 718 alia

29 743 261 811 fucatione,
285 752 342 794 de
364 751 547 806 reliquis
570 751 634 793 sic
657 751 914 794 statuimus:

154 829 202 874 Si
224 829 323 884 quis
346 844 401 872 ex
431 828 501 880 iis,
534 828 610 883 qui
639 829 724 873 sub
754 828 1012 872 obedientia
1041 829 1283 873 Societatis
1314 829 1492 882 viuunt,
1532 843 1613 885 pro
1646 844 1693 872 se

55 903 138 962 'Ivel
156 920 234 962 pro
256 904 343 948 alio
367 904 550 956 ambiat,
575 919 656 959 pro
679 919 768 946 vna
790 904 973 947 natione
994 906 1066 948 vel
1088 920 1170 961 pro
1193 905 1295 958 alia,
1327 906 1501 950 directe
1530 907 1603 950 vel
1626 906 1693 948 in-

56 966 247 1034 ‘'directe,
273 995 352 1037 per
374 996 423 1025 se
444 982 517 1024 vel
538 996 618 1037 per
639 980 794 1033 alium,
819 981 877 1024 sit
899 981 997 1037 ipso
1021 983 1143 1025 facto
1165 983 1598 1026 excommunicatus.

152 1058 306 1102 Eidem
328 1072 562 1110 censurae,
587 1057 687 1113 ipso
709 1059 830 1100 facto
847 1058 1095 1110 subiaceat,
1115 1059 1152 1101 si
1174 1059 1276 1114 quis
1293 1074 1318 1102 e
1336 1059 1500 1102 nostris
1518 1060 1689 1102 animo-

66 1123 164 1191 ¹iffum
186 1135 397 1178 vnionem
420 1150 708 1191 quacumque
729 1135 903 1178 ratione
921 1136 1155 1178 dissoluat.

151 1213 259 1256 Esto
279 1211 387 1256 item
411 1212 508 1268 ipso
538 1213 656 1256 facto
686 1213 1124 1265 excommunicatus,
1150 1213 1188 1255 si
1211 1212 1312 1268 quis
1335 1230 1360 1257 e
1383 1214 1549 1257 nostris
1579 1213 1692 1257 sciat

46 1272 297 1353 '‘'jdxternum
333 1303 670 1345 quemcumque
698 1289 928 1333 hominem
962 1289 1123 1332 similia
1154 1292 1397 1346 agere-uel
1429 1306 1687 1350 procurare,

64 1356 345 1427 {luacumque
383 1365 580 1418 ratione,
613 1367 732 1422 apud
760 1380 1116 1421 quemcumque,
1148 1374 1192 1411 et
1221 1381 1312 1409 non
1353 1369 1557 1425 [r]euelet
1595 1386 1687 1415 rem

59 1428 200 1485 ⁸{iotam
221 1442 421 1498 generali
443 1442 717 1498 praeposito,
742 1444 816 1486 uel
838 1442 1007 1485 vicario
1030 1443 1248 1499 generali,
1274 1445 1346 1487 vel
1374 1446 1688 1501 antiquissimo

62 1518 260 1582 professo
281 1519 443 1561 domus
467 1533 694 1573 romanae,
719 1526 765 1562 et
793 1519 1126 1572 assistentibus,
1162 1520 1256 1575 qui,
1292 1537 1348 1565 ex
1377 1522 1525 1566 edicto
1553 1525 1688 1568 huius
1737 1560 1740 1561 γ

52 1591 440 1659 vsstr‘zongrt-thtationis,
468 1602 709 1639 teneantur
726 1597 832 1638 dare
850 1587 1011 1639 Seriam
1030 1611 1211 1652 operam
1230 1599 1286 1640 ad
1306 1599 1432 1654 plura
1449 1601 1685 1657 suffragia,

65 1677 112 1716 vt
129 1670 236 1714 illud
257 1673 423 1714 malum
446 1673 712 1729 depellatur,
739 1688 791 1717 ac
812 1673 996 1716 libertas
1018 1673 1295 1717 electionum
1326 1683 1461 1732 atque
1484 1678 1687 1732 synceri-

67 1747 130 1802 sps
151 1747 364 1792 Societati
387 1749 445 1791 sit
467 1764 644 1805 semper
667 1749 845 1806 integra
867 1757 912 1793 et
935 1750 1121 1794 illibata.
