2028 3426
332 217 402 253 770
910 207 1047 242 EpisT.
1075 205 1119 241 P.
1147 205 1299 241 NADAL

289 325 370 367 por
393 311 602 354 instituto
629 309 839 365 primero,
864 324 892 364 y
915 322 964 352 es
987 309 1030 352 13
1053 307 1247 364 primera
1269 309 1452 364 palabra
1474 323 1563 364 que
1586 323 1634 353 se
1657 308 1752 352 dise
1781 323 1836 352 en
1862 309 1926 352 las

289 388 434 430 bullas
452 403 480 443 y
498 388 540 430 13
558 385 899 430 confirmacion:
921 399 1010 441 que
1032 399 1080 428 es
1100 385 1382 441 potissimum
1407 385 1665 429 institutum
1687 385 1927 432 Societatis

296 465 378 507 «ad
402 464 714 508 defensionem
739 463 869 506 fidei»
897 469 984 506 etc.
1010 478 1039 518 y
1062 477 1118 506 en
1143 471 1242 506 esto
1266 477 1348 506 nos
1379 467 1508 506 terna
1537 464 1594 507 V.
1628 464 1678 508 S.
1714 464 1822 506 R.¹¹f¹a
1851 477 1932 519 por

292 557 401 597 muy
424 541 719 584 afficionados
741 539 930 592 siervos,
957 553 1088 583 como
1111 539 1304 596 siempre
1327 554 1510 584 avemos
1533 540 1648 592 sido,
1675 555 1804 583 como
1828 554 1886 596 yo
1903 554 1929 583 e

293 619 534 663 declarado
557 623 581 661 3
604 619 660 661 V.
689 619 736 662 S.
766 619 874 661 ΚΜ
895 632 952 661 en
977 618 1150 660 Toledo
1178 615 1203 659 ¹.

381 698 419 738 A
471 700 630 751 tergo„
666 696 851 737 Natalis
901 710 1066 738 manu.
1105 700 1155 734 Τὰ
1189 707 1249 743 τῆς
1290 700 1437 744 Σπανὶας
1474 702 1658 748 πράγματα
1688 703 1760 748 περὶ
1794 701 1922 748 [ἰατρὸς

292 773 511 820 Φρανκὶσκου
536 772 693 819 Bomio).

1076 866 1156 910 10

655 947 705 987 P.
749 944 1219 988 HIERONYMUS
1259 944 1572 987 NATALIS

947 1033 1106 1068 PATRI
1133 1033 1185 1067 N.
1221 1033 1272 1069 N.

828 1119 961 1156 ROMA,
980 1119 1001 1155 7
1021 1118 1230 1146 ocrossms
1252 1110 1342 1155 1568
1360 1111 1387 1144 ².

348 1197 404 1230 De
422 1198 615 1230 conventu
636 1197 866 1241 augustano
884 1197 921 1229 et
941 1193 1088 1228 ultima
1107 1193 1269 1228 Natalis
1285 1194 1591 1238 provinciarum
1611 1193 1876 1237 Germaniae,

739 1253 960 1288 Flandriae
979 1255 1015 1288 et
1038 1252 1201 1288 Galliae
1221 1252 1479 1288 lustratione.

1107 1338 1124 1368 †

1047 1374 1182 1430 Jhus.

381 1471 471 1512 Por
495 1469 679 1512 ocasion
702 1470 758 1511 de
781 1469 823 1510 lo
847 1483 935 1524 que
964 1470 1025 1512 V.
1066 1470 1119 1511 R.
1155 1483 1225 1512 me
1255 1467 1357 1524 pide
1386 1468 1428 1510 10
1460 1467 1664 1511 escreuia
1692 1475 1710 1492 ³
1740 1467 1936 1523 algunas

290 1561 466 1591 nueuas
488 1548 545 1589 de
568 1548 609 1589 13
632 1547 753 1590 dieta
770 1547 826 1588 de
851 1547 1065 1602 Augusta
1083 1561 1111 1602 y
1129 1546 1185 1589 de
1203 1546 1245 1587 13
1263 1544 1453 1601 religion
1474 1558 1530 1587 en
1548 1544 1803 1596 Alemania‚
1826 1545 1934 1586 hare

291 1628 393 1679 aqui
421 1640 476 1666 vn
502 1623 709 1666 discurso
733 1624 861 1666 desta
884 1623 943 1665 mi
966 1623 1123 1666 vltima
1153 1621 1497 1678 peregrinacion
1522 1626 1545 1664 3
1575 1621 1720 1678 gloria
1750 1621 1823 1665 del
1853 1621 1935 1665 Se-

292 1708 390 1754 nor,
415 1702 643 1757 creyendo
662 1715 749 1756 que
772 1700 972 1743 tambien
996 1704 1095 1744 sera
1118 1714 1223 1742 cosa
1246 1705 1377 1755 grata
1400 1703 1424 1741 3
1448 1700 1504 1742 V.
1529 1700 1583 1742 R.
1604 1713 1633 1754 y
1651 1698 1762 1741 3105
1780 1698 1936 1740 demas

295 1779 467 1822 Padres
489 1794 518 1834 y
541 1780 802 1823 hermanos.

379 1855 594 1898 Acabada
627 1856 669 1898 13
701 1854 858 1897 vltima
890 1854 1227 1911 congregacion
1262 1854 1445 1910 general
1478 1869 1506 1909 y
1546 1852 1724 1909 partido
1760 1853 1817 1896 V.
1858 1853 1932 1903 R.,

291 1934 532 1989 quedando
561 1947 620 1988 yo
651 1932 721 1975 sin
751 1931 1000 1988 ocupacion
1024 1932 1081 1975 de
1109 1931 1258 1974 officio
1287 1931 1475 1986 alguno‚
1507 1945 1579 1974 me
1609 1933 1711 1973 auia
1740 1928 1934 1973 retirado

361 2080 377 2096 ³
429 2069 494 2104 Sic
516 2080 584 2115 pro
602 2069 766 2104 escriba.

365 2190 372 2208 ¹
426 2188 526 2223 Vide
549 2189 676 2234 Epist.
699 2188 748 2222 P.
770 2187 921 2227 Nadal,
943 2187 972 2229 I,
991 2195 1073 2230 424.

360 2251 374 2269 ‘-’
426 2248 483 2282 Ex
505 2253 763 2294 transumpto,
782 2246 830 2281 ad
849 2257 919 2281 nos
937 2246 1059 2280 Roma
1079 2256 1100 2280 a
1126 2246 1173 2280 P.
1203 2244 1560 2288 Tacchi-Venturi,
1580 2243 1620 2281 S.
1643 2244 1696 2290 J.‚
1717 2243 1848 2280 misso.
1877 2244 1938 2279 In—

292 2312 452 2342 ventum
474 2312 533 2341 est
553 2308 624 2341 1100
644 2310 940 2341 monumentum
959 2315 1047 2338 cum
1067 2303 1407 2350 praecedentibus,
1424 2304 1498 2339 sub
1517 2302 1688 2338 numeris
1703 2313 1765 2347 4-9
1780 2302 1933 2349 positis,

291 2380 313 2402 a
338 2368 381 2402 P.
408 2367 654 2402 Ferdinando
678 2366 883 2411 Tournier,
910 2365 950 2401 S.
968 2365 1008 2410 .J.
1035 2365 1073 2400 in
1098 2375 1257 2400 romano
1282 2365 1440 2400 archivo
1465 2369 1591 2400 status
1611 2363 1751 2399 «Carte
1777 2363 1933 2399 Gesuit.

291 2426 473 2471 Collegii.
495 2427 619 2461 Pacco
638 2427 720 2461 208.
743 2425 899 2472 Spagna
918 2436 939 2459 e
958 2424 1098 2459 Nuova
1117 2424 1312 2471 Spagna.»
1332 2425 1389 2458 Ex
1409 2422 1682 2470 frequentibus
1698 2421 1936 2458 emendatio-

292 2485 422 2528 nibus,
443 2497 542 2531 quae
562 2485 600 2520 in
619 2496 777 2520 romano
797 2484 978 2529 exemplo
997 2483 1305 2529 conspiciuntur,
1324 2482 1595 2517 existimamus
1614 2483 1690 2517 hoc
1704 2481 1798 2517 nihil
1814 2480 1932 2525 aliud,

293 2557 408 2592 quam
429 2546 551 2592 prima
569 2546 790 2581 adversaria
810 2557 913 2589 esse,
933 2558 981 2580 ex
1000 2545 1141 2592 quibus
1160 2545 1430 2590 archetypum,
1451 2543 1490 2578 in
1510 2542 1737 2589 Hispaniam
1757 2553 1778 2576 a
1804 2540 1935 2576 Natali

293 2605 547 2651 probabiliter
567 2605 744 2650 missum,
763 2604 1013 2651 desumptum
1033 2603 1120 2641 fuit.
1142 2604 1250 2638 Haec
1268 2608 1399 2638 autem
1415 2601 1637 2637 adversaria
1656 2609 1676 2645 5
1692 2599 1795 2636 foliis
1809 2601 1934 2636 coale-

291 2670 417 2708 scunt,
446 2670 485 2698 et
513 2665 610 2699 hanc
642 2675 662 2698 a
694 2670 805 2709 tergo
831 2663 1123 2710 inscriptionem
1149 2663 1314 2698 habent:
1349 2661 1505 2697 Ultima
1526 2661 1840 2707 peregrinacidn
1871 2659 1935 2694 del

295 2723 346 2757 P.
372 2723 522 2758 madal.
551 2724 663 2768 Quae
690 2722 752 2757 hic
780 2734 800 2757 3
827 2723 956 2758 Natali
983 2728 1210 2757 enarrantur
1242 2731 1380 2766 magna
1407 2731 1454 2755 ex
1485 2724 1594 2766 parte
1621 2719 1868 2765 reperiuntur
1894 2718 1934 2753 in

292 2782 470 2827 epistolis
489 2781 664 2827 ejusdem
693 2781 738 2816 P.
765 2781 927 2827 Natalis,
958 2782 1035 2817 vol.
1064 2781 1133 2826 III,
1161 2791 1276 2827 pagg.
1308 2779 1430 2824 1-640.
1458 2778 1622 2815 Cuinam
1649 2779 1745 2813 haec
1769 2777 1934 2824 epistola

291 2840 380 2875 data
407 2840 538 2886 fuerit,
560 2851 635 2875 non
654 2846 821 2875 constat.
843 2840 942 2876 Illud
971 2846 1120 2875 tanturn
1148 2839 1187 2874 in
1214 2838 1317 2874 illius
1344 2837 1455 2873 initio
1481 2837 1670 2883 innuitur,
1699 2837 1867 2882 Patrem,
1885 2836 1933 2871 ad

291 2911 406 2946 quein
429 2900 544 2935 missa
563 2899 651 2945 fuit,
678 2901 824 2934 Romae
843 2899 1038 2935 secundae
1056 2897 1350 2945 congregationi
1375 2897 1550 2943 generali
1575 2895 1813 2932 interfuisse.
1833 2894 1933 2931 Cum

294 2963 423 2992 autern
444 2958 643 3004 hispanice
664 2959 807 3004 scripta
826 2958 891 3003 sit,
911 2958 1148 2993 credendum
1167 2963 1228 2993 est
1251 2956 1367 2992 alicui
1386 2968 1435 2992 ex
1462 2955 1674 3002 Hispaniae
1698 2954 1933 2990 electoribus

292 3016 516 3061 inscriptam
535 3017 671 3061 fuisse,
692 3017 772 3063 qui,
793 3018 972 3052 absoluta
991 3016 1312 3062 congregatione,
1332 3016 1371 3051 in
1390 3015 1619 3062 Hispaniam
1637 3013 1806 3060 regressi
1824 3018 1930 3050 sunt.
