2028 3426
314 309 379 346 192
785 300 938 335 PATms
965 299 1206 333 ΗιειῑοΝγΜι
1233 296 1384 331 NADAL

265 401 564 455 obedientiae,
592 403 848 457 Petrusque
881 399 1196 455 Perpinianus,
1222 397 1434 441 sacerdos
1463 395 1665 441 eiusdem
1690 395 1897 440 Societa-—

266 477 338 531 tis,
365 478 605 535 praepositi
630 477 856 534 generalis
880 469 1022 527 iussu,
1045 477 1232 518 Romam
1258 473 1341 517 iter
1360 474 1512 525 habet,
1534 472 1897 516 existimauimus

266 570 357 598 non
380 563 588 611 oportere
610 569 713 598 eum
753 554 850 596 sine
887 555 970 595 hac
1004 550 1322 594 testificatione
1345 549 1526 592 dimitti.
1560 550 1716 604 Quare
1739 563 1896 593 omnes

267 632 406 675 nostri
429 646 530 674 eum
569 646 673 674 cum
704 631 797 673 suis
830 629 962 672 sociis
990 628 1196 671 officiose
1229 634 1275 670 et
1296 625 1556 671 humaniter
1589 625 1816 682 accipiant
1852 633 1897 668 et

266 709 424 753 iuuent
451 709 493 750 in
519 708 730 759 Domino,
759 708 953 750 fraterna
976 720 1056 748 eos
1094 704 1317 748 charitate
1349 704 1720 759 complectentes,
1745 710 1791 745 et
1812 703 1896 744 has

264 786 416 828 literas
439 800 519 841 pro
537 785 737 841 legitima
762 782 1077 827 testificatione
1105 791 1151 824 et
1180 780 1576 824 commendatione
1605 781 1791 832 ducant3
1819 794 1895 823 ex-

267 870 417 906 ternos
443 877 565 913 uero,
608 876 687 917 pro
723 875 878 903 eorum
917 858 1197 902 humanitate
1235 866 1280 901 et
1309 857 1534 902 charitate
1571 857 1616 899 in
1641 856 1888 913 proximos,

264 939 524 994 praesertim
549 938 782 993 religiosos
805 944 849 980 et
867 950 1105 992 pauperes,
1126 935 1244 979 idem
1262 948 1478 991 rogamus
1500 934 1546 976 in
1564 933 1776 977 Domino.
1801 935 1892 976 Da-

267 1023 358 1058 tum
386 1015 723 1067 Conimbricae‚
749 1024 837 1056 etc.

1047 1144 1123 1187 ²5

713 1224 760 1264 P.
796 1222 1146 1265 HIERONYMI
1178 1220 1450 1264 NATALIS

937 1328 1230 1360 INSTRUCTIO

663 1409 709 1436 P.
752 1406 1120 1437 GUNDISALVO
1162 1406 1263 1436 VAZ
1307 1404 1494 1434 MELLO

506 1484 804 1515 RRAEPOSITO
844 1483 1153 1513 PROVINCIALI
1193 1482 1487 1513 LUSITANIAE
1525 1481 1651 1511 DATA

580 1586 750 1613 EBORAE
764 1576 810 1622 (?)
829 1585 954 1613 eiRcA
974 1585 1074 1612 mEM
1093 1585 1138 1611 20
1157 1583 1417 1611 SEPTEMBms
1440 1572 1531 1619 1561
1551 1577 1575 1610 ¹.

640 1686 965 1717 INSTRUCTION
991 1686 1114 1715 PARA
1139 1686 1197 1715 EL
1223 1684 1516 1715 PROUINCIAL

971 1779 1186 1825 Excerpta.

425 1872 567 1912 Como
591 1871 647 1911 he
669 1870 807 1912 dicho
831 1870 871 1912 al
896 1871 946 1912 P.
974 1869 1132 1911 doctor
1149 1870 1314 1912 Torres
1331 1883 1360 1923 y
1379 1868 1419 1909 al
1439 1868 1489 1909 P.
1512 1867 1622 1910 Luis
1644 1866 1894 1921 Goncalez,

265 1960 335 1988 me
358 1961 518 2001 parece
541 1946 645 1990 bien
669 1960 757 2001 que
781 1947 822 1989 el
845 1948 896 1989 P.
926 1945 1100 2001 Miguel
1123 1947 1180 1989 de
1202 1946 1315 1989 Sosa
1338 1959 1415 1987 sea
1443 1943 1676 1987 confessor
1705 1944 1777 1986 del
1801 1956 1894 1998 rey,

265 2038 291 2076 y
315 2031 412 2064 esto
436 2038 701 2078 propongan
724 2025 764 2066 el
789 2024 841 2065 P.
868 2024 1026 2065 doctor
1051 2024 1215 2066 Torres
1237 2037 1266 2077 y
1288 2022 1330 2064 el
1354 2023 1406 2064 P.
1434 2020 1544 2064 Luis
1561 2020 1793 2074 Goncalez
1812 2033 1897 2062 con

265 2113 316 2140 su
341 2099 560 2141 industria
583 2115 611 2154 y
635 2099 940 2150 moderacion,
967 2113 1099 2141 como
1121 2100 1261 2143 saben
1285 2097 1569 2142 conuenir...

353 2175 428 2218 Gil
454 2177 639 2218 Bai-reto
663 2190 710 2218 se
734 2177 947 2218 mandata
969 2190 1076 2218 aora
1098 2180 1124 2218 a
1156 2175 1372 2219 Coimbra
1403 2189 1488 2217 con
1519 2189 1608 2217 una
1639 2181 1781 2230 carta,
1809 2187 1897 2228 que

265 2251 370 2306 diga
394 2256 524 2294 como
547 2267 601 2294 va
626 2253 807 2308 paralla,
833 2268 862 2308 y
884 2267 973 2307 que
995 2253 1037 2295 le
1059 2266 1264 2308 occupen
1294 2267 1349 2296 en
1382 2252 1453 2295 los
1485 2250 1657 2294 osficios
1679 2251 1736 2295 de
1774 2263 1894 2302 casa,

266 2329 461 2370 sacando
484 2330 767 2383 comprador,
794 2329 996 2371 sacristia
1018 2344 1046 2384 y
1084 2332 1296 2385 porteria3
1322 2323 1350 2384 y
1383 2329 1578 2384 despues
1608 2342 1693 2384 por
1730 2330 1802 2370 via
1840 2327 1898 2370 de

268 2404 507 2447 Francisco
530 2407 784 2460 Anrriquez
809 2421 857 2449 se
879 2406 919 2448 16
943 2406 1158 2450 escriuira
1175 2407 1216 2448 al
1244 2408 1293 2449 Ρ.
1324 2405 1471 2449 Μὶῑόη
1495 2409 1591 2448 mas
1614 2420 1669 2449 en
1695 2403 1894 2460 particu—

267 2483 332 2523 lar
355 2482 398 2523 lo
421 2496 507 2536 que
531 2496 678 2537 passa.

337 2635 345 2655 ¹
400 2635 456 2669 Ex
477 2636 699 2681 apographo
723 2646 883 2680 coaevo,
905 2636 943 2671 in
968 2636 1102 2671 codice
1128 2636 1268 2674 Nataz.
1303 2637 1421 2671 instr.
1445 2636 1586 2677 Lusit„
1607 2635 1711 2670 foliis
1740 2634 1896 2680 279-284

267 2703 340 2729 λᾶε
359 2706 439 2729 ser.
465 2695 572 2728 Haec
593 2694 797 2729 instructio
814 2707 834 2728 a
850 2695 891 2729 Ρ.
913 2696 1039 2730 Natali
1056 2707 1157 2730 novo
1172 2696 1394 2742 praeposito
1408 2682 1637 2742 provinciali
1652 2693 1896 2730 Gundisalvo

267 2754 348 2788 Vaz
367 2754 483 2788 Mello
502 2753 591 2787 data
605 2752 727 2788 fuisse
749 2753 902 2788 videtur
921 2766 1021 2789 anno
1044 2755 1146 2800 1561,
1170 2761 1281 2800 prout
1299 2767 1348 2790 ex
1367 2755 1484 2790 rebus
1509 2753 1548 2789 in
1574 2765 1619 2789 ea
1642 2753 1838 2788 contentis
1856 2758 1896 2788 et

269 2812 439 2858 negotiis
458 2822 504 2847 eo
519 2818 691 2858 ternpore
712 2812 750 2847 in
776 2813 952 2858 epistolis
972 2813 1115 2848 laudati
1136 2813 1386 2859 provincialis
1406 2813 1581 2848 tractatis
1610 2812 1771 2848 eruitur.
1792 2812 1841 2847 Et
1863 2812 1897 2847 si

267 2883 357 2917 prae
376 2871 498 2906 oculis
517 2872 746 2914 habeantur,
768 2883 866 2917 quae
887 2872 928 2906 Ρ.
950 2872 1098 2907 Natalis
1125 2872 1260 2907 Lainio
1285 2885 1334 2907 ex
1363 2872 1532 2918 collegio
1555 2871 1738 2923 eborensi
1761 2870 1826 2906 die
1851 2879 1897 2905 20

267 2930 510 2977 Septembris
540 2930 624 2974 1561
652 2929 862 2974 referebat,
889 2932 1002 2976 paulo
1024 2937 1112 2965 ante
1139 2931 1241 2966 illam
1267 2931 1370 2966 diem
1398 2932 1496 2966 hanc
1521 2930 1818 2966 instructionem
1840 2930 1896 2965 lu-

265 2990 466 3024 eubratarn
491 2989 612 3024 fuisse
643 2989 756 3023 facile
781 2990 1000 3033 colligetur.
1022 2990 1082 3024 Cf.
1106 2990 1233 3035 Epist.
1257 2992 1303 3025 P.
1327 2991 1477 3031 Nadal,
1498 2990 1527 3034 Ι,
1558 2988 1642 3035 537,
1661 3001 1699 3024 n.
1718 2998 1755 3033 7;
1776 2994 1815 3024 et
1833 3000 1891 3036 ea,

263 3060 362 3095 quae
382 3048 419 3082 in
447 3049 516 3082 hoc
537 3054 788 3082 monumento
807 3047 855 3082 de
877 3048 990 3082 Petro
1010 3048 1177 3083 Alvarez
1203 3048 1401 3092 dicuntur,
1421 3048 1585 3084 scilicet:
1607 3059 1673 3083 «se
1703 3049 1740 3083 le
1765 3047 1829 3083 di6
1852 3047 1895 3083 li-

266 3107 400 3142 cencia
418 3106 466 3141 de
486 3112 589 3141 estar
609 3105 736 3141 medio
750 3109 869 3143 ano...
891 3118 915 3150 y
935 3112 1017 3142 este
1034 3107 1160 3142 medio
1180 3110 1253 3142 afio
1273 3111 1434 3154 empezo
1455 3119 1504 3143 en
1524 3107 1676 3153 Agosto
1694 3106 1743 3142 de
1765 3105 1892 3151 1561».
