2028 3426
319 196 389 235 590
793 189 946 225 PATms
974 190 1218 225 H1ER0NYM1
1242 189 1391 224 NAoAr,

268 306 328 334 ex
360 290 538 346 itinere,
580 292 767 335 sedebat
799 291 864 334 sic
901 305 1039 347 supra
1070 293 1260 342 fontem,
1286 297 1331 333 et
1353 304 1460 334 ecce
1484 289 1644 334 mulier
1666 289 1910 335 Samarita-

272 384 332 412 na
359 370 396 413 ¹»
422 375 510 414 etc.
537 371 606 413 De
631 370 805 426 regulo.
837 369 1009 421 «Vade,
1034 368 1154 411 filius
1184 376 1290 411 tuus
1320 367 1434 410 viuit
1456 368 1519 410 Ξ».
1546 367 1751 412 Refectio
1774 366 1909 423 quin-

271 460 362 501 que
391 446 563 489 milium
597 446 796 502 quinque
830 444 1038 501 panibus.
1075 440 1340 488 Ambulatio
1372 459 1508 500 supra
1541 459 1679 497 mare,
1715 451 1802 487 etc.
1839 445 1909 487 De

271 523 491 580 languido
513 531 671 567 sanato
695 524 750 566 ad
774 522 1056 578 probaticam
1081 522 1313 578 piscinam.
1341 524 1410 566 De
1428 536 1565 567 caeco
1583 530 1705 565 nato.
1727 523 1797 565 De
1816 536 1908 566 ser-

272 615 407 645 mone
435 600 634 644 Domini.
676 618 692 636 α
704 601 802 656 Ego
831 614 932 642 sum
962 607 1117 655 pastor
1146 599 1292 643 bonus
1323 601 1364 637 ³»
1398 606 1486 644 etc.
1519 601 1589 643 De
1618 599 1807 643 muliere
1836 598 1907 643 59¹

267 678 501 721 Cananea.
528 677 764 728 «Domine,
785 675 960 719 dimitte
982 691 1107 720 eamn
1122 676 1365 734 etcfff‘Non
1383 690 1482 719 sum
1501 676 1666 719 missus
1684 675 1796 719 nisi»
1817 682 1904 719 etc.

274 755 366 798 «At
382 754 457 796 illa
475 753 621 809 magis
638 754 920 799 clamabat...
939 755 1043 797 Non
1061 761 1130 797 est
1146 754 1315 797 bonum
1334 767 1512 797 sumere
1528 768 1744 810 panem...
1761 752 1907 796 Etiam

274 830 483 875 Domine:
511 845 614 872 nam
637 837 681 873 et
704 829 853 875 catelli
877 831 918 870 ⁴»
946 838 1033 875 etc.

365 910 510 952 Pater
532 912 698 958 nostem
721 915 767 952 et
794 915 864 953 est
895 922 1042 951 annus
1071 922 1143 964 33,
1175 923 1266 964 quo
1298 916 1389 953 tres
1417 915 1592 952 tantum
1620 922 1800 952 menses
1830 922 1909 950 su—

275 985 486 1041 peruixit.
514 985 561 1027 In
586 1000 640 1029 eo
667 984 931 1029 continetur
953 985 1187 1041 plenitudo
1210 985 1529 1029 miraculorum
1552 994 1596 1029 et
1619 994 1909 1029 consumma-

272 1061 337 1105 tio
361 1061 680 1118 mysteriorum
705 1061 907 1105 omnium
931 1062 1131 1106 mortalis
1154 1062 1274 1107 vitae
1302 1062 1499 1106 Domini:
1526 1077 1581 1105 ex
1604 1062 1768 1118 quibus
1801 1069 1909 1106 sunt

267 1154 342 1192 ea,
377 1139 563 1182 scilicet:
598 1147 665 1182 2.³
687 1139 875 1183 refectio
900 1140 1062 1183 turbae
1084 1148 1257 1196 septem
1282 1139 1490 1196 panibus.
1517 1141 1585 1183 De
1608 1154 1745 1183 caeco
1768 1141 1909 1184 Beth-

208 1211 214 1215 ’
273 1216 426 1259 saidae
469 1224 648 1259 sanato.
699 1216 940 1260 Confessio
984 1217 1128 1261 Petri.
1180 1234 1197 1255 α
1213 1218 1282 1260 Tu
1322 1232 1370 1261 es
1409 1216 1621 1260 Christus
1644 1216 1786 1260 Filius
1823 1216 1910 1260 Dei

274 1293 452 1336 viui»...
491 1295 588 1337 «Tu
618 1308 667 1338 es
698 1296 894 1338 Petrus»
927 1302 1015 1337 etc.
1053 1294 1181 1338 «Tibi
1210 1295 1327 1337 dabo
1365 1295 1518 1338 claues
1548 1296 1588 1333 ⁵»
1622 1301 1708 1337 etc.
1751 1294 1910 1338 Sermo

276 1370 474 1416 Domini.
509 1371 588 1416 «Si
619 1371 721 1427 quis
750 1371 849 1413 vult
877 1371 1032 1415 venire
1060 1378 1162 1427 post
1197 1386 1282 1423 me,
1315 1373 1515 1427 abneget
1537 1371 1830 1427 semetipsum
1864 1378 1909 1414 et

276 1449 403 1492 tollat
433 1463 614 1492 crucem
643 1462 772 1491 suam
802 1449 871 1500 6»,
903 1456 991 1492 etc.
1027 1447 1387 1504 Transfiguratio
1415 1448 1611 1491 Domini.
1650 1450 1719 1492 De
1748 1448 1908 1504 spiritu

272 1532 398 1567 muto
422 1533 466 1567 et
489 1525 703 1568 lunatico.
732 1526 802 1567 De
832 1526 1136 1570 adolescente.
1165 1527 1320 1568 «Vade
1341 1533 1386 1569 et
1407 1527 1555 1568 vende
1577 1526 1727 1568 omnia
1752 1528 1791 1565 ⁷»
1817 1533 1905 1568 etc.

273 1603 335 1644 At
358 1602 433 1645 ille
457 1602 596 1645 tristis
619 1601 746 1647 abiit.
779 1602 1025 1646 Suscitatio
1057 1602 1228 1645 Lazari.
1263 1604 1434 1646 Decem
1464 1602 1659 1658 laeprosi
1689 1602 1836 1645 sanati
1864 1602 1910 1645 in

271 1679 360 1731 via,
387 1679 464 1735 qui
488 1680 758 1722 clamabant:
789 1679 1027 1723 «miserere
1051 1680 1237 1732 nostri»,
1265 1687 1352 1724 etc.
1379 1680 1415 1722 E
1439 1679 1603 1735 quibus
1626 1694 1744 1722 vnus
1767 1686 1811 1723 et
1834 1678 1909 1722 ille

271 1757 360 1800 592
381 1756 698 1809 samaritanus,
739 1770 1003 1813 «regressus
1025 1764 1094 1802 est
1116 1771 1219 1800 cum
1258 1772 1424 1814 magna
1462 1771 1578 1801 voce
1611 1757 1910 1814 magnificans

274 1834 423 1877 Deum
454 1835 495 1872 8»
528 1842 615 1877 etc.
648 1836 718 1877 De
747 1835 946 1877 Zacheo.
974 1835 1044 1878 De
1074 1834 1227 1877 multis
1250 1834 1398 1878 caecis
1426 1834 1705 1877 illuminatis.
1738 1836 1808 1878 De
1837 1833 1910 1878 die

273 1911 522 1966 palmarum
546 1919 591 1953 et
614 1911 759 1967 gloria
782 1910 1083 1967 susceptionis
1106 1911 1289 1954 Domini
1314 1911 1358 1954 in
1384 1911 1686 1954 Hierusalem.
1713 1913 1782 1954 De
1800 1926 1909 1955 coe—

273 2002 331 2029 na
354 1987 551 2030 Domini.
582 1990 818 2031 Postremo
848 1988 923 2031 hic
954 1987 1245 2031 continentur
1274 1988 1423 2031 omnia
1455 1988 1668 2044 mysteria
1698 1988 1908 2031 sacratis-

273 2063 413 2107 simae
445 2072 490 2107 et
522 2064 840 2108 acerbissimae
879 2065 1050 2108 Christi
1088 2065 1310 2121 passionis
1343 2080 1487 2120 Vsque
1524 2066 1580 2108 ad
1618 2066 1906 2121 sepulchrum

274 2139 512 2184 inclusiue.
548 2143 708 2184 Posset
741 2142 816 2184 hic
850 2141 939 2185 dici
967 2143 1069 2185 loco
1092 2142 1326 2198 angelicae
1351 2143 1639 2199 precationis,
1673 2143 1744 2186 vel
1774 2142 1908 2184 simul

273 2231 377 2260 cum
401 2232 469 2269 ea,
495 2217 746 2261 versiculus
769 2218 857 2270 ille,
887 2218 1074 2263 scilicet:
1105 2220 1173 2262 «O
1197 2234 1278 2262 vos
1306 2234 1480 2272 omnes,
1507 2219 1583 2275 qui
1607 2219 1806 2263 transitis
1829 2233 1908 2275 per

273 2293 409 2347 viam,
436 2295 653 2337 attendite
678 2302 723 2338 et
746 2295 913 2348 videte,
939 2295 976 2337 si
999 2303 1068 2339 est
1090 2297 1217 2339 dolor
1240 2296 1357 2339 sicut
1380 2297 1506 2339 dolor
1528 2311 1655 2340 meus
1674 2297 1735 2339 ⁰.»

364 2373 510 2414 Pater
531 2376 701 2416 noster.
727 2374 826 2414 Aue
863 2373 1035 2426 Maria,
1059 2380 1146 2417 etc.
1184 2373 1452 2429 Mysterium
1477 2373 1804 2416 sacratissimae
1839 2388 1908 2417 re-

274 2447 566 2492 surrectionis
589 2448 759 2491 domini
783 2449 923 2491 nostri
941 2451 1051 2506 Jesu
1075 2449 1264 2501 Christi;
1290 2458 1335 2493 et
1364 2458 1432 2494 est
1461 2450 1638 2493 initium
1669 2450 1788 2494 vitae
1810 2449 1909 2494 eius

273 2531 452 2569 creatae
479 2525 756 2568 immortalis.
793 2526 925 2569 Adde
954 2526 1167 2581 mysteria
1200 2540 1254 2583 39
1283 2527 1457 2570 dierum
1487 2541 1630 2582 vsque
1660 2528 1716 2570 ad
1745 2541 1908 2570 ascen-

274 2615 464 2646 Sionem.

348 2763 355 2783 ¹
408 2764 552 2809 JoAN.‚
572 2763 638 2807 IV,
659 2763 694 2797 6.
1078 2766 1091 2784 2
1137 2764 1278 2808 JOAN.,
1300 2764 1367 2808 IV,
1390 2774 1449 2808 50·

345 2824 357 2843 ⁵
409 2824 552 2868 JOAN„
572 2823 622 2866 X,
644 2831 698 2866 11,
723 2830 779 2867 14.
1081 2824 1095 2843 ⁴
1146 2823 1332 2869 MATTH.,
1352 2824 1435 2867 XV,
1458 2824 1580 2860 22-28.

342 2883 356 2903 ὅ
407 2883 594 2926 MATTH.,
615 2882 721 2927 XVI,
747 2880 865 2926 13·19.
1079 2883 1094 2903 ¹⁵
1145 2882 1331 2922 ΜΑΤΤΗ..
1350 2883 1458 2928 XVI,
1479 2893 1539 2928 24.

345 2944 356 2961 ⁷
409 2943 595 2987 MATTH.,
614 2942 720 2987 XIX,
745 2941 864 2977 16-22.
1075 2944 1089 2961 δ’
1140 2941 1260 2987 Luc,
1280 2942 1407 2987 XVII,
1430 2950 1553 2988 12-19.

341 3002 357 3019 ‘³
408 3001 576 3045 JEREM.,
596 3001 779 3045 THREN.‚
799 3001 831 3045 1,
850 3009 905 3035 12.
