2028 3426
0 3240 2 3247 ⁴
2 2979 15 3195 ww
4 2946 14 2973 „a
5 2898 13 2941 ..ῳ
3 2861 18 2894 ’⁴3'

6 2831 11 2855 *Ἄ
4 2315 17 2822 ψ-ψῌΨᾌῌ-Μ),
9 2268 17 2308 ⁴.»
8 1805 17 2261 ›fluns-“mam
12 1729 17 1798 ——0-
13 1676 17 1722 Ἁ-
14 1649 17 1661 -
15 1631 17 1635 «

639 261 913 296 MONUMENTA
939 259 1203 295 ITALIAE——IS
1620 270 1684 306 177

111 379 208 408 rum
230 365 287 407 ad
313 362 638 415 confessiones;
673 362 730 404 ad
765 363 925 403 horum
963 360 1270 404 confessiones
1307 361 1610 416 excipiendas,
1647 362 1729 404 nisi

41 451 46 455 '
74 461 75 465 ¹
97 441 100 443 ’
110 447 286 498 paratos
309 440 578 483 haberemus
600 438 899 489 coadiutores,
928 452 1120 493 magnus
1148 437 1418 484 concionum
1452 438 1626 479 fructus
1651 453 1729 480 no-

109 517 178 560 bis
194 516 375 573 periret.
400 515 603 571 Singulis
625 515 785 558 diebus
807 516 864 557 ad
887 529 969 557 nos
992 514 1258 565 accurritur,
1287 522 1336 555 ut
1360 514 1570 557 iuuemus
1595 515 1723 556 mori-

66 600 67 603 ’
111 594 300 646 bundos;
325 594 413 635 hoc
443 593 536 636 fere
571 598 800 647 praestare
838 606 930 633 non
961 598 1152 646 possunt
1190 590 1396 645 professi,
1431 590 1621 642 etiamsi,
1655 591 1729 632 vbi

111 677 255 722 uacat,
280 669 429 712 omnia
450 670 619 711 obeunt
642 668 810 721 munia,
837 683 951 723 quae
975 667 1286 710 coadiutorum
1320 674 1427 709 sunt
1457 666 1649 722 propria.
1678 666 1728 708 In

109 746 325 803 collegiis,
349 760 436 801 que
454 746 600 789 solent
637 745 767 787 nobis
805 760 904 788 esse
941 743 1095 786 diuina
1132 743 1414 799 benignitate
1452 743 1726 798 frequentia,

107 823 353 868 audiendae
389 830 495 865 sunt
532 821 838 864 confessiones
875 821 1074 863 omnium
1117 820 1490 863 scholasticorum
1535 819 1729 875 singulis

76 948 77 951 Ἴ
107 900 351 952 mensibus;
372 900 631 950 multorum,
653 898 728 953 qui
746 913 828 940 sua
846 897 1087 940 deuotione
1107 904 1363 948 mouentur,
1384 896 1577 952 singulis
1595 896 1728 940 etiam

107 975 412 1020 hebdomadis.
439 976 513 1018 Ad
536 967 619 1018 has
641 974 965 1025 confessiones,
992 975 1048 1017 ad
1071 973 1325 1030 hospitalia,
1353 974 1409 1016 ad
1432 987 1651 1024 carceres,
1673 974 1728 1015 ad

107 1055 252 1098 danda
287 1052 520 1103 exercitia,
544 1053 601 1095 ad
638 1051 723 1094 alia
760 1051 902 1094 multa
936 1051 1196 1102 ministeria,
1229 1065 1466 1093 necessum
1497 1057 1566 1093 est
1596 1049 1726 1092 nobis

107 1137 285 1187 praesto
304 1144 419 1180 esse,
445 1129 522 1184 qui
544 1131 772 1186 professos
795 1138 839 1172 et
862 1128 1134 1172 Societatem
1166 1128 1340 1179 iuuent,
1367 1134 1413 1171 et
1439 1129 1521 1169 hos
1547 1126 1726 1181 quidem

107 1221 366 1250 exercemus
388 1205 434 1248 in
452 1205 547 1248 suis
567 1205 825 1248 ministeriis
842 1211 1084 1259 antequam
1102 1205 1160 1246 ad
1175 1205 1362 1259 plenum
1377 1203 1585 1260 gradum
1603 1203 1726 1244 coad-

109 1285 305 1326 tutorum
330 1296 636 1325 assumamus:
658 1290 931 1337 quapropter
955 1295 1192 1324 necessum
1216 1288 1284 1324 est
1308 1295 1386 1323 eos
1409 1295 1508 1324 esse
1534 1279 1726 1334 primum

72 1403 76 1407 ,
107 1361 376 1411 sacerdote53
403 1360 459 1401 ad
482 1374 616 1414 quem
659 1358 862 1403 ordinem
899 1358 1124 1401 neminem
1156 1372 1473 1413 promovemus
1496 1356 1573 1411 qui
1596 1358 1729 1398 noui-

107 1438 270 1479 ciatzmz
293 1451 384 1478 mm
406 1437 665 1492 expleuerit,
690 1443 795 1478 uota
818 1450 908 1478 non
930 1434 1120 1478 ediderit
1151 1434 1371 1490 simplicia
1398 1441 1442 1476 et
1472 1433 1622 1476 studia
1644 1447 1727 1475 sua

105 1528 195 1556 non
216 1514 615 1555 cozzsmwmauem‘t.
642 1514 797 1567 Itaque
820 1512 995 1554 nullum
1025 1511 1304 1566 ordinamus,
1337 1511 1413 1566 qui
1445 1520 1536 1552 non
1565 1510 1623 1553 sit
1649 1525 1727 1552 uo—

106 1591 277 1634 luntate
298 1605 380 1633 sua
401 1592 499 1633 Deo
521 1589 756 1632 dedicatus
777 1603 857 1644 per
881 1597 1001 1640 uota3
1028 1588 1104 1643 qui
1127 1603 1215 1630 non
1241 1584 1432 1651 accipiat
1454 1602 1536 1630 sua
1565 1588 1726 1629 uolun-

108 1673 199 1711 tate
220 1666 523 1710 conditionem
545 1666 683 1718 illam,
711 1673 759 1708 ut
783 1665 925 1721 possit
953 1665 1117 1707 dimitti
1145 1680 1170 1708 e
1198 1665 1440 1716 Societate3
1477 1668 1516 1705 et
1539 1663 1615 1718 qui
1638 1678 1727 1705 non

107 1743 164 1787 sit
184 1743 245 1786 ita
266 1743 487 1795 eruditus,
529 1750 578 1785 ut
615 1742 757 1798 possit
784 1743 1004 1787 ecclesiae
1036 1758 1091 1786 ex
1114 1756 1195 1784 sua
1235 1742 1447 1784 facultate
1486 1740 1658 1784 seruire
1680 1741 1729 1781 in

107 1821 310 1863 omnibus
331 1813 604 1862 ministeriis
620 1819 824 1875 parochi,
851 1820 1116 1875 gubernare
1145 1820 1280 1860 etiam
1309 1818 1482 1860 scholas
1506 1804 1729 1867 triuiales,

107 1899 236 1952 atque
257 1897 348 1939 alia
373 1911 579 1938 exercere
602 1897 833 1938 Societatz's
856 1897 1117 1938 ministeria
1139 1904 1172 1947 ἃ,
1199 1895 1320 1949 quod
1344 1894 1484 1949 pluris
1502 1893 1729 1935 aestimari
1791 1898 1796 1902 ’

61 1974 66 1977 ’
107 1980 254 2029 potest
275 1989 409 2029 quam
432 1973 469 2016 si
492 1974 549 2016 ad
571 1973 757 2029 simplex
780 1981 824 2016 et
848 1987 1038 2028 paruum
1061 1971 1351 2019 beneficium,
1379 1979 1427 2012 ut
1450 1971 1581 2021 solet,
1609 1969 1730 2012 ordi—

71 2043 74 2046 *
107 2058 304 2104 naretur,
330 2050 519 2106 simplici
542 2051 736 2105 quadam
758 2049 1073 2105 intelligentia,
1106 2049 1203 2092 sine
1234 2063 1317 2091 usu
1347 2047 1497 2102 aliquo
1526 2046 1729 2089 ministe-

108 2126 272 2169 riorum
296 2127 724 2179 ecclesiasticorum,
750 2135 794 2169 et
819 2134 967 2170 tamen
992 2125 1150 2177 nostri,
1175 2125 1213 2168 si
1236 2125 1541 2175 dimittuntur,
1575 2122 1620 2165 in
1643 2122 1730 2163 illis

108 2202 330 2255 omnibus,
356 2217 472 2257 quae
494 2202 706 2254 diximus,
723 2210 829 2245 sunt
847 2201 1058 2258 religiose
1075 2209 1119 2245 et
1137 2216 1240 2244 cum
1265 2199 1583 2244 obseruatione
1604 2212 1727 2241 exer-

110 2278 246 2322 citati.

192 2355 252 2399 48
280 2355 402 2414 (165)
437 2356 635 2398 Professi
664 2356 806 2398 nostri
842 2362 1037 2410 quatuor
1061 2362 1286 2407 uotorum,
1321 2368 1425 2395 cum
1455 2366 1510 2394 ex
1540 2351 1730 2393 formula

109 2431 300 2493 instituti
323 2447 413 2475 non
442 2433 588 2477 solum
617 2433 834 2484 moribus,
867 2433 946 2476 sed
972 2431 1113 2475 literis
1138 2417 1333 2475 debeant
1357 2445 1456 2472 esse
1479 2427 1726 2483 conspicui,

107 2506 154 2550 in
171 2510 472 2565 grauioribus
495 2509 751 2552 ministeriis
775 2518 1057 2565 occupantur
1074 2508 1330 2559 Societatis,
1351 2507 1397 2548 in
1415 2504 1728 2552 concionibus,

85 2611 89 2614 -
109 2583 154 2627 in
175 2586 313 2628 sacris
334 2586 621 2639 lectionibus;
641 2586 929 2642 praecipuam
948 2585 1326 2642 gubernationem
1345 2590 1528 2640 gerunt,
1555 2579 1730 2622 missio-

109 2675 188 2705 nes
209 2662 449 2716 sustinent3
474 2671 518 2705 et
543 2670 709 2716 tamen,
735 2662 772 2706 si
795 2664 916 2718 quod
938 2670 1007 2707 est
1029 2662 1115 2705 illis
1145 2676 1362 2717 uaquum,
1394 2660 1440 2701 in
1469 2658 1566 2701 aliis
1595 2654 1729 2699 etiam

101 2739 335 2782 -exercitiis
357 2747 656 2795 occupantur.

197 2816 322 2858 Haec
345 2817 467 2871 quod
489 2817 546 2859 ad
568 2831 785 2872 personas
807 2824 852 2860 et
874 2831 1029 2860 earum
1053 2815 1303 2858 ministeria
1326 2816 1561 2856 hactenus.

197 2893 327 2935 Vnde
349 2892 541 2949 intelligi
563 2900 710 2948 potest
733 2893 1009 2936 nouitiorum
1027 2894 1185 2935 domos
1208 2906 1284 2935 eas
1301 2905 1416 2942 esse,
1438 2888 1515 2930 ubi
1533 2902 1587 2930 ex
1602 2885 1730 2927 insti—

178 3008 196 3025 a
243 2999 354 3044 Quae
374 2999 515 3034 italicis
534 2999 676 3034 litteris
704 2999 792 3034 heic
811 3001 1015 3046 habentur,
1037 2998 1188 3034 Natalis
1207 3009 1322 3032 manu
1342 2997 1380 3031 in
1412 3000 1576 3040 utroque
1600 2993 1733 3028 arche—

99 3059 205 3107 ·typo
223 3063 379 3093 exarata
394 3063 502 3093 sunt.

285 3122 400 3172 Etmsr,
421 3123 459 3152 Ρ.
480 3124 614 3159 ΝΑοΑι,
635 3132 714 3152 τοΜ.
739 3124 803 3153 IV.
1523 3119 1555 3146 13
