2028 3426
333 211 401 248 492
803 202 956 237 PATms
984 201 1226 236 Hxsaorwm
1252 200 1404 237 NADAL

284 313 330 347 et
348 303 563 359 quamdiu
580 304 836 347 obedientia
853 302 1441 355 constituerit,confidendo
1455 317 1560 346 cum
1578 302 1733 345 diuina
1751 302 1913 359 gratia,

285 380 541 436 superiores
564 381 609 424 in
632 381 858 431 omnibus,
885 394 1001 434 quae
1031 378 1366 432 constituerint,
1398 379 1621 423 directum
1653 378 1706 421 iri
1739 393 1765 421 a
1797 380 1915 422 Deo?

372 457 446 500 An
469 458 707 501 videantur
730 457 813 499 sihi
837 455 987 498 idonei
1010 470 1110 500 esse
1128 457 1184 498 ad
1202 457 1459 500 docendum
1478 457 1523 499 in
1542 455 1709 499 scholis
1728 456 1911 509 nostris,

282 542 329 579 et
353 535 397 577 in
419 549 526 591 qua3
552 543 596 578 et
620 549 675 576 an
700 547 952 590 propensus
975 532 1033 575 sit
1055 533 1111 575 ad
1133 533 1409 576 docendum?

371 613 447 655 An
470 613 622 655 studia
645 611 743 654 eius
767 610 1036 653 imminuant
1058 610 1369 654 deuotionem?

375 689 553 744 Reliqui
576 688 955 732 examinabuntur
977 701 1032 730 ex
1050 686 1144 730 suis
1164 687 1349 743 regulis,
1371 688 1442 731 vel
1461 688 1759 732 conficientur
1777 701 1912 744 pecu-

282 765 408 808 liaria
430 766 651 816 examina,
679 780 733 808 ex
757 764 922 820 quibus
944 764 1218 808 examinatio
1240 764 1336 816 fiat,
1363 765 1485 819 quod
1506 764 1615 807 mihi
1644 780 1734 808 non
1764 772 1909 808 vacat.

277 923 360 965 366
596 933 657 963 DE
691 932 772 972 IIS,
808 933 937 971 QUAE
972 934 1033 963 AD
1066 933 1298 963 TEMPLUM
1333 932 1580 964 SPECTANT

370 1076 692 1130 Eleemosynae
714 1083 747 1127 ²²,
769 1089 884 1129 quae
906 1076 1071 1117 dantur
1089 1089 1170 1131 pro
1192 1074 1382 1119 ecclesia
1403 1083 1482 1118 aut
1504 1074 1718 1128 sacrario,
1745 1075 1913 1119 habere

279 1153 391 1195 solet
421 1152 678 1207 praefectus
705 1151 925 1196 ecclesiae
953 1166 1056 1194 cum
1086 1165 1310 1194 consensu
1341 1151 1549 1195 rectoris:
1582 1151 1655 1194 hic
1684 1166 1792 1196 vero
1819 1159 1911 1195 sta-

280 1236 391 1280 tuet,
418 1229 525 1283 quid
547 1229 603 1273 de
626 1228 680 1273 iis
703 1229 932 1285 agendum
956 1228 1029 1280 sit,
1056 1242 1203 1284 neque
1226 1228 1270 1270 in
1294 1228 1431 1280 aliud,
1465 1243 1600 1284 quarn
1630 1229 1762 1274 datae
1785 1236 1908 1281 sunt,

276 1306 608 1361 expendantur,
634 1312 679 1350 et
703 1319 1005 1362 expensorum
1029 1304 1227 1348 rationes
1249 1305 1508 1361 exigantur.

365 1383 542 1426 Canere
566 1383 747 1426 missam
769 1390 814 1425 et
837 1396 1061 1438 vesperas,
1088 1382 1163 1424 vbi
1192 1382 1294 1424 cani
1324 1382 1506 1424 solitum
1535 1390 1604 1425 est
1633 1382 1795 1426 diebus
1825 1383 1910 1425 do-

276 1460 452 1502 minicis
475 1468 519 1504 et
543 1459 684 1512 festis,
710 1467 847 1515 atque
869 1460 1066 1503 officium
1093 1459 1403 1503 hebdomadae
1432 1467 1632 1512 sanctae,
1658 1459 1702 1502 id
1726 1468 1810 1512 est,
1836 1459 1909 1504 die

277 1537 504 1593 mercurii,
524 1537 662 1592 jouis,
689 1537 884 1589 veneris,
910 1545 955 1580 et
983 1537 1160 1580 sabbati
1189 1537 1351 1589 sancti,
1383 1536 1443 1580 ita
1469 1537 1754 1594 intelligitur,
1787 1545 1835 1580 vt
1864 1537 1908 1579 id

278 1615 371 1665 liat,
398 1614 434 1656 si
458 1614 569 1657 satis
592 1614 721 1657 multi
744 1614 834 1657 sint
855 1624 912 1657 ex
935 1614 1116 1666 nostris,
1149 1623 1194 1657 et
1223 1628 1313 1657 non
1341 1614 1490 1658 desint
1517 1615 1776 1659 sacerdotes
1798 1628 1909 1657 con-

279 1690 554 1735 fessionibus
583 1691 820 1735 audiendis
848 1700 893 1734 et
922 1691 1143 1735 habendis
1171 1691 1486 1744 concionibus,
1517 1699 1595 1734 aut
1621 1691 1908 1743 lectionibus,

276 1768 349 1812 vel
380 1768 477 1811 aliis
511 1768 770 1812 ministeriis
802 1768 948 1824 magis
982 1768 1173 1824 propriis
1205 1767 1444 1812 Societatis
1475 1768 1756 1820 exercendis,
1793 1782 1910 1824 quae

275 1844 525 1889 ministeria
544 1855 725 1901 propter
744 1845 1004 1888 huiusmodi
1021 1845 1171 1888 officia
1189 1845 1334 1888 omitti
1353 1860 1442 1888 non
1461 1846 1641 1888 debent.
1661 1845 1906 1901 Quocirca,

274 1921 350 1963 vbi
384 1937 475 1965 non
508 1932 658 1974 erunt,
695 1923 772 1977 qui
805 1922 881 1965 illa
913 1930 1160 1978 praestent,
1193 1921 1339 1965 omitti
1372 1921 1522 1978 potius
1554 1923 1738 1974 debent,
1771 1936 1907 1977 quam

278 1999 449 2055 negligi
479 1999 657 2055 propria
686 1999 927 2043 Societatis
955 1998 1218 2052 ministeria3
1244 1999 1324 2042 sed
1348 2006 1498 2042 tamen
1520 1999 1653 2043 detur
1675 2013 1827 2056 opera,
1859 2007 1908 2042 vt

275 2078 388 2119 haec
413 2076 525 2118 ratio
548 2076 747 2119 externis
769 2077 1001 2133 probetur.

364 2154 437 2196 Ne
456 2153 774 2209 permittantur
797 2153 998 2198 extranei
1018 2154 1238 2197 fenestras
1255 2157 1335 2200 367
1353 2153 1541 2210 aperire,
1563 2168 1678 2209 quae
1700 2161 1907 2210 spectant

273 2230 331 2272 ad
354 2229 590 2272 ecclesiam
614 2230 909 2285 collegiorum
933 2231 1005 2273 vel
1026 2230 1278 2281 domorum,
1309 2243 1393 2273 nec
1422 2231 1642 2273 habeatur
1670 2231 1905 2286 speculum

275 2305 321 2347 in
345 2306 563 2348 sacristia.

363 2384 450 2427 Die
468 2383 646 2427 veneris
664 2391 837 2435 sancto,
859 2384 964 2425 dum
984 2397 1096 2426 crux
1114 2384 1344 2435 adoratur,
1366 2383 1476 2426 nihil
1495 2391 1754 2440 reponatur,
1776 2383 1903 2438 quasi

272 2461 330 2502 ad
353 2459 640 2516 accipiendas
662 2461 987 2520 eleemosynas3
1015 2461 1135 2514 quod
1159 2460 1196 2502 si
1219 2460 1327 2515 quid
1349 2461 1665 2517 eleemosynae
1688 2460 1901 2503 iactatum

275 2537 427 2589 fuerit,
462 2536 507 2578 id
541 2544 686 2580 totum
720 2536 994 2592 pauperibus
1026 2537 1322 2580 distribuatur
1354 2537 1534 2593 publice
1567 2538 1725 2581 eodem
1755 2537 1828 2581 die
1856 2537 1900 2579 in

273 2613 370 2669 ipsa
393 2613 595 2657 ecclesia.

362 2692 452 2733 Pro
474 2690 622 2733 missis
643 2698 688 2733 et
712 2690 1106 2733 communionibus
1129 2691 1262 2734 detur
1289 2705 1468 2747 semper
1490 2706 1545 2735 ex
1574 2690 1744 2733 meliori
1775 2690 1897 2743 vino,

272 2769 394 2823 quod
422 2767 541 2811 dorni
571 2768 807 2819 habeatur;
839 2768 959 2822 quod
989 2767 1025 2809 si
1054 2781 1144 2809 non
1170 2767 1390 2811 habeatur
1412 2767 1535 2810 dorni
1560 2768 1745 2819 bonum,
1771 2781 1900 2810 cure-

273 2852 346 2887 tur
369 2860 448 2900 pro
471 2844 616 2888 missis
639 2844 837 2889 aliunde.

341 3023 358 3038 a
407 3012 650 3057 eleemosyna
670 3023 740 3049 mS.
