2028 3426
320 205 389 241 268
793 205 946 241 Purus
971 205 1214 240 HieRONYMx
1240 203 1390 240 NADAL

360 307 476 349 Cum
500 313 633 349 erunt
656 305 899 362 sepeliendi
939 305 1104 348 mortui
1142 302 1300 357 nostri,
1330 305 1536 361 pulsetur
1573 319 1793 363 campana
1825 320 1910 349 no·-

269 390 381 436 stra,
403 391 452 426 ut
475 384 589 426 solet
612 384 731 439 apud
756 382 992 438 religiosos
1013 381 1086 424 hic
1111 381 1279 438 pulsari
1296 397 1378 438 pro
1405 382 1499 426 suis
1523 382 1728 426 mortuis.
1755 382 1805 427 Si
1830 383 1907 438 qui

268 459 346 503 alii
369 468 603 516 praeterea
620 459 894 515 sepelientur
917 458 961 500 in
981 459 1148 514 templo
1171 473 1227 502 ex
1249 457 1320 512 iis,
1346 459 1423 514 qui
1445 458 1517 502 ius
1538 459 1802 515 sepulturae
1824 460 1908 503 ha-

272 537 381 580 bent
403 537 523 587 (nam
548 536 593 578 in
617 536 787 579 ambitu
818 534 1108 591 priuilegium
1147 536 1367 578 habemus
1388 536 1510 591 quod
1543 535 1695 578 nullus
1717 535 1908 591 sepelia-

273 613 378 666 tur),
405 613 501 655 siue
525 612 661 668 aliqui
685 612 791 663 sint,
819 612 983 667 quibus
1000 611 1205 656 Societas
1222 612 1485 656 facultatem
1503 612 1678 656 dederit
1701 613 1909 668 sepultu-

275 704 351 733 rae
373 697 500 732 extra
524 689 746 739 ordinem,
774 703 853 744 pro
878 688 948 730 his
971 687 1181 730 omnibus
1204 687 1535 744 permittamus,
1563 696 1612 732 ut
1636 704 1692 733 ex
1715 703 1909 732 consue-

276 766 434 810 tudine
457 767 790 821 sepulturarum
817 766 1022 820 pulsetur
1045 774 1280 820 campana.

368 842 457 885 Vbi
482 857 590 885 uero
612 843 710 885 siue
734 841 924 894 externi,
957 856 1039 897 pro
1067 856 1149 884 suo
1178 841 1291 896 iure,
1319 843 1391 886 uel
1419 857 1498 899 pro
1530 838 1684 886 nostra
1722 857 1911 886 conces-

277 919 421 970 sione,
448 919 737 975 sepelientur,
764 919 886 961 nulla
910 918 1088 974 propria
1109 926 1350 963 censeatur
1372 934 1472 964 esse
1494 919 1728 976 obligatio,
1763 927 1812 962 ut
1834 933 1908 963 ce-

275 996 504 1039 lebremus
528 1011 609 1038 nos
633 996 813 1038 missam
852 996 1064 1051 aliquam,
1106 1009 1190 1039 nec
1223 996 1363 1039 nostri
1389 996 1600 1040 intersint
1629 998 1907 1053 sepulturae,

276 1071 361 1114 nisi
380 1072 631 1125 sacristani,
657 1072 733 1127 qui
757 1072 1120 1117 animaduertent
1144 1072 1252 1129 quid
1271 1073 1363 1116 fiet:
1385 1074 1441 1116 ab
1460 1073 1660 1118 externis
1677 1073 1798 1117 enirn
1817 1073 1911 1118 cle-

281 1148 386 1191 ricis
409 1149 557 1192 omnia
581 1157 686 1192 sunt
710 1150 987 1206 peragenda.

367 1226 706 1269 Intermitantur
734 1226 944 1279 letaniae,
971 1241 1088 1282 quae
1116 1228 1231 1271 fiunt
1261 1228 1308 1270 in
1333 1228 1501 1284 templo
1532 1227 1604 1271 die
1634 1227 1785 1281 lunae3
1818 1241 1911 1270 non

276 1302 613 1346 intermitantur
637 1311 788 1346 tamen
811 1304 949 1356 domi,
977 1304 1061 1347 nisi
1092 1304 1146 1348 iis
1174 1305 1352 1358 diebus,
1389 1305 1555 1360 quibus
1593 1313 1837 1348 cantantur
1866 1305 1910 1347 in

280 1380 461 1434 templo.

366 1457 435 1500 Ne
458 1464 642 1499 utantur
666 1458 848 1514 organis
871 1459 1183 1503 conducticiis.
1212 1461 1394 1504 Sueuus
1414 1466 1633 1504 tractetur
1652 1466 1701 1501 ut
1724 1459 1912 1502 coadiu-

274 1539 344 1574 tor
368 1533 625 1589 temporalis
646 1534 702 1577 de
725 1534 969 1588 Societate,
995 1543 1039 1580 et
1062 1536 1246 1580 omnino
1277 1537 1333 1579 ad
1363 1536 1636 1581 Societatem
1668 1535 1912 1592 recipiatur

275 1610 448 1664 absque
472 1611 698 1666 scrupulo.
723 1613 860 1667 Quod
877 1612 915 1655 si
933 1613 1182 1669 reperiatur
1204 1613 1409 1657 habitum
1428 1613 1657 1670 accepisse
1675 1613 1796 1669 apud
1813 1627 1911 1656 car-

277 1687 531 1740 thusianos,
559 1688 635 1730 fiat
675 1689 865 1731 uerbum
904 1704 1046 1733 unum
1083 1690 1251 1733 nuncio
1288 1705 1369 1747 pro
1407 1689 1761 1746 dispensatione,
1807 1689 1914 1733 uiua

277 1778 406 1816 uoce,
432 1765 700 1821 explicando
737 1766 777 1809 ei
802 1766 1062 1810 facilitatem
1087 1768 1167 1811 rei.
1196 1769 1334 1823 Quod
1363 1767 1401 1810 si
1431 1768 1503 1811 uel
1527 1767 1758 1810 minimam
1789 1767 1913 1810 diffi-

272 1842 489 1884 cultatem
514 1841 558 1884 in
582 1857 635 1885 ea
658 1858 705 1887 re
730 1844 913 1896 faceret,
940 1845 1062 1899 quod
1085 1846 1220 1889 vellet
1243 1845 1440 1901 diploma
1463 1844 1574 1896 fieri,
1596 1859 1653 1889 ne
1675 1851 1909 1900 urgeatur,

273 1915 355 1961 s'ed
378 1918 686 1963 dissimuletur
703 1922 825 1977 apud
848 1936 951 1966 eum
975 1929 1020 1966 et
1043 1922 1267 1966 scribatur
1288 1923 1345 1966 ad
1365 1923 1562 1965 Patrem.

368 1996 590 2039 Externos
613 1999 667 2040 ad
692 1997 940 2042 ministeria
963 1999 1228 2051 domestica,
1255 1999 1340 2042 nisi
1364 1998 1606 2056 singularis
1629 1999 1687 2042 sit
1709 1998 1912 2042 necessi-

279 2079 363 2123 tas,
391 2087 447 2116 ne
472 2074 637 2118 habeat
660 2081 826 2120 rector.
852 2075 1113 2132 Simplicem
1144 2083 1293 2132 potest
1321 2075 1531 2128 retinere,
1559 2076 1708 2132 quoad
1737 2075 1821 2131 ipsi
1847 2075 1914 2118 ui-

276 2148 472 2200 debitur,
500 2158 544 2192 et
566 2151 603 2193 si
632 2166 870 2196 necessum
893 2160 1014 2196 esset
1036 2152 1230 2209 aliquem
1260 2153 1482 2209 accipere,
1509 2152 1659 2209 potius
1683 2152 1914 2209 patiantur

279 2225 499 2269 iacturam
530 2227 574 2269 in
613 2228 872 2273 ministeriis
909 2230 1183 2282 domesticis,
1226 2244 1360 2286 quam
1399 2245 1504 2274 eum
1527 2229 1767 2286 accipiant,
1792 2230 1914 2286 quod

278 2303 554 2347 domesticae
577 2305 841 2361 disciplinae
864 2315 1040 2350 noceat.

367 2380 621 2435 Diligenter
643 2383 974 2436 examinentur,
1015 2383 1092 2439 qui
1125 2384 1170 2427 in
1193 2384 1467 2429 Societatem
1506 2383 1822 2427 admittuntur:
1856 2383 1914 2428 de

276 2466 476 2511 caetero,
504 2466 548 2501 et
567 2475 620 2502 ex
645 2459 697 2503 iis
719 2461 1003 2504 examinibus
1025 2469 1070 2504 et
1094 2461 1486 2514 instructionibus,
1514 2475 1628 2517 quas
1659 2463 1710 2504 Ρ.
1739 2460 1913 2504 Natalis

282 2535 464 2590 reliquit
506 2537 685 2588 rectori,
727 2538 837 2580 fiant
875 2538 1097 2582 examina.
1139 2538 1330 2582 Videtur
1367 2546 1517 2582 autem
1555 2538 1829 2589 consultum,
1862 2544 1913 2579 ut

279 2611 448 2666 primos
478 2620 567 2655 tres
597 2622 674 2655 aut
703 2622 919 2668 quatuor,
952 2615 1028 2670 qui
1057 2623 1164 2658 sunt
1190 2615 1457 2671 ingressuri,
1489 2614 1715 2658 examinet
1744 2621 1908 2666 rector,

282 2696 329 2730 ut
358 2688 461 2731 inde
500 2690 693 2732 habilior
723 2691 800 2733 fiat
839 2692 895 2733 ad
928 2692 1040 2735 alios
1078 2692 1382 2736 instruendos.
1418 2692 1610 2736 Videtur
1633 2705 1743 2736 uero
1765 2691 1912 2748 primo

279 2765 378 2807 loco
396 2766 674 2809 examinator
700 2768 879 2811 futurus
906 2771 956 2811 P.
985 2769 1241 2823 Cornelius3
1275 2784 1354 2825 pro
1384 2769 1436 2812 iis
1468 2783 1592 2822 uero,
1625 2768 1701 2824 qui
1730 2767 1911 2811 nonnisi

280 2842 539 2906 germanice
571 2852 753 2895 norunt,
790 2846 841 2888 P.
869 2845 1179 2902 &Volfgangus
1214 2848 1239 2889 ¹.
1275 2847 1325 2889 In
1354 2860 1462 2888 cura
1492 2844 1726 2901 hospitalis
1756 2857 1910 2887 caesa-

352 2953 360 2973 ¹
415 2954 461 2987 Ni
483 2953 660 2997 fallimur,
682 2965 809 2989 sermo
828 2961 888 2991 est
906 2956 954 2991 de
980 2957 1022 2992 P.
1050 2957 1288 3004 &Volfgango
1312 2957 1536 3004 Pijrringer,
1567 2956 1633 3004 qui
1659 2957 1697 2991 in
1723 2955 1912 2991 vindobo-

279 3012 389 3046 nensi
408 3014 584 3058 catalogo
603 3013 691 3048 anni
719 3014 808 3057 1566
833 3016 974 3052 dicitur
999 3023 1250 3064 «praeceptor
1275 3017 1486 3053 rhetorices
1511 3023 1551 3052 et
1575 3016 1796 3063 praefectus
1820 3027 1910 3052 can·
