2028 3426
326 271 369 298 10
900 265 934 299 N
937 273 1078 300 orn-112.
1105 274 1295 302 conicum

280 366 458 402 numeris
479 366 680 413 distincta,
701 367 850 414 quibus
871 369 1125 405 characteres
1146 369 1312 415 quidam
1332 381 1404 407 seu
1430 371 1610 417 virtutes,
1637 373 1818 420 spiritum
1844 374 1908 410 vel

274 435 493 473 medullam
539 437 705 474 instituti
752 438 964 475 Societatis
1005 440 1317 486 constituentes,
1354 447 1647 489 proponuntur.
1686 442 1906 482 Auctorem

274 508 395 556 hujus
416 509 600 555 opusculi
623 510 754 556 ipsum
775 509 960 546 Natalem
983 511 1165 546 extitisse
1196 522 1277 547 non
1306 511 1552 559 dubitamus,
1575 518 1660 550 tum
1687 515 1780 561 quia
1800 521 1910 552 tace-

272 584 336 616 tur
365 579 418 616 ibi
440 591 588 616 nomen
609 581 798 626 auctoris,
825 581 936 627 quod
963 586 1119 618 tantum
1147 581 1185 617 in
1213 581 1353 619 alienis
1382 583 1730 622 lucubrationibus
1758 590 1801 622 ut
1821 586 1909 634 plu-

273 651 417 687 rimum
439 650 595 688 Natalis
616 652 846 699 exprimere
868 652 982 692 solet:
1004 657 1088 688 tum
1110 652 1216 699 quia,
1238 658 1278 689 et
1302 665 1366 690 res
1383 653 1436 690 ibi
1459 655 1645 702 scriptae,
1667 661 1706 692 et
1732 657 1845 694 stilus
1871 662 1912 694 et

274 722 400 758 forma
423 722 633 769 loquendi,
655 722 808 759 Natalis
829 723 1035 771 ingenium
1064 724 1235 771 ejusque
1262 725 1442 762 intimam
1476 726 1810 764 constitutionum
1837 727 1908 765 So-

272 794 427 830 cietatis
450 794 726 842 cognitionem
757 800 894 841 aperte
923 795 1116 832 revelant.
1141 794 1357 833 Caeterum
1389 797 1489 833 haec
1519 797 1663 834 eadem
1685 798 1805 844 dicta,
1834 800 1909 836 hae

271 875 365 901 vere
387 876 533 902 aureae
554 866 791 911 sententiae,
813 866 963 913 passim
984 866 1022 902 in
1045 866 1399 904 exhortationibus
1433 867 1602 915 aliisque
1632 869 1785 906 Natalis
1812 871 1906 908 scri—

272 935 350 982 ptis
375 936 642 983 reperiuntur.
673 936 818 973 Manus
861 942 922 972 est
953 936 1080 973 Patris
1110 936 1302 984 Jimenez.
1342 938 1659 976 Emendationes
1689 942 1906 979 nonnullae

269 1007 394 1053 ipsius
415 1007 591 1044 auctoris
607 1018 729 1044 manu
751 1007 880 1044 factae
902 1007 1114 1045 habentur.
1137 1008 1220 1046 Inc.
1245 1019 1306 1046 «1.
1332 1009 1509 1057 Aunque
1530 1010 1565 1047 el
1586 1011 1711 1048 modo
1733 1012 1784 1049 de
1805 1013 1907 1050 viuir

271 1077 322 1114 de
345 1077 381 1114 la
405 1077 695 1126 Compai'ii'a...»
720 1079 816 1118 Des.
843 1079 960 1116 «...de
984 1079 1042 1116 las
1063 1091 1180 1117 cosas
1209 1081 1460 1129 espirituales
1481 1094 1505 1130 y
1527 1082 1579 1119 de
1599 1083 1718 1120 todas
1745 1085 1907 1131 comun,

270 1154 371 1186 etc.»
395 1149 487 1186 Hoc
509 1156 830 1196 monumentum,
858 1162 912 1187 ex
933 1151 1011 1188 alio
1032 1152 1176 1189 codice
1203 1152 1504 1200 depromptum,
1532 1154 1659 1191 edidit
1681 1154 1721 1192 P.
1743 1155 1905 1193 Astrain

270 1220 308 1256 in
340 1219 567 1258 llistorz'a...
595 1220 643 1257 de
661 1220 701 1258 la
728 1222 943 1259 asistencia
969 1222 1016 1259 de
1043 1222 1222 1273 Espa12a‚
1245 1224 1274 1269 I,
1308 1233 1391 1273 197.
1421 1224 1452 1260 F
1457 1225 1506 1261 ol.
1539 1236 1640 1274 349v
1672 1238 1817 1274 purum
1845 1239 1906 1264 re-

268 1296 416 1328 manet.

349 1362 433 1399 Fol.
459 1370 685 1412 35or-359r,
703 1364 876 1402 habetur
896 1366 1147 1403 enchiridion
1169 1367 1379 1414 quoddam
1402 1361 1746 1416 argumentorum,
1763 1381 1816 1406 ex
1839 1381 1902 1407 sa-

273 1434 349 1469 cris
371 1433 511 1470 litteris
527 1440 566 1471 et
587 1446 640 1472 ex
663 1436 844 1483 patribus
865 1442 906 1474 et
925 1437 1162 1476 doctoribus
1183 1439 1380 1476 ecclesiae
1409 1439 1710 1488 depromptum,
1732 1453 1806 1489 pro
1828 1441 1904 1478 fre-

269 1505 408 1551 quenti
430 1517 506 1542 usu
527 1507 794 1544 eucharistiae
815 1509 1115 1556 persuadendo,
1137 1521 1229 1547 cum
1256 1511 1433 1557 quadam
1456 1512 1520 1558 pia
1547 1512 1829 1550 adhortatione
1850 1513 1902 1550 ad

265 1587 420 1612 sacram
447 1577 638 1614 dominici
666 1579 847 1627 corporis
870 1581 1213 1621 communionem.
1245 1581 1405 1619 Titulus
1426 1582 1582 1630 duplex
1608 1584 1719 1621 ini-tio
1747 1585 1904 1632 positus

267 1646 448 1684 habetur:
471 1649 590 1696 prior,
612 1650 679 1696 qui
702 1655 810 1687 certe
837 1663 920 1688 non
947 1651 999 1688 ad
1027 1653 1134 1689 hunc
1154 1658 1369 1690 tractatum
1389 1654 1570 1701 refertur,
1598 1655 1751 1693 Natalis
1780 1668 1903 1694 manu

268 1724 473 1765 exaratus,
501 1720 553 1756 ita
583 1720 718 1757 habet:
750 1721 837 1758 «De
872 1722 1147 1760 obedientia.»
1185 1724 1309 1770 Alter,
1331 1723 1382 1762 ab
1417 1726 1558 1775 ignoto
1585 1727 1809 1775 appositus,
1843 1733 1905 1765 est

263 1790 507 1837 hujusmodi:
538 1791 625 1828 «De
656 1793 940 1834 eucharistia.»
964 1794 1123 1841 Manus,
1145 1795 1329 1833 diversae
1364 1796 1415 1834 ab
1450 1798 1509 1843 iis,
1531 1809 1637 1845 quae
1667 1810 1739 1847 per
1770 1804 1900 1836 totum

260 1861 367 1897 hunc
388 1862 574 1899 codicem
595 1865 914 1911 conspiciuntur,
937 1871 1030 1902 sunt
1051 1866 1224 1903 duorum
1252 1867 1517 1915 librariorum,
1539 1870 1605 1916 qui
1634 1870 1673 1906 in
1695 1881 1770 1906 suo
1790 1871 1899 1917 quis-

262 1943 341 1978 que
364 1934 632 1979 quaternione
661 1936 769 1972 varia
792 1936 844 1972 de
866 1948 949 1974 uno
975 1937 1206 1985 eodemque
1234 1945 1473 1988 argumento
1500 1941 1753 1989 conscripsit.
1782 1941 1899 1978 Pater

260 2014 357 2040 vero
378 2003 532 2041 Natalis
549 2017 595 2042 ea
618 2006 734 2043 simul
756 2007 930 2056 collegit,
947 2008 998 2044 ad
1021 2009 1175 2046 calcem
1195 2011 1319 2048 totius
1350 2011 1517 2058 codicis;
1538 2012 1633 2048 nihil
1656 2012 1764 2048 enim
1789 2012 1897 2049 aliud

258 2079 415 2121 postea,
436 2082 596 2123 praeter
611 2077 694 2114 duo
712 2078 805 2115 folia
825 2090 968 2125 vacua,
989 2080 1028 2116 in
1049 2081 1126 2117 hoc
1148 2081 1248 2118 libro
1269 2083 1478 2130 reperitur.
1627 2069 1630 2073 ⁴

340 2145 473 2194 Hujus
495 2148 648 2185 codicis
672 2149 806 2186 brevis
830 2150 1049 2198 descriptio
1080 2152 1253 2190 habetur
1279 2154 1317 2190 in
1343 2153 1524 2191 Menum.
1546 2153 1698 2202 lgnat.,
1723 2155 1806 2193 Ser.
1827 2154 1896 2201 IV,

262 2221 288 2252 t.
314 2216 342 2262 Ι,
361 2229 452 2266 pag.
482 2227 539 2264 19.

935 2327 1118 2367 Codex
1147 2328 1220 2367 57

340 2429 402 2467 De
428 2430 548 2468 rebus
573 2445 682 2481 cong.
704 2446 795 2482 gen.
823 2434 864 2471 I-
880 2435 1075 2472 VIL-In
1106 2437 1165 2483 f.⁰,
1195 2440 1445 2486 compositus
1473 2444 1670 2486 recenter,
1700 2445 1740 2476 et
1768 2451 1894 2477 mern-

259 2500 385 2538 brana
411 2513 433 2539 a
458 2508 573 2552 tergo
602 2510 832 2552 coopertus,
859 2507 922 2543 cui
951 2508 1051 2544 haec
1078 2509 1286 2557 inscriptio
1313 2511 1510 2558 apposita:
1541 2510 1640 2547 «DE
1667 2510 1840 2548 REBUS
1865 2511 1871 2559 Ι

259 2571 384 2610 CON.
415 2573 538 2611 GEN.
567 2574 570 2624 1
597 2574 632 2611 A
659 2576 675 2612 I
704 2576 779 2613 AD
807 2577 907 2614 VII»
941 2577 1111 2616 Constat
1139 2592 1259 2630 pagg.
1293 2589 1409 2630 1·532
1439 2582 1554 2632 sign„
1584 2582 1732 2629 quibus
1760 2583 1894 2630 aliqua

255 2643 458 2681 interdum
484 2645 578 2682 solia
604 2658 685 2683 non
713 2648 869 2697 signata
896 2649 1043 2686 inserta
1072 2657 1176 2695 sunt;
1205 2657 1244 2688 et
1265 2652 1304 2690 ff.
1331 2653 1507 2702 533-560
1527 2665 1582 2690 ex
1602 2659 1714 2702 parte
1733 2659 1890 2691 tantum

256 2714 357 2763 sign.
380 2714 571 2753 Continet
590 2719 700 2754 varia
721 2718 966 2757 documenta
987 2722 1217 2770 archetypa,
1239 2729 1282 2760 ut
1302 2724 1517 2771 plurimum
1537 2724 1588 2761 ad
1610 2729 1767 2770 septem
1783 2725 1890 2772 prio—

253 2796 318 2822 res
338 2788 678 2836 congregationes
699 2791 949 2837 pertinentia.
973 2791 1107 2829 Unum
1129 2793 1345 2831 dumtaxat
1365 2795 1417 2831 ad
1438 2795 1480 2833 P.
1501 2795 1686 2833 Natalem
1702 2800 1890 2844 spectans

256 2856 294 2892 in
317 2857 396 2894 hoc
424 2857 580 2904 codice,
607 2858 672 2896 fol.
694 2869 732 2905 9,
752 2862 988 2909 reperimus,
1010 2874 1064 2900 sc.
1093 2870 1243 2911 puncta
1269 2865 1414 2902 decem
1434 2866 1486 2903 ab
1505 2867 1594 2915 ipso
1621 2867 1890 2915 proponenda

255 2928 294 2964 in
331 2928 459 2976 prima
493 2932 810 2979 congregatione
841 2934 1029 2981 generali.
1061 2934 1207 2972 Manus
1237 2942 1297 2973 est
1326 2936 1486 2984 librarii;
1515 2938 1723 2975 annotatio
1753 2943 1887 2975 autem

251 2999 366 3044 haec,
387 2999 540 3037 Natalis
561 3003 827 3051 autographa,
848 3004 886 3040 in
908 3016 1064 3042 summa
1085 3006 1203 3053 priori
1225 3008 1373 3056 pagina
1393 3008 1576 3055 habetur,
1597 3020 1702 3057 quae
1722 3009 1887 3056 quidem

251 3069 304 3106 ad
332 3070 415 3107 duo
435 3076 592 3109 tautum
612 3073 744 3120 priora
764 3080 915 3122 puncta
934 3076 1113 3113 refertur:
1139 3077 1286 3126 «Quod
1308 3091 1503 3127 vesperae
1523 3093 1605 3118 non
1625 3080 1886 3118 introducan-
