2028 3426
671 195 1099 233 INSTRUCTloNEs-61
1582 201 1649 237 507

7 307 11 311 '
72 316 205 357 quem
228 300 455 343 interdum
477 299 763 354 alloquentur
785 297 922 352 aliqui
943 297 1000 340 ad
1023 297 1110 338 hoc
1131 293 1304 346 selecti,
1331 308 1525 348 quorum
1557 293 1696 336 collo-

72 377 189 434 quiis
205 376 351 420 iuuari
368 375 524 432 possit3
546 390 649 418 nam
667 389 769 430 spes
786 384 854 418 est
872 375 968 417 fore
991 381 1039 415 vt
1055 385 1272 416 successu
1289 370 1521 426 temporis,
1543 369 1696 412 diuina

73 456 255 497 fauente
277 453 439 509 gratia,
465 452 646 495 tandem
669 451 866 494 iuuetur.
900 451 1158 500 Caeterum,
1184 447 1222 490 si
1250 446 1295 489 id
1324 461 1414 489 non
1445 447 1696 500 sufficeret,

74 537 321 586 ageretque
344 529 638 580 tumultuose,
665 528 912 570 adducatur
935 526 980 568 in
1003 523 1390 575 deliberationem,
1416 530 1566 565 Vtrum
1586 536 1697 565 con-

75 606 228 650 ueniat
251 621 354 650 eum
376 605 554 648 mittere
576 603 929 660 peregrinatum,
954 603 1074 645 vnde
1096 590 1266 645 nonsit
1290 613 1571 642 reuersurus.

163 683 299 739 Quod
320 681 485 724 dicitur
506 681 563 723 de
585 680 805 736 capiendo
828 686 872 721 et
893 678 1205 721 concludendo
1228 691 1299 728 eo,
1325 675 1402 731 qui
1425 674 1695 730 aufugisset,

74 775 177 803 cum
200 774 257 804 ex
280 758 486 801 instituto
508 756 605 800 fieri
626 756 781 812 possit,
807 764 851 799 et
874 755 937 797 vti
956 755 1181 811 possimus
1198 752 1420 809 praesidio
1439 751 1696 807 diplomatis

77 836 205 880 Pauli
231 835 302 890 3.³,
328 842 373 879 et
402 834 459 888 4.ἰ
486 833 647 889 capitis
680 840 758 875 2:³⁶²
790 832 929 888 partis
961 830 1352 881 constitutionum3
1390 835 1557 880 tamen,
1593 828 1698 882 quia

76 928 176 956 raro
205 921 272 955 est
299 920 580 967 vsurpatum,
606 917 651 952 et
679 923 763 952 nec
794 911 846 951 P.
878 908 1078 965 Ignatius
1106 907 1170 950 vti
1198 920 1377 950 carcere
1410 920 1464 949 ex
1498 905 1701 959 professo

75 989 233 1041 voluit,
260 1003 343 1031 nec
368 990 419 1030 P.
447 989 645 1042 LayneZ,
670 1000 755 1048 nec
776 985 1074 1041 congregatio
1098 983 1323 1040 generalis
1345 987 1433 1028 400
1452 995 1583 1024 Vsum
1600 994 1701 1023 car-

77 1066 191 1109 ceris
212 1063 519 1121 praescripsit,
545 1062 998 1106 animaduertendum
1026 1060 1339 1117 superioribus
1367 1066 1452 1112 est,
1485 1073 1542 1102 ne
1572 1056 1702 1100 facile

77 1144 134 1186 ad
154 1157 250 1187 eam
275 1140 600 1184 districtionem
621 1139 824 1191 veniant,
848 1139 985 1181 immo
1007 1152 1114 1181 vero
1143 1151 1375 1192 nunquam
1404 1135 1490 1178 nisi
1517 1134 1702 1177 consul-

79 1219 263 1262 tissime.
291 1219 489 1261 Carcere
509 1231 618 1260 vero
640 1231 694 1260 ex
717 1216 920 1272 professo
945 1229 1034 1257 non
1059 1221 1256 1266 vtantur,
1283 1213 1368 1256 nisi
1390 1212 1597 1255 consulto
1620 1225 1702 1267 ge-

78 1295 218 1340 nerali
240 1293 515 1351 praeposito,
541 1301 586 1337 et
609 1307 700 1335 non
721 1306 775 1334 eo
798 1306 906 1334 casu
929 1292 1092 1344 solum,
1112 1290 1190 1346 qui
1207 1289 1356 1333 dictus
1374 1296 1458 1341 est,
1479 1303 1534 1332 eo
1553 1288 1703 1343 rigore

77 1372 141 1415 vti
163 1385 414 1427 possemus,
439 1371 518 1413 sed
539 1369 577 1412 si
600 1369 701 1424 quis
723 1384 779 1413 ex
801 1367 1107 1411 desertoribus
1130 1373 1250 1411 esset
1270 1366 1494 1422 petulans,
1515 1365 1703 1408 scanda-

77 1450 169 1491 lum
202 1456 247 1492 et
279 1447 507 1490 infamiam
540 1453 745 1490 moueret
777 1445 822 1487 in
857 1445 1148 1496 Societatem,
1183 1444 1229 1486 in
1251 1458 1355 1486 eum
1384 1457 1621 1499 possemus
1652 1455 1704 1485 ac

77 1526 345 1569 deberemus
369 1524 432 1566 vti
454 1530 608 1566 nostro
630 1523 742 1575 iure,
769 1537 824 1565 ex
847 1522 971 1565 bulla
994 1521 1140 1575 Pauli;
1167 1521 1288 1576 quod
1310 1520 1473 1562 mirum
1492 1534 1591 1563 esse
1613 1533 1702 1561 non

78 1603 280 1654 deberet,
306 1615 410 1644 cum
436 1603 488 1645 P.
512 1600 717 1656 Ignatius
740 1606 898 1642 contra
926 1606 1138 1641 externos
1160 1597 1307 1654 egerit
1329 1597 1374 1639 in
1403 1596 1571 1639 iudicio
1593 1595 1704 1639 acri—

77 1686 144 1723 ter
168 1679 228 1735 (in
250 1693 331 1721 eos
352 1677 540 1729 scilicet,
567 1677 644 1731 qui
667 1675 938 1720 Societatem
962 1675 1257 1729 infamabant)
1280 1689 1360 1730 per
1381 1673 1610 1730 legitimos
1633 1672 1704 1714 iu·

77 1756 216 1807 dices,
242 1762 291 1796 vt
313 1755 359 1796 in
384 1754 599 1798 Mathiam
622 1761 667 1795 et
683 1755 905 1810 Joannem
928 1768 954 1796 a
977 1754 1178 1795 Mercato
1205 1754 1232 1795 ¹.

168 1834 361 1875 Possent
382 1838 535 1874 autem
559 1845 584 1872 a
605 1829 724 1872 votis
747 1828 937 1881 absolui,
970 1829 1048 1883 qui
1076 1828 1351 1872 Societatem
1380 1826 1703 1878 deseruissent,

79 1908 115 1951 si
139 1907 289 1952 idonei
324 1922 414 1950 non
438 1914 560 1958 sunt,
586 1913 635 1948 vt
662 1905 828 1948 dicitur
855 1905 900 1947 in
929 1904 1345 1957 constitutionibus3
1371 1904 1451 1946 sed
1483 1910 1632 1946 tamen
1662 1902 1707 1944 id

79 1999 173 2028 non
195 1985 329 2028 debet
351 1983 502 2026 statim
526 1997 610 2027 nec
632 1982 762 2025 facile
784 1981 897 2034 fieri,
924 1997 982 2025 ne
1003 1983 1088 2024 hac
1111 1980 1327 2024 facilitate
1350 1980 1487 2035 aliqui
1510 1979 1707 2023 inuiten-

81 2067 155 2104 tur
178 2061 234 2103 ad
255 2060 574 2104 defectionem.
601 2060 797 2114 Quando
820 2073 927 2102 vero
949 2058 1156 2102 soluendi
1177 2057 1295 2100 votis
1317 2064 1485 2108 essent,
1512 2071 1602 2098 non
1626 2055 1705 2098 ali-

82 2144 149 2181 ter
174 2137 218 2180 id
239 2142 313 2183 401
345 2136 442 2180 fieri
465 2137 615 2188 debet,
646 2125 780 2191 quarn
804 2151 883 2191 per
910 2134 1219 2178 dimissionem
1253 2141 1377 2178 extra
1413 2133 1704 2184 Societatem,

82 2220 126 2256 et
155 2213 449 2265 contestando
473 2211 735 2255 huiusmodi
757 2212 964 2255 instituto
993 2219 1147 2253 nostro
1179 2210 1366 2254 idoneos
1388 2224 1481 2252 non
1510 2223 1624 2252 esse.
1659 2208 1708 2250 Si

84 2277 233 2334 tamen
267 2296 563 2333 censerentur
595 2290 651 2331 ad
684 2288 960 2332 Societatem
996 2288 1161 2340 idonei,
1196 2288 1253 2330 ad
1284 2300 1475 2341 eamque
1507 2285 1655 2328 vocati
1685 2301 1710 2328 a

20 2362 27 2405 ξ
86 2366 296 2427 Domino,
321 2380 412 2408 non
434 2373 541 2408 sunt
563 2365 680 2408 votis
702 2364 927 2416 soluendi,
953 2373 1010 2407 ne
1028 2364 1261 2408 videamur
1276 2362 1532 2405 consentire
1554 2376 1709 2404 eorum

86 2451 291 2499 peccat03
318 2443 397 2485 sed
414 2450 534 2486 esset
549 2443 883 2498 expectandum
901 2441 938 2484 si
955 2442 1012 2484 ad
1029 2441 1256 2484 meliorem
1276 2447 1474 2482 mentem
1493 2437 1705 2490 redirent;

86 2527 130 2562 et
154 2529 248 2562 tum
273 2520 472 2571 tandem,
502 2519 580 2561 vbi
609 2519 720 2561 nihil
747 2518 977 2563 videretur
1002 2517 1097 2574 spei
1126 2517 1367 2572 reliquum,
1398 2516 1468 2558 vel
1498 2514 1619 2568 quod
1650 2513 1711 2555 ita

87 2595 306 2639 vixissent
327 2602 454 2639 extra
476 2595 768 2648 Societatem,
799 2604 847 2638 vt
876 2610 968 2638 non
989 2602 1109 2638 esset
1131 2593 1241 2637 vtile
1269 2594 1471 2635 futurum
1495 2589 1711 2634 Societati

87 2672 186 2715 illos
203 2674 417 2728 recipere,
437 2673 510 2716 vel
528 2674 649 2728 quod
665 2672 1013 2716 obstinationem
1032 2671 1170 2714 animi
1186 2685 1276 2712 non
1293 2669 1555 2711 viderentur
1573 2667 1710 2709 emol-

88 2748 226 2805 lituri‚
252 2749 291 2792 si
312 2756 527 2805 rogarent
550 2748 796 2801 humiliter,
828 2756 876 2791 vt
908 2748 995 2791 illis
1022 2754 1128 2790 vota
1156 2746 1527 2795 dissoluerentur,
1560 2748 1712 2797 posset

89 2824 130 2868 id
156 2826 337 2869 tandem
359 2825 470 2870 fieri.

161 2991 171 3011 ¹
222 2991 283 3028 Cf.
305 2966 553 3036 Pormcum,
575 2990 742 3035 chron„
762 2992 792 3036 1,
817 2991 894 3035 1693
915 2995 954 3025 et
976 2989 1102 3035 Epist.
1124 2989 1172 3023 P.
1193 2986 1344 3028 Nadaz,
1363 2986 1411 3031 11,
1431 2985 1468 3029 6,
1487 2993 1522 3028 7.
