2028 3426
695 205 1033 240 INSTRUCT10NES
1042 225 1075 230 —
1083 203 1125 239 61
1609 206 1677 252 569

185 308 427 363 Quomodo
450 306 585 351 etiam
609 320 657 348 se
679 305 922 349 habuerint
951 304 996 347 in
1026 304 1344 348 obseruatione
1375 307 1652 361 regularum,
1679 315 1724 351 et

95 385 286 427 maxime
309 383 652 440 praecipuarum
676 381 795 439 (licet
817 380 982 436 alioqui
1006 395 1162 423 omnes
1189 381 1431 436 praecipue
1469 383 1723 427 censendae

94 461 217 517 sint),
241 467 289 502 vt
312 476 356 503 v.
383 475 431 516 g.
455 475 546 502 non
578 458 756 514 ingredi
778 458 824 500 in
847 457 1106 500 cubiculum
1142 457 1341 509 alterius,
1378 458 1488 499 nihil
1517 460 1721 514 accipere

95 551 178 580 nec
203 537 336 580 etiam
366 536 600 578 minimum
630 535 741 577 citra
769 535 1048 585 facultatem,
1084 549 1177 576 non
1210 540 1400 590 tangere
1437 534 1589 585 alium,
1631 550 1720 577 non

94 614 297 657 amittere
321 621 514 669 tempus,
540 626 632 654 non
654 611 849 655 scribere
872 612 945 654 vel
974 611 1173 666 recipere
1201 610 1353 653 literas
1381 611 1551 665 absque
1582 613 1722 654 facul-

60 744 63 745 7
95 698 202 742 tate,
227 690 403 733 etiamsi
425 704 557 732 casus
594 703 685 732 non
722 695 840 731 esset
868 694 1144 739 reseruatus,
1176 687 1213 729 si
1245 702 1335 742 qua
1363 687 1649 731 conuersatio
1681 688 1722 731 ei

93 768 164 810 vel
186 766 305 810 domi
327 767 398 809 vel
422 766 528 809 foris
550 765 772 816 nocuerit,
798 771 843 807 et
865 763 1128 807 nominatim
1152 765 1209 807 de
1232 764 1551 806 obseruatione
1581 779 1719 820 regu-

92 846 250 897 larum,
277 858 391 899 quae
419 844 475 887 ad
498 842 775 898 spiritualem
801 842 998 883 fructum
1019 840 1277 884 immediate
1300 841 1508 892 attinent,
1535 850 1583 882 vt
1610 855 1718 882 num

92 920 322 965 omiserint
343 920 610 971 orationem,
642 934 849 971 examen,
875 923 960 964 543
990 918 1190 971 missam,
1216 918 1438 970 confiteri,
1470 918 1720 960 communi-

91 1012 208 1050 care,
234 997 390 1040 audire
412 996 670 1047 conciones,
697 995 1033 1039 exhortationes
1062 994 1333 1050 spiritualeS,
1359 1002 1403 1038 et
1431 995 1488 1038 de
1511 994 1720 1036 omnibus

90 1074 269 1117 casibus
301 1072 556 1125 reseruatis3
593 1080 636 1116 et
660 1072 696 1114 si
719 1072 913 1115 dixerint
942 1070 1178 1115 veritatem
1202 1072 1383 1125 quando
1407 1072 1592 1115 fuerunt
1614 1086 1718 1114 exa-

91 1151 262 1194 minati.

179 1227 383 1283 Quilibet
405 1227 462 1271 de
484 1225 631 1268 officio
655 1240 754 1278 suo,
780 1240 869 1281 quo
893 1226 1026 1268 modo
1054 1225 1099 1267 id
1131 1225 1309 1278 obierit,
1344 1225 1390 1266 in
1420 1226 1556 1268 rebus
1580 1226 1717 1280 parti-

90 1305 334 1356 cularibUS,
367 1318 484 1359 quae
511 1302 658 1346 cuiuis
689 1304 805 1346 male
833 1302 1123 1359 contigerint.
1156 1301 1460 1357 Interrogabit
1487 1309 1718 1357 praeterea

89 1381 412 1432 confessarius,
445 1380 482 1422 si
520 1380 628 1434 quid
665 1379 749 1422 sibi
788 1387 1020 1435 praeterea
1057 1386 1286 1430 occurrat,
1323 1385 1368 1420 et
1405 1379 1460 1421 de
1498 1379 1567 1430 iis,
1600 1394 1717 1434 quae

88 1458 348 1502 coniectura
384 1456 548 1512 poterit
590 1456 791 1510 assequi,
834 1455 910 1510 qui
948 1455 1168 1498 rationem
1213 1455 1377 1511 accipit
1414 1456 1716 1499 conscientiae

87 1534 331 1590 contigisse
367 1534 452 1586 illi,
493 1547 633 1588 quem
665 1532 810 1586 audit,
847 1533 973 1575 iuxta
1012 1533 1133 1588 quod
1171 1532 1312 1588 ipsam
1350 1531 1480 1575 nouit
1516 1532 1715 1588 particu—

87 1611 256 1655 lariter.

174 1689 241 1730 Ex
262 1687 348 1741 his,
373 1701 490 1742 quae
517 1686 712 1729 diximus
736 1689 971 1738 hactenus,
998 1693 1104 1729 sunt
1126 1687 1282 1738 multa,
1310 1700 1425 1741 quae
1448 1687 1504 1728 ad
1534 1686 1716 1729 confes—

86 1764 256 1808 sionem
285 1763 479 1807 attinent
511 1764 903 1816 sacramentalem3
945 1764 1024 1806 sed
1062 1770 1298 1818 propterea
1336 1777 1415 1818 pro
1448 1761 1714 1817 acceptione

85 1840 277 1884 noticiae
300 1839 604 1882 conscientiae
626 1839 802 1882 illorum
832 1840 1166 1891 admonuimus,
1192 1847 1241 1881 vt
1262 1839 1358 1882 ⁴sint
1387 1846 1542 1895 parata
1575 1838 1715 1893 siquis

85 1923 260 1959 tantum
284 1917 502 1959 rationem
526 1916 716 1972 accipiat
739 1916 1060 1968 conscientiae,
1087 1931 1178 1958 non
1207 1916 1340 1959 etiam
1364 1915 1516 1958 audiat
1539 1915 1714 1957 confes-

83 1992 270 2046 sionem,
297 1993 491 2045 tametsi,
517 2001 565 2036 vt
587 1992 634 2035 in
656 2008 764 2037 vera
787 1992 1075 2036 confessione
1099 1992 1308 2035 audiatur
1332 1992 1444 2034 ratio
1473 1991 1713 2034 conscien-

23 2120 27 2123 ψ
84 2069 187 2122 tiae,
208 2085 384 2126 semper
400 2069 684 2126 particularis
702 2070 925 2112 confessio
943 2085 968 2112 a
986 2075 1075 2117 544
1094 2069 1296 2125 proxima
1319 2076 1387 2112 est
1405 2068 1707 2123 adiungenda.

83 2147 174 2189 Iam
197 2147 314 2190 enim
338 2162 446 2189 Vsus
469 2154 538 2190 est
559 2146 798 2190 Societatis
826 2154 874 2189 vt
897 2146 1070 2202 apertio
1095 2146 1398 2189 conscientiae
1426 2146 1505 2187 fiat
1534 2145 1578 2186 in
1602 2159 1709 2187 con-

83 2223 278 2267 fessione
308 2223 638 2275 sacramentali,
674 2223 848 2267 etiamsi
879 2238 948 2275 ea,
980 2238 1096 2279 quae
1124 2231 1310 2279 peccata
1339 2237 1429 2265 non
1459 2229 1579 2273 sunt,
1606 2236 1711 2276 pos—

18 2305 21 2308 ’
84 2299 174 2342 sint
195 2307 321 2343 extra
343 2300 672 2343 confessionem
694 2300 782 2342 dici
805 2308 850 2343 et
872 2314 1200 2355 nonnunquam
1224 2300 1434 2342 debeant.

171 2377 276 2420 Alia
298 2391 418 2433 pars,
443 2377 499 2419 de
522 2391 611 2431 qua
640 2377 783 2432 accipi
812 2377 947 2420 debet
976 2370 1090 2419 ratio
1119 2376 1438 2427 conscientiae,
1471 2382 1539 2418 est
1568 2376 1711 2418 deuo-

83 2453 272 2506 tionum,
298 2461 534 2509 gustuum,
560 2460 605 2497 et
628 2454 850 2496 bonorum
869 2467 1164 2496 successuum
1183 2452 1229 2494 in
1248 2454 1384 2496 rebus
1402 2450 1709 2507 spiritualibus

81 2537 126 2572 et
147 2530 322 2573 fructus
344 2530 537 2574 animae.
562 2532 631 2573 De
654 2530 726 2573 his
747 2530 889 2586 igitur
911 2538 978 2574 est
1008 2530 1397 2585 interrogandum,
1424 2525 1709 2583 peculiariter

73 2615 189 2649 'vero
211 2607 266 2649 de
289 2608 423 2649 modo
446 2614 491 2649 et
515 2621 597 2649 vsu
621 2607 854 2660 orationis,
880 2615 1018 2662 atque
1040 2607 1096 2649 de
1119 2606 1217 2649 eius
1239 2608 1406 2657 fructu,
1434 2605 1505 2647 vel
1524 2602 1706 2645 ordina-

83 2681 164 2734 rio,
190 2683 262 2724 vel
283 2682 657 2728 extraordinario.

722 2810 784 2839 DE
820 2808 1065 2838 ORATIONE

169 2912 260 2967 Qui
299 2913 502 2956 secundo
537 2914 672 2969 pulsu
705 2921 901 2969 surgunt
940 2914 997 2955 ob
1036 2911 1368 2962 necessitatem,
1411 2924 1501 2952 non
1539 2910 1706 2952 debent

83 2988 291 3033 omittere
313 2996 491 3046 tempus
512 3004 622 3033 suae
641 2990 875 3033 orationis.
