2028 3426
249 235 318 281 246
720 238 874 273 Pam-ms
902 238 1146 273 HiERONYMI
1173 235 1323 270 NADAL

202 352 305 381 nem
330 339 719 391 commensalium,
746 339 1027 395 accipientur
1049 344 1094 380 et
1116 337 1402 381 deducentur
1424 337 1469 379 in
1491 337 1664 394 praxim
1681 351 1734 380 ea
1756 352 1834 382 ca-

203 414 311 470 pita,
338 429 455 470 quae
476 415 644 459 vtiliter
666 424 710 460 et
734 415 935 459 suauiter
958 421 1172 470 poterunt
1203 413 1421 467 exerceri;
1448 421 1492 458 et
1520 421 1670 458 rector
1701 423 1837 471 gerat

203 491 482 548 spiritualem
507 508 663 536 curam
683 493 801 536 illius
819 493 997 534 domus.

293 569 514 613 Seruetur
536 571 711 626 regula,
738 584 853 624 quae
878 575 945 612 est
971 568 1017 611 in
1041 566 1189 611 officio
1212 568 1592 613 confessariorum
1619 571 1647 622 ¹,
1674 577 1722 612 vt
1755 571 1834 626 qui

203 653 272 689 est
300 646 450 689 socius
479 646 758 698 confessarii,
785 646 935 688 videat
973 645 1232 689 audientem
1267 645 1596 700 confessiones;
1636 648 1758 703 quod
1794 646 1833 690 si

203 722 494 778 prouincialis
517 731 594 766 aut
624 731 770 766 rector
794 724 961 767 habeat
993 722 1037 764 in
1067 736 1120 766 ea
1143 722 1338 778 aliquam
1363 722 1693 776 difficultatem,
1720 738 1839 768 con-

202 800 321 842 sulat
345 801 525 843 Patrem
545 801 820 856 generalem.

291 878 589 932 Frequenter,
615 885 663 918 vt
686 884 752 920 est
776 876 821 918 in
846 877 1021 932 regula,
1048 884 1282 920 mutentur
1299 877 1563 933 corporalia.

292 955 489 996 Vtantur
513 969 569 998 ex
594 954 809 1009 peculiari
833 953 1078 998 deuotione
1100 968 1218 1010 aqua
1240 953 1480 998 benedicta
1509 955 1729 999 aduersus
1752 970 1836 1012 pe·-

201 1029 283 1073 stis
307 1030 530 1083 iniuriam,
557 1038 603 1074 et
626 1038 754 1073 aceto
773 1038 816 1073 et
840 1030 1024 1086 reliquis
1047 1046 1103 1075 ex
1126 1031 1314 1074 consilio
1336 1031 1514 1074 medici.

289 1107 357 1152 Sit
379 1123 465 1150 vna
486 1108 779 1161 bibliotheca3
805 1116 850 1151 et
872 1108 990 1161 libri,
1008 1108 1085 1164 qui
1107 1116 1215 1152 sunt
1236 1108 1283 1151 in
1305 1108 1483 1160 minori,
1505 1110 1838 1154 transferantur

199 1185 256 1226 ad
280 1185 509 1235 maiorem,
535 1192 580 1227 et
603 1185 883 1230 collocentur
905 1180 1145 1242 separat'im
1169 1185 1214 1228 in
1237 1186 1337 1229 loco
1359 1186 1681 1231 commodiore.

288 1262 428 1305 Curet
451 1271 598 1306 rector
627 1276 683 1304 ne
727 1262 915 1305 nimium
951 1262 1228 1307 familiariter
1255 1263 1374 1306 inter
1404 1278 1452 1306 se
1480 1271 1621 1320 agant
1650 1264 1832 1318 fratres;

194 1339 314 1381 vnde
338 1338 433 1382 fieri
457 1339 696 1395 contingit,
724 1347 770 1381 vt
793 1340 839 1382 in
863 1355 915 1384 ea
954 1340 1258 1384 familiaritate
1289 1348 1335 1384 et
1363 1355 1468 1384 suas
1498 1340 1693 1385 inuicem
1720 1356 1829 1398 ape-

202 1414 319 1457 riant
343 1416 631 1468 tentationes,
653 1424 697 1459 et
719 1417 774 1460 de
796 1416 1106 1473 superioribus
1134 1425 1431 1461 murmurent.

290 1492 590 1536 Prouideatur
614 1507 670 1536 ne
692 1503 874 1550 propter
896 1494 1131 1550 penuriam
1157 1495 1428 1538 famulorum
1452 1495 1682 1551 patiantur
1703 1509 1834 1538 com-

197 1569 435 1613 mensales.

286 1646 477 1701 Regula,
507 1661 623 1702 quae
645 1648 855 1703 prohibet
878 1664 935 1693 ne
957 1649 1058 1705 quis
1080 1648 1362 1705 ingrediatur
1393 1648 1441 1691 in
1471 1649 1732 1692 cubiculum
1761 1650 1829 1692 al-

198 1721 353 1773 terius,
394 1723 503 1765 satis
542 1732 611 1766 est
633 1732 804 1780 aperta,
837 1740 942 1768 cum
972 1725 1094 1768 dicat
1116 1727 1214 1770 sine
1236 1725 1416 1770 licentia
1446 1725 1637 1769 ministri
1660 1726 1704 1769 id
1728 1727 1826 1770 fieri

195 1812 285 1841 non
316 1814 463 1854 posse;
496 1808 540 1843 et
574 1809 723 1844 tamen
753 1802 1022 1859 intelligitur
1051 1817 1142 1846 non
1179 1818 1279 1848 esse
1308 1803 1613 1848 necessarium
1644 1818 1670 1847 a
1697 1804 1829 1846 mini-

195 1883 288 1917 stro
310 1884 480 1931 petere,
508 1879 589 1921 sed
612 1878 746 1922 etiam
771 1879 906 1924 licere
929 1895 954 1923 a
977 1880 1209 1936 superiore
1226 1895 1305 1924 seu
1325 1888 1516 1924 rectore:
1543 1888 1588 1924 et
1612 1880 1802 1937 intelligi
1817 1907 1829 1913 -

193 1959 266 1993 tur
289 1953 344 1996 de
368 1953 548 1997 licentia
581 1956 784 2011 generali
822 1971 904 2001 seu
937 1957 1137 2012 speciali:
1164 1957 1237 2000 cui
1271 1965 1423 2002 autem
1453 1957 1728 2014 generaliter
1756 1958 1829 2000 vel

192 2029 445 2084 specialiter
468 2033 829 2086 concedendum,
856 2033 1010 2076 videat
1033 2034 1253 2090 superior.

282 2108 560 2163 Assignetur
583 2110 749 2166 cuique
768 2111 991 2155 sacerdoti
1009 2126 1120 2155 suus
1142 2112 1346 2155 minister
1368 2113 1424 2155 ad
1447 2113 1601 2156 altare.

281 2184 402 2227 Satis
425 2194 492 2229 est
515 2186 552 2228 si
577 2187 634 2228 ad
651 2187 806 2230 vinum
830 2187 1067 2230 adiiciatur
1091 2188 1249 2243 quinta
1271 2203 1374 2244 pars
1396 2203 1558 2244 aquae.

282 2261 480 2304 Curetur
506 2271 551 2304 vt
575 2263 806 2306 silentium
830 2272 1040 2308 seruetur
1061 2265 1107 2307 in
1138 2265 1400 2319 refectorio,
1425 2265 1560 2309 etiam
1591 2265 1709 2309 inter
1738 2267 1832 2309 Pa·—

195 2344 302 2381 tres.

283 2416 564 2459 Mundentur
583 2431 783 2470 mensae,
809 2418 937 2461 finita
959 2433 1116 2462 mensa
1139 2418 1296 2475 prima,
1322 2426 1371 2461 vt
1394 2418 1531 2462 moris
1554 2427 1622 2462 est
1645 2419 1765 2462 alibi.

284 2493 448 2535 Nullus
474 2494 661 2536 fratrum
692 2495 735 2537 in
771 2497 933 2551 hyeme
963 2495 1136 2539 habitet
1165 2495 1210 2538 in
1240 2495 1463 2539 cubiculis
1495 2496 1718 2553 supremis
1745 2498 1829 2540 do*

195 2582 310 2620 mus,
341 2568 421 2611 nisi
445 2570 535 2612 sint
554 2579 725 2626 parata.

284 2646 352 2687 Ne
376 2654 560 2689 vtantur
584 2648 783 2691 candelis
807 2665 862 2693 ex
885 2664 1024 2693 saeuo
1047 2657 1064 2675 ⁸
1087 2649 1132 2692 in
1150 2649 1314 2694 missis.

285 2722 387 2764 Non
414 2723 641 2777 permittat
664 2725 870 2781 superior
892 2733 939 2767 vt
963 2727 1124 2771 fratres
1146 2725 1263 2770 inter
1284 2741 1332 2769 se
1353 2726 1587 2782 disputent
1608 2727 1665 2771 de
1690 2741 1830 2784 regu-

195 2796 248 2839 lis
273 2799 342 2841 vel
368 2799 787 2844 constitutionibus:
814 2802 850 2845 si
873 2802 982 2857 quid
1011 2802 1238 2855 dubitant,
1264 2804 1504 2846 consulant
1526 2804 1823 2860 superiorem.

262 2908 277 2923 ιι
328 2897 407 2942 Sic,
428 2910 495 2943 pro
514 2900 598 2934 sebo
619 2901 680 2936 vel
699 2913 801 2940 sevO.

265 2988 271 3005 ¹
326 2986 385 3020 Cf.
408 2987 644 3022 [nstitutum
666 2989 874 3025 Societatis
895 2991 996 3036 Jesu
1025 2991 1271 3038 (Florentiae,
1302 2990 1624 3037 1892-1893),·III,
1645 2993 1831 3039 Regulae

190 3046 458 3089 sacerdotum,
478 3059 559 3092 reg.
582 3048 622 3082 18
658 3060 744 3095 pag.
769 3057 822 3093 15.

2016 145 2017 149 „
1984 0 2015 129 aga-,³3³
