2028 3426
314 239 385 276 270
788 230 944 265 PATms
971 229 1213 264 HiERoNYMi
1240 227 1391 264 NADAL

263 320 312 375 'in
336 333 487 388 aliquo
510 348 564 377 ex
589 332 675 375 illis
706 332 927 374 cubiculis
955 329 1168 382 ambitus,
1199 329 1276 385 qui
1305 336 1513 386 spectant
1542 330 1598 372 ad
1621 320 1832 386 plateam;
1859 339 1904 374 et

264 409 309 452 in
333 411 491 454 eodem
515 412 652 452 choro
681 415 973 465 reponentur,
1009 420 1311 462 quaecunque
1339 407 1477 450 habet
1508 408 1560 450 Ρ.
1588 407 1902 451 Theodoricus

264 486 310 529 in
332 487 512 529 sacello.
540 487 765 530 Sacellum
790 500 898 528 uero
918 483 1150 540 parabitur
1170 484 1400 536 decenter,
1435 490 1485 526 ut
1508 483 1597 527 illic
1626 484 1800 540 possint
1823 500 1902 528 au—
1922 470 1926 474 ¹

263 563 360 608 dire
383 564 564 607 missam
590 565 750 606 fratres
773 561 989 618 quotidie;
1016 561 1153 604 missa
1175 575 1302 614 uero,
1327 575 1462 616 quam
1485 561 1547 603 ibi
1577 561 1778 614 audient,
1812 576 1902 617 quo

265 641 338 685 die
361 648 467 683 sunt
491 639 835 687 comunicaturi,
861 639 923 681 ita
941 646 1091 682 autem
1115 646 1133 663 ³²
1155 637 1401 694 parabitur,
1424 645 1473 681 ut
1489 645 1729 695 postquam
1748 639 1901 684 audie-

264 717 354 760 rint
377 718 574 768 missam,
602 716 774 772 possint
798 715 954 759 uenire
971 716 1028 757 ad
1045 715 1182 759 finem
1205 713 1303 758 eius
1327 715 1506 769 missae,
1528 729 1644 770 quae
1662 714 1838 760 dicetur
1856 715 1902 758 in

264 795 391 837 altari
413 793 586 845 maiori,
613 801 656 836 et
680 792 1025 836 comunicare...

353 870 519 914 Omnia
549 871 664 913 ostia
693 869 1005 912 cubiculorum
1035 868 1126 912 sint
1162 867 1224 911 ita
1246 869 1417 921 clausa,
1445 876 1494 911 ut
1525 869 1674 925 quiuis
1703 869 1902 914 exterius

263 948 403 1004 possit
427 946 619 1003 ingredi,
646 953 961 1005 praeterquam
984 946 1188 998 rectoris,
1213 945 1404 989 ministri
1428 954 1473 991 et
1491 946 1808 1003 procuratoris.

353 1024 747 1080 Quemadmodum
772 1025 856 1066 hoc
879 1037 998 1066 anno
1023 1024 1191 1066 factum
1215 1031 1299 1077 est,
1325 1024 1381 1066 ad
1410 1024 1698 1080 sepulchrum
1722 1023 1901 1068 ueneris

264 1102 406 1145 sancti
431 1085 656 1157 per-uices
684 1100 832 1143 adsint
855 1108 937 1153 4.οῑ
966 1101 1125 1143 fratres
1150 1107 1244 1143 tota
1275 1108 1422 1153 nocte,
1455 1108 1710 1157 postquam,
1736 1100 1902 1144 clausis

268 1178 414 1222 ianuis
439 1178 609 1234 templi,
636 1192 791 1220 omnes
819 1177 994 1221 externi
1016 1177 1106 1220 sint
1144 1177 1331 1220 exclusi:
1372 1185 1480 1222 ante
1514 1180 1604 1222 hoc
1633 1185 1825 1235 tempus,
1852 1185 1902 1220 ut

267 1257 381 1299 solet
405 1256 448 1297 in
472 1254 733 1307 Germania,
760 1261 1001 1298 cantentur
1026 1262 1132 1298 tono
1155 1269 1475 1311 germanorum
1493 1255 1652 1312 psalmi
1671 1255 1774 1298 hinc
1797 1255 1901 1298 inde

264 1348 289 1375 a
314 1332 542 1383 fratribus,
568 1331 685 1374 binis
707 1331 811 1374 hinc
834 1331 954 1383 inde,
981 1331 1188 1387 quamuis
1221 1347 1313 1375 non
1337 1332 1394 1376 sit
1422 1331 1484 1375 ita
1512 1347 1697 1376 necesse
1727 1339 1777 1375 ut
1807 1340 1901 1376 tota

264 1416 399 1453 nocte
421 1416 622 1453 cantent.
650 1410 844 1452 Possent
866 1409 1054 1453 concedi
1076 1423 1129 1452 ea
1160 1416 1308 1462 nocte,
1342 1416 1579 1466 postquam
1609 1409 1899 1454 discesserint

262 1485 452 1539 externi,
477 1486 741 1541 disciplinae
769 1485 815 1527 in
853 1487 1008 1538 choro,
1039 1486 1117 1529 ubi
1155 1495 1338 1529 manent
1376 1486 1552 1538 nouitii,
1579 1501 1658 1543 per
1687 1486 1829 1541 uices,
1854 1486 1900 1529 id

264 1570 348 1615 est,
376 1570 425 1605 ut
455 1576 505 1605 Io
528 1563 602 1606 uel
630 1575 678 1605 12
703 1563 858 1615 semel,
884 1573 929 1606 et
958 1575 1008 1606 10
1031 1563 1104 1606 uel
1133 1575 1182 1606 12
1201 1563 1363 1606 iterum
1386 1564 1540 1608 semel.

353 1639 567 1682 Officium
591 1640 902 1684 hebdomadae
923 1647 1108 1684 sanctae
1130 1641 1208 1683 fiat
1232 1647 1280 1684 ut
1302 1642 1388 1684 hoc
1413 1642 1581 1684 factum
1605 1648 1673 1684 est
1697 1641 1832 1693 anno,
1854 1648 1899 1686 et

266 1718 432 1760 Romae
455 1718 521 1769 fit,
547 1724 725 1774 praeter
747 1717 1055 1773 sepulchrum,
1081 1717 1212 1760 cuius
1235 1717 1320 1761 alia
1343 1726 1412 1762 est
1441 1718 1554 1762 ratio
1576 1718 1621 1761 in
1654 1719 1899 1762 Germania

264 1801 309 1836 et
333 1808 460 1839 usus,

355 1871 616 1914 Portabitur
638 1885 747 1914 uero
784 1879 1117 1915 sacramentum
1147 1873 1204 1915 ad
1232 1873 1523 1928 sepulchrum
1555 1887 1658 1915 cum
1690 1873 1743 1915 iis
1773 1887 1896 1916 cere-

266 1948 442 2000 moniis,
470 1948 634 2003 quibus
656 1949 771 1993 solet
802 1950 989 2002 Romae,
1025 1948 1108 1991 nisi
1137 1949 1195 1992 sit
1223 1949 1308 1992 alia
1340 1950 1624 1993 consuetudo
1661 1950 1896 1993 catholicis

265 2025 488 2077 comunis,
515 2040 630 2081 quae
652 2041 677 2069 a
700 2025 830 2068 nobis
847 2026 1027 2082 probari
1045 2026 1200 2082 possit.

353 2103 401 2144 In
432 2110 613 2145 sanctos
651 2104 854 2159 angelos,
896 2103 973 2158 qui
1005 2104 1266 2159 gubernant
1297 2103 1611 2156 Germaniam,
1647 2104 1691 2146 in
1717 2111 1899 2148 sanctos

267 2179 539 2223 Germaniae
561 2187 606 2222 et
623 2179 821 2223 ciuitatis
843 2180 901 2224 sit
920 2179 1160 2236 peculiaris
1183 2180 1383 2224 deuotio.

355 2256 539 2299 Etiamsi
559 2257 634 2312 qui
658 2258 827 2301 habent
851 2264 958 2300 uota
978 2256 1024 2299 in
1048 2259 1135 2300 hoc
1157 2257 1350 2314 collegio
1374 2272 1463 2301 non
1495 2258 1684 2302 fecerint
1706 2258 1898 2315 promis-

266 2332 437 2376 sionem
463 2333 764 2378 distribuendi
786 2335 922 2387 bona,
948 2334 985 2377 si
1008 2349 1124 2390 quae
1156 2336 1342 2387 habent,
1375 2335 1499 2378 iuxta
1527 2335 1785 2378 institutum
1815 2337 1898 2381 So-

266 2409 457 2462 cietatis,
485 2411 539 2453 de
578 2426 667 2465 quo
698 2413 892 2455 habetur
923 2411 970 2454 in
1002 2411 1225 2468 principio
1247 2425 1274 2465 4
1312 2426 1410 2468 cap.
1439 2412 1674 2465 examinis,
1701 2427 1790 2456 non
1814 2413 1898 2457 erit

266 2487 587 2538 necessarium,
615 2502 717 2530 cum
742 2495 848 2532 uota
872 2489 1085 2541 habeant,
1112 2488 1231 2531 illam
1254 2489 1596 2545 promissionem
1620 2490 1772 2542 edere,
1794 2503 1896 2533 cum

266 2578 319 2605 ex
344 2571 450 2605 uoto
474 2564 757 2608 obedientiae
792 2566 845 2607 ad
870 2564 916 2607 id
953 2564 1232 2621 obligentur.
1263 2565 1355 2621 Qui
1387 2574 1538 2610 autem
1565 2574 1674 2610 uota
1704 2581 1795 2610 non
1819 2569 1897 2610 ha-

264 2640 387 2690 bent,
414 2640 449 2683 si
470 2640 589 2681 illam
614 2641 955 2696 promissionem
979 2657 1070 2685 non
1094 2641 1348 2696 ediderunt,
1375 2642 1518 2698 primo
1536 2642 1742 2686 examine
1761 2644 1898 2686 edant

265 2716 384 2758 illam
409 2717 769 2772 promissionem,
809 2726 855 2761 et
881 2719 939 2762 de
972 2727 1152 2764 caetero
1189 2720 1459 2763 obseruetur
1487 2719 1746 2775 diligenter,
1781 2727 1829 2763 ut
1851 2719 1896 2763 in

265 2792 406 2847 prima
436 2795 715 2849 probatione,
748 2809 852 2837 cum
887 2795 1220 2848 examinantur,
1241 2797 1377 2840 edant
1401 2796 1520 2839 illam
1550 2796 1897 2852 promissionem

267 2884 477 2912 omnes...

334 3046 349 3060 -ἰ
378 3035 456 3078 Sic,
478 3036 546 3071 sed
572 3048 861 3083 supervacanea
880 3038 975 3073 haec
995 3038 1182 3085 particula
1201 3039 1366 3077 videtur.
