2028 3426
1330 115 1340 133 Ι

381 239 452 268 220
855 231 1008 267 PA‘rms
1034 231 1277 266 HfflRONYnu
1303 228 1453 266 NADAL

333 332 484 376 bilitas
507 333 707 389 excuset)
730 333 996 376 habeamus.
1019 334 1140 376 Vsus
1159 346 1269 376 uero
1286 332 1392 376 fidei
1409 333 1466 376 ad
1483 332 1698 377 iustitiam
1723 335 1964 391 agendam,

334 418 384 453 ut
421 417 744 453 commonstret
779 410 895 452 idem
925 424 976 452 ac
1005 409 1277 465 persuadeat
1304 408 1351 451 in
1381 409 1563 453 Christo
1591 425 1671 467 per
1697 411 1784 454 alia
1811 425 1963 455 sacra·

335 495 486 531 menta
510 487 639 530 nobis
663 494 847 529 auctum
878 486 931 528 iri
960 485 1171 541 gratiam,
1197 485 1235 528 si
1265 500 1349 529 nos
1377 500 1481 529 cum
1518 487 1674 531 diuino
1711 488 1877 532 auxilio
1908 489 1966 532 ad

332 579 387 608 ea
408 572 425 589 ⁵¹
448 578 784 620 praeparemur,
808 571 901 604 tum
925 561 1058 606 etiam
1084 562 1243 618 augeri
1266 563 1397 606 nobis
1420 565 1692 620 persuadeat
1714 579 1793 621 per
1810 574 1966 610 nostra

334 655 470 696 opera
494 640 539 682 in
563 640 721 696 spiritu
746 638 934 690 Christi,
956 653 1035 694 per
1057 638 1302 684 inhaerens
1324 640 1496 684 donum
1519 641 1755 685 charitatis
1771 642 1816 684 in
1835 643 1965 686 nobis

331 717 522 761 efficaci.
551 719 770 773 Magnum
796 723 863 759 est
887 718 973 758 hoc
995 716 1185 768 donum,
1212 717 1333 771 quod
1357 724 1447 759 tam
1471 717 1627 762 diuina
1649 719 1780 762 nobis
1808 719 1957 764 miste-

333 794 396 836 ria
424 802 468 837 et
497 795 614 836 dona
637 799 962 849 commonstrat
990 791 1008 817 ¹³
1037 806 1088 835 ac
1117 779 1376 849 persuadet,
1403 808 1506 837 cum
1540 795 1705 850 quibus
1734 797 1799 853 (ut
1832 797 1965 840 nobis

333 870 502 914 iustitia
525 870 824 926 comparetur)
857 869 1060 922 adiuuat,
1094 877 1143 912 ut
1172 871 1533 924 fundamentum,
1570 872 1666 916 sine
1693 887 1784 928 quo
1813 874 1963 917 nullus

331 948 430 991 Deo
454 948 629 1003 placere
651 954 815 1002 potest.

422 1025 542 1067 Vsus
568 1038 676 1066 uero
700 1023 793 1079 spei
817 1037 1036 1078 syncerus
1059 1023 1132 1076 sit,
1159 1030 1224 1076 ut,
1250 1038 1366 1079 quae
1394 1034 1746 1070 commonstrata
1774 1041 1827 1070 ac
1859 1042 1963 1084 per-

331 1116 462 1145 suasa
480 1108 586 1144 sunt
608 1100 737 1144 nobis
756 1114 835 1156 per
857 1100 1010 1152 fidem,
1032 1099 1078 1142 in
1098 1100 1165 1144 his
1183 1115 1274 1143 non
1292 1103 1640 1155 confundamur,
1662 1104 1741 1147 sed
1758 1104 1962 1148 firmissi-

331 1193 454 1221 mum
476 1180 724 1222 habeamus
746 1177 956 1221 solatium
979 1191 1030 1221 ac
1054 1177 1264 1221 fiduciam
1287 1194 1342 1222 ex
1365 1179 1568 1225 bonitate
1589 1188 1634 1224 et
1657 1180 1962 1224 misericordia

331 1256 413 1299 Dei
437 1271 515 1312 per
531 1257 641 1313 Jesu
660 1255 766 1311 Xpi.
789 1255 981 1311 gratiam
1007 1262 1051 1299 et
1074 1255 1302 1309 meritum,
1324 1257 1482 1300 mediis
1505 1255 1550 1300 in
1572 1257 1671 1314 ipso
1695 1258 1751 1301 ad
1775 1258 1819 1301 id
1841 1258 1960 1302 ordi-

331 1333 447 1376 natis
470 1332 864 1385 concurrentibuS,
889 1331 1061 1377 scilicet
1083 1347 1159 1389 per
1184 1335 1467 1378 sacramenta
1489 1341 1535 1379 et
1558 1349 1693 1391 opera
1715 1336 1852 1389 bona,
1879 1350 1962 1379 nos

331 1417 621 1454 assecuturos
655 1409 794 1452 uitam
818 1415 1046 1453 aeternam
1070 1417 1115 1452 et
1138 1409 1310 1465 reliqua
1338 1411 1478 1465 dona,
1503 1412 1727 1456 contraria
1750 1427 1859 1456 uero
1881 1415 1962 1458 de-

330 1488 567 1530 uitaturos.

418 1564 630 1607 Charitas
654 1578 762 1607 uero
786 1563 980 1607 maxima
1011 1563 1229 1607 uirtutum
1258 1573 1343 1617 est,
1376 1565 1516 1610 maior
1544 1567 1649 1619 fide,
1689 1567 1830 1611 maior
1862 1582 1957 1624 spe:

327 1656 379 1685 ea
409 1656 657 1696 numquam
689 1640 871 1694 excidit,
908 1649 1169 1697 perseuerat
1190 1642 1364 1687 scilicet
1392 1643 1437 1685 in
1469 1644 1613 1696 coelo,
1639 1645 1823 1688 exclusa
1851 1645 1956 1697 fide,

330 1720 515 1762 exclusa
538 1734 632 1775 spe.
662 1719 811 1774 Quale
840 1718 980 1775 igitur
1010 1719 1214 1763 diuinum
1244 1734 1344 1764 esse
1371 1720 1496 1763 dabit
1524 1720 1569 1763 in
1597 1721 1788 1771 ecclesia
1816 1721 1960 1764 triun-

328 1795 486 1851 phanti
509 1794 676 1838 nostris
707 1794 959 1847 animabus,
990 1795 1110 1839 idem
1139 1796 1216 1838 dat
1244 1796 1289 1839 in
1317 1798 1402 1839 hac
1433 1796 1588 1841 militia
1625 1798 1858 1850 ecclesiae,
1894 1806 1959 1841 ta-

327 1872 460 1916 metsi
485 1872 531 1913 in
556 1873 686 1916 coelo
709 1871 926 1915 illustrior
948 1873 1027 1915 fiat
1048 1887 1103 1916 ex
1133 1872 1304 1929 gloriae
1335 1873 1665 1930 magnitudine3
1697 1875 1820 1930 quod
1852 1889 1960 1918 uero

326 1949 403 1991 dat
427 1949 470 1991 in
495 1952 580 1992 hac
605 1949 714 2003 uita,
739 1948 784 1991 in
808 1948 1068 2005 aenigmate
1091 1949 1220 1993 nobis
1243 1964 1323 2006 per
1345 1950 1479 1994 fidem
1502 1950 1757 1994 insinuatur
1785 1965 1836 1995 ac
1859 1966 1958 2008 per-

325 2027 559 2068 suadetur.

417 2105 503 2145 Per
526 2104 645 2146 hanc
668 2103 808 2160 igitur
833 2102 1045 2146 uirtutem
1064 2102 1220 2146 unitur
1236 2102 1370 2146 nobis
1387 2103 1583 2160 Spiritus
1600 2112 1801 2157 sanctus,
1822 2105 1956 2148 Chri-
1980 2134 1982 2137 v

326 2187 441 2231 stus,
470 2179 614 2223 uirtus
636 2180 808 2233 diuina,
833 2181 976 2233 Deus3
1013 2187 1224 2236 operatur
1251 2181 1370 2224 enim
1399 2181 1446 2224 in
1474 2180 1568 2224 suis
1590 2181 1810 2225 creaturis
1831 2183 1957 2226 Deus

327 2271 406 2311 pro
430 2272 586 2300 eorum
611 2258 870 2301 conditione
892 2271 944 2300 ac
967 2257 1128 2313 gradu3
1150 2256 1201 2300 ac
1220 2257 1328 2311 uim,
1349 2272 1483 2313 quam
1501 2273 1526 2301 a
1548 2259 1648 2302 Deo
1664 2267 1952 2315 acceperunt,

325 2333 369 2374 in
396 2333 472 2376 illo
497 2342 541 2378 et
565 2349 643 2390 per
665 2334 789 2377 illum
815 2333 1024 2387 retinent;
1051 2341 1096 2378 et
1118 2333 1298 2389 quidem
1322 2334 1367 2377 in
1395 2335 1490 2378 sola
1518 2335 1607 2379 fide
1635 2323 1954 2391 perfectionem

328 2425 418 2452 non
442 2419 654 2466 operatur
672 2412 714 2453 in
740 2411 871 2454 nobis
893 2412 1034 2462 Deus,
1062 2418 1237 2454 tantum
1267 2411 1484 2468 principia
1515 2411 1636 2465 iacit,
1668 2411 1877 2468 proponit
1905 2426 1956 2455 ac

326 2489 569 2542 persuadet
592 2488 754 2540 media,
781 2487 945 2543 quibus
968 2489 1161 2532 salutem
1183 2495 1403 2543 quaerant
1424 2489 1655 2533 mortales
1681 2489 1796 2545 Spes
1819 2502 1956 2545 expe-

326 2563 571 2607 ctationem
597 2579 648 2607 ac
671 2564 881 2608 fiduciam
906 2565 1057 2617 habet,
1084 2579 1174 2608 non
1198 2565 1528 2620 possessionem
1551 2573 1582 2610 C:
1616 2565 1811 2609 charitas
1833 2580 1955 2609 sum-

327 2654 448 2682 mum
487 2650 554 2683 est
593 2642 778 2694 donum,
820 2656 910 2697 quo
943 2641 1297 2698 apprehenditur
1327 2641 1587 2686 immediate
1619 2644 1744 2686 Deus
1777 2656 1829 2685 ac
1862 2642 1957 2686 uita

323 2724 506 2760 aeterna
532 2717 691 2773 [gratia
714 2718 833 2761 enim
852 2717 937 2762 Dei
956 2718 1048 2761 uita
1071 2724 1254 2762 aeterna
1281 2720 1309 2770 ¹3
1331 2717 1472 2772 uenit,
1494 2718 1720 2773 Christus,
1743 2726 1793 2762 ut
1816 2719 1955 2762 uitam

325 2795 574 2838 habeamus
593 2796 639 2848 ²),
662 2810 764 2837 nam
788 2795 862 2838 illa
885 2803 953 2840 est
975 2796 1131 2839 eadem
1150 2794 1364 2847 charitas,
1386 2794 1495 2838 illud
1514 2796 1700 2849 donum,
1721 2796 1842 2851 quod
1861 2811 1956 2838 ma-

394 2904 410 2920 a
461 2893 526 2929 Bis
551 2895 622 2929 hoc
646 2896 756 2932 verb.
782 2900 843 2930 est
862 2896 900 2931 in
919 2907 991 2932 ms.
1043 2897 1108 2923 —b
1134 2898 1413 2931 commonstret
1432 2893 1511 2934 ms‚'
1554 2905 1618 2924 ..c
1641 2897 1863 2942 passionem
1883 2907 1954 2934 ms.

395 2982 403 3001 ¹
457 2982 581 3026 Rom„
604 2982 669 3028 VI,
692 2982 749 3021 23.

393 3045 406 3062 ²
459 3042 632 3086 JOANN.,
652 3043 703 3088 X,
722 3051 776 3078 10.
