2028 3426
351 213 421 248 618
825 213 980 249 PA‘rms
1007 213 1250 249 Huznonnn
1276 213 1427 249 NADAL

397 327 467 372 29.
535 316 677 360 Tiene
700 317 741 358 la
765 316 1019 370 Compafiia
1036 329 1168 371 gran
1190 322 1208 340 ³
1230 314 1526 359 indiserencia
1542 331 1570 371 y
1587 314 1947 371 plena'resigna-

305 392 407 435 cion
430 393 473 435 al
496 393 642 437 Senor
665 408 720 436 en
745 407 879 434 mano
901 407 930 447 y
953 406 1148 447 persona
1170 392 1244 435 del
1267 391 1488 448 superior.

398 483 468 523 30.
535 469 756 525 Ninguno
779 469 892 510 dura
913 482 970 511 en
993 468 1035 511 13
1057 468 1308 524 Οοῐηρ3ῆί3
1331 469 1610 520 finalmente,
1642 469 1768 521 ficto,
1800 484 1828 524 y
1857 484 1945 524 que

306 547 363 589 de
388 561 520 590 ueras
543 561 602 589 no
625 546 723 601 siga
745 550 770 587 3
794 544 977 588 Christo
1000 560 1055 589 en
1086 545 1128 588 la
1158 545 1405 601 perfection
1435 561 1465 601 y
1495 560 1544 589 se
1570 545 1758 589 humilie
1787 546 1944 602 plena-

308 631 461 668 mente
482 639 538 667 en
563 625 603 668 el
626 623 787 678 spiritu
809 624 865 666 de
888 623 929 665 13
952 623 1218 678 Compania.
1692 611 1699 621 ’

396 714 464 756 31.
529 702 633 756 Hay
652 699 934 755 promptitud
951 714 1008 743 en
1027 699 1069 742 la
1087 699 1341 755 Compafiia
1359 713 1443 742 con
1462 701 1504 742 13
1527 700 1681 756 gracia
1704 701 1777 744 del
1799 701 1946 745 Sefior

305 779 363 820 de
385 792 437 834 yr
460 782 485 820 3
515 775 803 832 qualesquier
839 775 1030 828 infieles,
1065 776 1199 821 etiam
1230 776 1410 819 adonde
1448 792 1496 821 se
1530 791 1613 821 vee
1646 776 1857 822 facilidad
1889 777 1946 821 de

307 855 444 898 morir
466 869 547 911 por
564 853 765 897 Christo.

398 944 468 987 32.
535 930 724 974 Camina
745 945 830 987 por
853 931 896 974 13
919 934 993 974 uia
1008 931 1082 974 del
1104 930 1281 987 spiritu,
1301 946 1330 987 y
1350 931 1489 974 milita
1507 932 1593 974 sub
1610 932 1758 975 crucis
1780 930 1948 974 uexillo

305 1011 403 1052 Deo
426 1024 476 1052 ac
500 1008 582 1051 soli
600 1007 813 1060 Domino,
834 1023 886 1052 ac
905 1007 1134 1051 Ecclesiae
1156 1007 1255 1052 eius
1277 1022 1490 1064 sponsae,
1512 1009 1597 1052 sub
1621 1023 1809 1052 romano
1830 1023 1945 1064 pon-

309 1085 446 1138 tifice,
472 1085 641 1129 Christi
664 1085 710 1127 in
734 1085 865 1130 terris
886 1084 1072 1138 vicario,
1097 1085 1254 1130 seruit.

395 1176 465 1217 33.
533 1164 604 1205 No
626 1175 675 1204 se
698 1161 920 1218 gouierna
947 1163 989 1206 13
1011 1163 1264 1218 Compafiia
1291 1176 1347 1205 ex
1374 1163 1478 1218 jure
1511 1162 1693 1206 comuni
1727 1179 1782 1207 en
1818 1163 1948 1206 todas

305 1254 454 1292 cosas,
482 1239 581 1282 sino
603 1254 689 1295 por
711 1254 789 1283 sus
810 1239 1029 1296 speciales
1053 1238 1317 1296 priuilegios
1339 1241 1395 1283 de
1426 1241 1468 1283 13
1496 1239 1672 1296 yglesia
1700 1248 1858 1283 sancta
1891 1254 1946 1283 en

309 1317 495 1360 muclzas
519 1316 550 1360 b.
1684 1312 1688 1317 ’

399 1408 469 1449 34.
537 1394 680 1450 Sigue
703 1395 745 1437 13
768 1395 1020 1450 Compafiia
1038 1396 1202 1438 mucha
1224 1394 1431 1439 exactiori
1455 1410 1484 1450 y
1502 1395 1746 1452 diligencia
1764 1410 1821 1440 en
1838 1409 1944 1450 que,

303 1472 488 1526 quando
519 1487 606 1514 vna
634 1472 784 1514 anima
814 1472 856 1514 le
884 1471 1016 1514 viene
1044 1487 1101 1515 en
1135 1486 1309 1525 manos,
1328 1487 1405 1515 .no
1437 1473 1622 1516 dexarla
1655 1474 1787 1515 hasta
1820 1479 1947 1515 tanto

305 1563 393 1603 que
416 1549 458 1591 la
481 1550 651 1591 ordene
674 1565 704 1605 y
727 1549 955 1593 concierte
980 1565 1036 1593 en
1061 1550 1101 1594 el
1131 1550 1277 1594 Sefior
1299 1564 1355 1592 en
1389 1550 1497 1592 todo
1530 1550 1578 1592 lo⁴
1605 1563 1694 1605 que
1727 1564 1776 1593 es
1808 1563 1949 1605 capaz

305 1641 413 1683 para
437 1642 492 1669 su
516 1627 646 1669 salud
669 1641 699 1682 y
721 1627 990 1682 perfectiori.
1807 1627 1810 1630 ’

397 1715 470 1758 35.
536 1705 589 1746 El
612 1705 753 1747 modo
775 1705 832 1747 de
857 1704 1075 1760 proceder
1097 1705 1153 1747 de
1175 1705 1217 1747 13
1241 1705 1495 1760 Compafiia
1518 1719 1567 1748 es
1591 1704 1768 1747 fortiter
1789 1719 1818 1760 y
1841 1717 1948 1746 sua—

308 1780 442 1834 uiter,
469 1781 512 1822 in
537 1780 699 1837 spiritu
723 1788 768 1825 et
790 1782 978 1824 veritate
1001 1789 1030 1835 ⁰,
1057 1789 1104 1824 ut
1127 1781 1313 1825 interior
1345 1781 1403 1824 sit
1436 1795 1614 1833 sensus,
1640 1780 1697 1824 sit
1721 1789 1767 1823 et
1801 1780 1948 1823 uirtus

306 1857 508 1913 spirituS,
534 1857 780 1914 exequutio
802 1859 964 1902 suauis
986 1858 1031 1901 in
1063 1858 1253 1902 ueritate
1281 1858 1468 1915 spiritus
1498 1859 1686 1901 fundata
1715 1858 1947 1914 amplexa-

308 1943 381 1977 tur
404 1941 553 1977 autem
579 1935 815 1979 Christum
845 1934 863 1960 d
887 1943 936 1978 ut
957 1934 1051 1994 [qui
1073 1937 1156 1992 est]
1183 1935 1275 1988 uia,
1302 1935 1470 1979 ueritas
1494 1943 1539 1980 et
1562 1934 1673 1979 uita.

398 2013 468 2066 36.
536 2013 678 2057 Tiene
700 2013 870 2068 special
892 2013 1102 2069 cuydado
1124 2028 1154 2069 y
1175 2012 1474 2056 obseruaeion
1497 2020 1657 2055 contra
1675 2013 1782 2054 toda
1805 2025 1946 2055 noue—

305 2089 396 2131 dad
431 2090 488 2132 de
521 2089 728 2132 doctrina
759 2105 815 2133 en
853 2091 894 2133 la
932 2090 1108 2146 yglesia
1139 2089 1379 2143 catholica,
1420 2105 1448 2146 y
1481 2093 1578 2132 ansi
1617 2090 1703 2133 ella
1741 2088 1872 2145 sigue
1906 2089 1947 2131 la

312 2170 480 2209 comun
505 2167 711 2209 doctrina
734 2168 790 2211 de
813 2168 883 2210 los
905 2175 1060 2211 santos
1081 2183 1111 2224 y
1133 2169 1191 2212 de
1213 2168 1283 2211 los
1305 2168 1516 2211 doctores
1538 2169 1857 2209 comunm‘ente
1879 2179 1945 2208 re-

308 2242 509 2296 cebid0s;
535 2259 563 2299 y
587 2258 761 2286 nueuas
791 2244 1027 2300 opiniones
1058 2260 1119 2288 no
1146 2246 1215 2288 las
1248 2251 1370 2287 toma
1401 2259 1510 2300 para
1541 2245 1678 2286 hazer
1709 2256 1943 2294 comunes,

307 2319 410 2362 sino
434 2334 523 2374 que
545 2320 612 2362 las
634 2320 777 2376 juzga
809 2335 864 2364 ex
893 2321 1156 2365 comunium
1184 2321 1461 2377 receptione,
1493 2320 1562 2363 sin
1595 2321 1766 2376 alguna
1794 2318 1946 2362 curio-

308 2396 437 2439 sidad
461 2405 491 2440 ⁰.

399 2486 470 2528 37.
535 2473 733 2530 Spiritus
765 2475 1021 2529 Societatis,
1056 2475 1238 2519 claritas
1269 2475 1314 2518 in
1339 2474 1523 2518 Christo
1548 2488 1776 2530 occupans
1805 2487 1858 2516 ac
1880 2472 1946 2515 di-

309 2550 465 2606 rigens
487 2551 763 2607 proprietate
786 2553 980 2606 quadarn
1004 2552 1189 2608 spiritus
1212 2553 1257 2595 in
1280 2552 1446 2596 vnione
1463 2551 1696 2595 charitatis
1719 2551 1947 2606 perfectae

308 2635 445 2683 atque
469 2627 687 2672 ecclesiae
711 2636 755 2672 et
779 2629 943 2671 summi
972 2629 1202 2685 pontificis
1225 2628 1499 2672 obedientia.

379 2800 395 2815 a
447 2790 544 2827 Hoc.
572 2790 682 2825 verb.
707 2790 836 2826 omitt.
861 2792 929 2826 alt.
957 2802 1019 2825 ex.
1073 2792 1139 2819 ——b
1166 2791 1275 2826 Haec
1294 2790 1372 2826 duo
1400 2791 1510 2826 verb.
1539 2789 1666 2825 omitt.
1693 2790 1760 2824 alt.
1787 2800 1849 2824 ex.
1903 2809 1945 2813 —

309 2857 322 2873 0
352 2848 502 2884 virtute
524 2850 591 2885 alt.
612 2861 677 2885 ex·
727 2851 793 2877 —d
820 2850 895 2885 Pro
914 2850 973 2885 his
991 2850 1012 2885 8
1032 2850 1164 2885 verbis
1183 2851 1249 2885 alt.
1270 2861 1333 2886 ex.
1354 2851 1485 2885 habet:
1507 2852 1543 2884 et
1562 2860 1686 2884 verax
1704 2851 1740 2884 et
1758 2849 1800 2883 in
1820 2848 1947 2883 virtu-

307 2910 341 2942 te
362 2908 532 2952 spiritus
553 2908 757 2955 fundata;
774 2909 1033 2954 amplexatur
1058 2920 1151 2944 vero
1179 2908 1399 2944 Christum.
1453 2918 1516 2935 -e
1549 2909 1628 2945 Alt.
1658 2919 1719 2942 eX.
1744 2919 1770 2954 y
1797 2918 1947 2942 nuevas

306 2967 513 3011 opiniones
533 2979 584 3002 no
604 2968 665 3002 las
675 2968 805 3015 juzga
824 2980 869 3003 ex
883 2969 1088 3003 communi
1106 2968 1338 3014 receptione,
1359 2968 1423 3002 sin
1440 2967 1597 3014 alguna
1615 2965 1862 3008 curiosidad;
1881 2965 1945 3001 ubi

308 3024 409 3060 forte
428 3026 555 3073 aliqua
572 3028 692 3062 verba
707 3028 851 3062 omissa
866 3034 956 3062 sunt
975 3038 996 3062 a
1015 3027 1183 3063 librario.
1204 3028 1253 3061 Et
1271 3027 1334 3061 hic
1353 3025 1513 3072 explicit
1533 3027 1599 3063 alt.
1621 3037 1683 3061 ex,
