2028 3426
785 217 1027 253 PRAEFA‘mo
1618 230 1671 255 xv

178 318 233 359 Et
255 318 382 368 haec,
409 330 524 372 quae
547 317 602 359 de
625 316 791 360 nostris
813 316 999 372 regulis,
1020 332 1175 361 ansam
1199 320 1446 374 praebente
1469 321 1625 365 codice
1648 323 1719 364 lu-

89 393 249 445 sitano,
275 392 485 444 diximus,
512 408 566 436 ex
590 393 758 436 codicis
780 393 984 449 germani
1006 393 1139 437 etiam
1160 395 1310 438 studio
1333 397 1593 439 confirmari
1617 412 1720 452 pos-

90 476 207 522 sent,
239 483 342 512 cum
381 469 426 511 in
458 483 512 511 eo
544 470 672 524 plura
704 471 760 513 de
792 469 949 512 iisdem
982 470 1152 526 regulis
1184 471 1490 517 inveniantur.
1528 475 1598 517 De
1632 476 1719 516 hoc

88 552 237 588 autem
260 545 416 588 codice
443 545 627 588 brevius
656 545 968 589 disserendum
998 546 1097 600 erit3
1131 547 1326 590 maxima
1349 549 1516 591 etenim
1550 550 1718 592 instru-

88 621 289 665 ctionum
311 637 432 678 pars,
457 621 503 664 in
525 637 578 665 eo
601 629 831 675 contenta,
856 622 900 664 in
923 624 1009 665 hoc
1033 623 1261 667 volumine
1283 626 1554 680 proferetur.

177 700 412 742 Hactenus
434 699 490 741 de
507 698 739 741 codicibus
757 698 871 742 infra
888 699 1210 744 describendis.
1231 703 1332 758 Jam
1350 703 1406 744 ad
1424 710 1721 745 monumenta

88 776 237 820 statim
262 776 520 832 evulganda
541 775 791 840 veniamus.

176 853 231 897 Il.
296 855 610 896 MONUMENTA
628 853 1131 908 lmine—Quamvis
1148 854 1243 898 fere
1262 854 1415 896 omnia
1433 855 1614 911 scripta,
1636 856 1728 898 sub-

87 933 171 973 hoc
204 929 334 971 titulo
362 928 520 984 posita,
553 929 609 970 ad
638 928 894 971 universam
924 929 1195 973 Societatem
1226 938 1432 986 spectare
1461 931 1718 984 videantur,

86 1021 188 1049 cum
214 1008 382 1049 Romae
403 1005 563 1048 litteris
586 1005 795 1047 mandata
819 1005 1001 1058 fuerint,
1028 1021 1188 1062 resque
1211 1007 1256 1049 in
1281 1009 1406 1052 Urbe
1434 1009 1717 1064 potissimum

86 1091 289 1140 peractas
310 1081 587 1134 contineant,
613 1096 666 1125 ea
687 1095 770 1124 ceu
793 1081 947 1126 Italiae
969 1090 1261 1127 monumenta
1283 1085 1642 1138 consideramus,
1673 1093 1719 1128 et

90 1159 220 1202 simul
244 1159 434 1202 collecta
456 1165 560 1200 ante
582 1158 667 1201 alia
690 1157 979 1203 exhibemus

181 1235 243 1279 1.⁰
306 1237 361 1277 Et
384 1234 527 1291 primo
550 1234 731 1289 quidem
754 1235 854 1277 loco
878 1236 1092 1279 nonnulla
1114 1238 1171 1279 ad
1186 1237 1374 1292 primam
1393 1239 1718 1295 congregatio-

87 1327 190 1355 nem
212 1312 468 1368 generalem
492 1310 761 1366 pertinentia
791 1311 1002 1366 reperies,
1029 1312 1194 1367 quibus
1218 1314 1348 1357 foeda
1369 1316 1578 1370 procella,
1604 1331 1719 1371 pau·

88 1404 243 1432 corum
267 1387 513 1431 ambitione
534 1387 580 1429 in
598 1387 872 1431 Societatem
891 1388 1122 1441 suscitata,
1144 1397 1188 1434 et
1211 1391 1344 1433 trium
1367 1391 1529 1434 eximia
1551 1391 1721 1435 virtute

87 1465 349 1523 pollentium
380 1465 577 1508 Virorum
606 1464 844 1520 prudentia
879 1473 924 1509 et
951 1466 1105 1510 labore
1137 1467 1325 1511 feliciter
1353 1468 1584 1524 dissipata,
1615 1469 1719 1511 illu-

90 1542 220 1585 strari
243 1541 422 1598 poterit.

176 1618 360 1662 Maximi
380 1633 486 1661 vero
502 1617 713 1673 ponderis
731 1618 786 1659 ad
804 1617 923 1660 illam
945 1627 1255 1675 tempestatem
1274 1621 1517 1665 sedandam
1535 1622 1718 1666 fuerunt

85 1696 256 1740 Natalis
278 1695 461 1751 scripta,
487 1693 652 1749 quibus
674 1695 1037 1748 perturbatorum
1059 1697 1338 1752 sophismata
1360 1705 1404 1741 et
1422 1698 1716 1741 machinatio-

85 1789 164 1817 nes
193 1789 378 1830 prorsus
406 1777 589 1831 explosa
618 1784 662 1820 et
691 1791 847 1820 eversa
875 1779 1073 1820 fuerunt.
1108 1777 1169 1819 Ut
1201 1783 1353 1819 autem
1385 1789 1500 1830 quae
1533 1774 1712 1830 scripsit

85 1851 257 1895 Natalis
274 1851 435 1895 melius
451 1852 777 1909 intelligantur,
800 1853 1060 1896 Bobadillae
1077 1852 1211 1895 etiam
1229 1852 1566 1896 lucubrationes
1584 1866 1711 1908 prae·
1744 1901 1747 1904 ¹

86 1927 317 1972 mittimus.
346 1931 441 1973 Nec
466 1929 624 1973 mirum
647 1930 858 1985 cuiquam
882 1929 1086 1973 accidere
1108 1930 1242 1973 debet
1264 1943 1346 1971 nos
1369 1929 1474 1971 talia
1496 1928 1542 1970 in
1565 1930 1716 1971 lucem

85 2005 311 2060 publicam
342 2007 558 2062 proferre3
595 2023 713 2059 nam,
750 2014 800 2049 ut
828 2007 1054 2063 sapienter
1082 1993 1257 2048 monuit
1286 2005 1537 2050 Sacchinus
1572 2007 1600 2057 ¹,
1634 2007 1718 2048 has

84 2082 354 2126 domesticas
382 2085 602 2139 procellas
638 2085 868 2140 «vulgare,
903 2083 1095 2140 posteris
1128 2098 1290 2138 operae
1323 2083 1517 2139 pretium
1539 2082 1638 2135 erit,
1665 2090 1713 2125 vt

84 2158 168 2201 Dei
190 2159 486 2215 patrocinium
508 2159 781 2216 intelligant,
802 2174 893 2216 quo
910 2160 1090 2203 assidue
1107 2159 1164 2202 ab
1181 2158 1406 2201 intestinis
1423 2158 1718 2213 externisque

85 2235 454 2292 oppugnantibus
482 2251 610 2279 suam
639 2238 757 2279 hanc
788 2236 1084 2280 Sodalitatem
1113 2236 1331 2289 defendit3
1365 2243 1459 2278 tum
1489 2244 1535 2277 vt
1566 2236 1612 2287 ii,
1641 2236 1719 2290 qui

84 2319 313 2367 praesunt,
339 2312 375 2355 si
400 2313 507 2368 quid
529 2313 788 2357 huiusmodi
810 2313 856 2355 in
878 2328 960 2374 sua
977 2312 1364 2355 administratione
1382 2320 1559 2367 tempus
1579 2313 1711 2365 ferat,

84 2403 175 2431 non
206 2390 339 2432 modo
371 2390 567 2445 antiquis
599 2398 643 2433 et
671 2390 828 2434 alienis
857 2390 1093 2432 hominum
1123 2388 1524 2451 sanctissimorum,
1559 2396 1717 2431 contra

84 2480 196 2519 quos
233 2466 478 2510 seditiones
516 2467 760 2510 acerrimae
793 2466 1055 2527 extiterunt,
1090 2466 1170 2510 sed
1202 2465 1337 2508 etiam
1369 2466 1629 2508 domesticis
1665 2480 1716 2508 ac

86 2543 340 2586 recentibus
362 2543 577 2599 exemplis
599 2558 648 2586 se
671 2544 979 2587 consolentur:
1006 2549 1287 2586 caeterorum
1310 2556 1434 2595 vero,
1460 2542 1535 2597 qui
1560 2543 1716 2586 mode-

85 2624 282 2661 ratorum
307 2619 515 2676 regimini
537 2619 728 2662 subiecti
750 2626 872 2672 sunt,
899 2619 1091 2674 quisque
1118 2625 1388 2662 consuescat
1416 2632 1597 2662 crucem
1627 2621 1718 2661 Do-

87 2693 194 2737 mini
215 2702 338 2739 arcte
360 2696 638 2752 complexus,
664 2696 710 2738 in
733 2705 890 2739 sancta
911 2695 1166 2738 humilitate
1187 2694 1472 2750 simplicique
1495 2695 1712 2739 obedien-

88 2770 163 2823 tia,
185 2771 384 2828 religiosi
402 2772 486 2814 viri
504 2787 670 2815 munus
688 2773 887 2829 explere,
900 2773 1040 2815 duces
1058 2786 1165 2814 suos
1181 2772 1283 2813 loco
1302 2771 1469 2814 Christi
1491 2771 1718 2823 venerari,

86 2854 130 2888 et
153 2861 250 2890 eam
274 2848 392 2892 vitae
416 2850 604 2892 formam
629 2850 854 2902 adamare,
881 2863 1014 2903 quam
1038 2848 1182 2890 sancti
1209 2847 1404 2903 Spiritus
1427 2848 1568 2890 ductu
1593 2863 1716 2890 com-

96 2988 99 2990 *
160 3003 169 3022 ¹
220 3000 326 3039 Hist.
350 3003 440 3038 Soc.
456 3003 568 3049 Jesu,
588 3008 684 3049 part.
706 3003 756 3047 11,
776 3002 842 3038 lib.
865 3004 892 3048 Ι,
916 3015 952 3038 n.
972 3001 1031 3046 73.
