2028 3426
681 238 1065 273 SUPPLEMENTUM—
1074 246 1118 282 25
1598 237 1667 283 829

173 338 323 393 Inquit
347 340 583 394 propheta,
614 340 735 383 Psal.
762 350 832 392 72:
874 339 1022 394 «Quid
1047 339 1154 381 mihi
1187 346 1255 383 est
1287 339 1333 381 in
1365 340 1507 390 coelo,
1537 346 1582 383 et
1615 353 1639 381 a
1675 346 1720 382 te

86 416 193 470 quid
223 415 345 457 volui
375 429 509 470 super
540 417 725 459 terram?
753 416 931 458 Defecit
954 430 1058 458 caro
1092 431 1192 460 mea
1214 423 1259 460 et
1282 430 1358 458 cor
1390 431 1556 459 meum.
1594 418 1722 459 Deus

88 492 239 535 cordis
269 491 354 534 mei
384 500 429 534 et
459 506 562 546 pars
591 507 689 534 mea
720 493 846 534 Deus
877 493 922 534 in
951 499 1184 536 aeternum
1218 495 1274 535 ¹.»
1302 494 1429 535 Haec
1459 493 1515 535 ad
1538 493 1718 534 Patrem

87 570 252 624 Xpus,
286 576 330 611 et
360 568 406 610 in
439 571 560 623 Xpo.
592 568 756 620 anima,
783 583 899 624 quae
921 570 1086 612 deuote
1115 569 1299 624 inquirit
1322 569 1407 613 Dei
1439 569 1719 611 voluntatem

86 645 171 687 sibi
202 644 377 700 aperiri.
413 646 468 686 Et
501 645 706 700 apposite
735 645 932 701 quidem,
958 660 1060 688 nam
1091 645 1214 701 prius
1246 645 1465 701 expressit
1494 646 1721 700 propheta

85 721 174 763 vim
198 720 412 763 orationis
435 728 479 763 et
501 720 910 776 contemplationis,
932 736 1009 776 per
1027 736 1160 776 quam
1180 721 1485 764 inflammatur
1503 721 1652 764 anima
1671 721 1716 762 in

87 812 284 841 amorem
307 797 391 840 Dei
414 797 795 852 superbenedicti,
828 799 1044 840 sedantur
1071 798 1319 854 passioneS,
1346 807 1391 842 et
1421 812 1499 853 per
1527 799 1720 853 profun-

88 876 189 918 dam
215 875 286 918 169
306 874 607 916 humilitatem
625 874 773 916 vilitas
791 874 968 930 propria
986 889 1038 916 ac
1058 875 1284 930 proprium
1302 875 1492 917 nihilum
1511 875 1721 929 agnosci-

88 961 161 994 tur
183 959 320 1006 atque
342 951 613 1007 ignorantia.
642 952 744 993 Hoc
767 959 834 994 est
857 951 976 993 enirn
1002 952 1122 1006 quod
1145 952 1270 994 dixit:
1302 951 1450 1007 «Quia
1466 951 1714 994 inflamma-

90 1039 184 1071 tum
203 1036 270 1072 est
288 1042 364 1070 cor
384 1042 533 1070 meum
552 1036 595 1070 et
615 1042 744 1071 renes
764 1028 848 1070 mei
867 1029 1147 1080 commutati,
1167 1037 1212 1071 et
1230 1043 1316 1084 ego
1334 1029 1390 1071 ad
1409 1027 1599 1070 nihilum
1619 1029 1720 1070 red-

90 1114 220 1148 actus
242 1113 286 1147 et
309 1104 528 1147 nesciui.»
556 1103 714 1146 Addit:
747 1108 832 1149 «Vt
856 1104 1106 1148 iumentum
1138 1106 1282 1146 factus
1312 1119 1411 1146 sum
1435 1105 1554 1159 apud
1586 1113 1628 1147 te
1658 1104 1717 1145 ².»

90 1183 283 1226 Sensum
307 1189 441 1236 atque
465 1180 785 1236 experientiam
810 1182 1049 1235 quamdam
1067 1181 1343 1236 spiritualem
1362 1181 1435 1223 hic
1453 1180 1724 1223 humilitatis

90 1267 133 1302 et
157 1258 225 1300 sui
249 1257 513 1300 abiectionis
530 1257 755 1312 exprimit,
785 1259 1162 1312 quemadmodum
1186 1257 1228 1299 in
1250 1257 1467 1312 superiori
1492 1271 1643 1299 versu.
1674 1258 1723 1298 In

90 1335 159 1378 his
181 1335 321 1391 igitur
344 1334 597 1377 consistens
621 1333 785 1386 anima,
811 1349 866 1376 ex
890 1334 1164 1390 pinguedine
1187 1334 1366 1376 diuinae
1390 1333 1725 1378 misericordiae

91 1420 226 1467 atque
245 1411 519 1467 experientia
538 1410 789 1454 dulcedinis
808 1411 1051 1466 spiritualis
1069 1412 1222 1466 (Tha,
1244 1424 1277 1453 Ι.
1299 1424 1339 1453 2.
1369 1424 1383 1453 Ι
1398 1424 1464 1465 13.
1488 1413 1546 1465 5.)
1566 1410 1657 1453 exit
1677 1410 1721 1451 in

92 1489 331 1544 quemdam
355 1495 505 1530 actum
530 1487 737 1529 fiduciae:
770 1487 774 1544 Ι
807 1487 1055 1539 «Tenuisti,
1087 1487 1248 1542 inquit,
1275 1488 1504 1531 dexteram
1529 1502 1721 1538 meam»,

90 1567 177 1608 hoc
206 1572 291 1617 est,
319 1564 610 1615 confirmasti,
637 1578 739 1605 nam
764 1572 831 1606 est
854 1565 1066 1607 hebraice
1094 1580 1214 1615 nit-rx,
1242 1564 1535 1607 excellentem
1561 1570 1723 1619 poten—

91 1641 213 1692 tiam,
249 1655 393 1683 meam
423 1641 701 1683 voluntatem
737 1647 807 1682 «et
830 1640 875 1682 in
898 1641 1132 1684 voluntate
1156 1648 1233 1683 tua
1254 1640 1480 1682 deduxisti
1504 1655 1621 1691 me»,
1647 1639 1723 1681 vbi

89 1719 275 1762 aduerte
298 1717 485 1760 latinum
515 1717 805 1771 interpretem
829 1716 1087 1759 doctissime
1116 1716 1364 1760 reddidisse
1387 1732 1524 1774 'll-1³2³:
1553 1717 1622 1758 «in
1642 1731 1742 1762 vo-‚

90 1795 263 1838 luntate
293 1802 394 1836 tua»
427 1794 547 1848 quod
581 1800 728 1835 tamen
759 1800 827 1836 est
860 1792 932 1834 «in
962 1793 1152 1835 consilio
1185 1800 1289 1854 tuo»
1325 1793 1381 1835 ad
1413 1794 1602 1836 verbum
1640 1794 1722 1836 he—

89 1872 306 1922 braicum,
333 1869 701 1925 quandoquidem
720 1869 869 1912 omnia
899 1869 1068 1912 sciebat
1098 1870 1245 1913 facere
1274 1871 1421 1913 Deum
1451 1885 1505 1912 ex
1535 1869 1726 1911 consilio

90 1965 197 1993 suae
228 1947 488 1998 voluntatis,
520 1961 603 1989 nec
633 1946 753 1988 aliud
781 1961 881 1990 esse
902 1946 948 1987 in
972 1948 1069 1988 Deo
1091 1946 1327 1988 consilium
1352 1961 1485 2001 quam
1510 1946 1722 1988 volunta-

92 2034 180 2068 tem
208 2024 599 2068 determinantem.
632 2024 720 2065 Per
747 2022 1000 2073 consilium,
1036 2022 1196 2076 inquit,
1231 2022 1475 2064 voluntatis
1506 2029 1611 2065 tuae
1643 2023 1723 2065 de-

91 2101 258 2144 duxisti
282 2115 367 2152 me,
393 2101 449 2142 ad
472 2099 661 2155 gloriam
685 2099 855 2141 scilicet
885 2100 1135 2141 coelestem.
1170 2099 1346 2142 Deinde
1376 2098 1581 2153 sequitur
1610 2113 1725 2152 quo-

92 2194 195 2222 nam
219 2186 353 2234 pacto
378 2177 447 2221 170
471 2191 573 2219 eum
598 2176 850 2227 deduxerit,
878 2190 993 2230 quae
1015 2176 1186 2218 scilicet
1208 2183 1275 2218 est
1300 2183 1452 2218 nostra
1475 2175 1721 2217 conclusio.

94 2258 237 2298 Totus
259 2271 284 2297 a
309 2263 351 2297 te
375 2254 549 2310 pendeo
574 2254 636 2308 (vt
653 2253 743 2309 Job
762 2253 1056 2307 suspendium
1075 2252 1302 2307 eligebat),
1324 2252 1532 2302 Domine,
1553 2251 1663 2293 nihil
1680 2251 1726 2292 in

93 2333 233 2383 caelo,
261 2331 371 2373 nihil
394 2331 439 2372 in
463 2337 580 2372 terra
603 2344 719 2379 amo,
747 2328 858 2370 nihil
882 2328 1008 2385 eligo·
1027 2337 1207 2383 praeter
1230 2336 1288 2380 te,
1315 2330 1385 2371 vel
1408 2329 1454 2369 in
1479 2336 1539 2379 te,
1567 2329 1638 2370 vel
1667 2341 1724 2370 ex

95 2417 156 2454 te.
175 2408 340 2452 Deficit
359 2421 519 2450 sensus
542 2420 670 2449 meus
693 2413 829 2459 atque
847 2404 981 2447 etiam
999 2404 1256 2447 intellectus
1279 2404 1324 2446 in
1348 2406 1510 2459 abysso
1531 2413 1633 2456 tuae
1655 2403 1725 2444 in-

94 2485 248 2529 finitae
267 2483 480 2527 bonitatis
503 2497 554 2524 ac
577 2481 840 2524 voluntatis.
869 2482 958 2523 Iam
982 2489 999 2505 a
1022 2496 1177 2524 omnes
1199 2481 1482 2536 operationes
1501 2495 1626 2523 meae
1643 2479 1725 2520 im-

96 2564 323 2618 perfectae
355 2569 604 2616 agnoscant
637 2572 684 2600 se
715 2557 1019 2612 imperfectas,
1055 2567 1248 2608 cessent,
1276 2559 1454 2608 abeant,
1490 2557 1678 2611 hymber
1708 2555 1725 2579 b

96 2639 292 2690 recedat,
325 2638 384 2680 sis
407 2639 532 2679 Deus
554 2635 641 2676 iam
665 2633 812 2675 cordis
837 2634 939 2685 mei,
967 2634 1132 2675 amoris
1154 2633 1256 2684 mei,
1278 2648 1330 2676 ea
1353 2633 1409 2675 sit
1432 2648 1534 2688 pars
1558 2647 1656 2674 mea
1680 2632 1725 2674 in

98 2724 174 2757 tua
197 2722 379 2758 aeterna
403 2711 655 2755 substantia
678 2724 729 2752 ac
754 2710 987 2753 maiestate
1010 2724 1062 2752 ac
1085 2710 1299 2752 bonitate.

167 2860 184 2876 a
210 2848 388 2886 Obscure
407 2853 596 2883 notatum.
648 2848 714 2873 —b
742 2845 853 2880 Prius
873 2845 965 2885 imb,
985 2855 1061 2890 quo
1080 2844 1209 2879 deleto
1228 2843 1383 2890 scripsit
1400 2844 1570 2889 hymber.

172 2977 179 2995 ¹
233 2975 298 3009 Ps.
321 2974 478 3018 LXXII,
497 2982 556 3016 25,
577 2974 635 3008 26.

169 3036 182 3054 ‘2
234 3033 300 3068 Ps.
321 3032 477 3076 LXXII,
493 3029 613 3065 21-23.
