<?xml version="1.0" encoding="UTF-8"?>
<!DOCTYPE html PUBLIC "-//W3C//DTD XHTML 1.0 Transitional//EN"
    "http://www.w3.org/TR/xhtml1/DTD/xhtml1-transitional.dtd">
<html xmlns="http://www.w3.org/1999/xhtml" xml:lang="en" lang="en">
 <head>
  <title>
</title>
<meta http-equiv="Content-Type" content="text/html;charset=utf-8" />
  <meta name='ocr-system' content='tesseract 3.04.00' />
  <meta name='ocr-capabilities' content='ocr_page ocr_carea ocr_par ocr_line ocrx_word'/>
</head>
<body>
  <div class='ocr_page' id='page_1' title='image "./epistolaephieron11nada_0684.png"; bbox 0 0 2028 3426; ppageno 0'>
   <div class='ocr_carea' id='block_1_1' title="bbox 374 191 1450 238">
    <p class='ocr_par' dir='ltr' id='par_1_1' title="bbox 374 191 1450 238">
     <span class='ocr_line' id='line_1_1' title="bbox 374 191 1450 238; baseline -0.003 -9"><span class='ocrx_word' id='word_1_1' title='bbox 374 194 445 238; x_wconf 84' lang='lat'>658</span> <span class='ocrx_word' id='word_1_2' title='bbox 849 194 1003 229; x_wconf 71' lang='lat' dir='ltr'>PA‘rms</span> <span class='ocrx_word' id='word_1_3' title='bbox 1029 194 1272 229; x_wconf 71' lang='grc' dir='ltr'>ΗιΕΒοΝγΜι</span> <span class='ocrx_word' id='word_1_4' title='bbox 1299 191 1450 227; x_wconf 81' lang='lat' dir='ltr'>NADAL</span> 
     </span>
    </p>
   </div>
   <div class='ocr_carea' id='block_1_2' title="bbox 266 292 2028 2890">
    <p class='ocr_par' dir='ltr' id='par_1_2' title="bbox 326 292 2028 1120">
     <span class='ocr_line' id='line_1_2' title="bbox 329 292 1962 351; baseline -0.002 -13"><span class='ocrx_word' id='word_1_5' title='bbox 329 303 373 339; x_wconf 89' lang='lat' dir='ltr'>et</span> <span class='ocrx_word' id='word_1_6' title='bbox 396 295 441 338; x_wconf 92' lang='lat' dir='ltr'>in</span> <span class='ocrx_word' id='word_1_7' title='bbox 464 296 736 339; x_wconf 88' lang='lat' dir='ltr'>scholastica</span> <span class='ocrx_word' id='word_1_8' title='bbox 769 295 951 351; x_wconf 92' lang='lat' dir='ltr'>quidem</span> <span class='ocrx_word' id='word_1_9' title='bbox 974 294 1037 337; x_wconf 90' lang='lat' dir='ltr'>ita</span> <span class='ocrx_word' id='word_1_10' title='bbox 1065 293 1320 337; x_wconf 84' lang='lat' dir='ltr'><strong>versabitur</strong></span> <span class='ocrx_word' id='word_1_11' title='bbox 1347 299 1524 346; x_wconf 85' lang='lat' dir='ltr'>exacte,</span> <span class='ocrx_word' id='word_1_12' title='bbox 1550 300 1598 335; x_wconf 92' lang='lat' dir='ltr'>vt</span> <span class='ocrx_word' id='word_1_13' title='bbox 1621 307 1678 336; x_wconf 85' lang='lat' dir='ltr'>ex</span> <span class='ocrx_word' id='word_1_14' title='bbox 1700 292 1832 336; x_wconf 92' lang='lat' dir='ltr'>cuius</span> <span class='ocrx_word' id='word_1_15' title='bbox 1859 306 1962 335; x_wconf 92' lang='lat' dir='ltr'>eru-</span> 
     </span>
     <span class='ocr_line' id='line_1_3' title="bbox 329 369 1963 427; baseline -0.001 -13"><span class='ocrx_word' id='word_1_16' title='bbox 329 372 499 417; x_wconf 82' lang='lat' dir='ltr'>ditione</span> <span class='ocrx_word' id='word_1_17' title='bbox 520 387 748 417; x_wconf 89' lang='lat' dir='ltr'>summum</span> <span class='ocrx_word' id='word_1_18' title='bbox 773 373 972 414; x_wconf 85' lang='lat' dir='ltr'>fructum</span> <span class='ocrx_word' id='word_1_19' title='bbox 1002 371 1060 414; x_wconf 89' lang='lat' dir='ltr'>sit</span> <span class='ocrx_word' id='word_1_20' title='bbox 1089 377 1377 427; x_wconf 76' lang='lat' dir='ltr'>accepturus,</span> <span class='ocrx_word' id='word_1_21' title='bbox 1408 369 1540 413; x_wconf 91' lang='lat' dir='ltr'>Valet</span> <span class='ocrx_word' id='word_1_22' title='bbox 1569 369 1689 413; x_wconf 89' lang='lat' dir='ltr'>enim</span> <span class='ocrx_word' id='word_1_23' title='bbox 1722 369 1963 414; x_wconf 89' lang='lat' dir='ltr'>scholasti-</span> 
     </span>
     <span class='ocr_line' id='line_1_4' title="bbox 329 446 1957 506; baseline -0.001 -15"><span class='ocrx_word' id='word_1_24' title='bbox 329 464 409 493; x_wconf 85' lang='lat' dir='ltr'>cae</span> <span class='ocrx_word' id='word_1_25' title='bbox 432 449 689 506; x_wconf 78' lang='lat' dir='ltr'>theologiae</span> <span class='ocrx_word' id='word_1_26' title='bbox 713 448 924 500; x_wconf 81' lang='lat' dir='ltr'>eruditio,</span> <span class='ocrx_word' id='word_1_27' title='bbox 945 454 1125 504; x_wconf 87' lang='lat' dir='ltr'>praeter</span> <span class='ocrx_word' id='word_1_28' title='bbox 1143 447 1425 500; x_wconf 85' lang='lat' dir='ltr'><strong>methodum,</strong></span> <span class='ocrx_word' id='word_1_29' title='bbox 1446 461 1581 501; x_wconf 89' lang='lat' dir='ltr'>quam</span> <span class='ocrx_word' id='word_1_30' title='bbox 1606 446 1759 500; x_wconf 83' lang='lat' dir='ltr'>tradit,</span> <span class='ocrx_word' id='word_1_31' title='bbox 1779 453 1825 489; x_wconf 94' lang='lat' dir='ltr'>et</span> <span class='ocrx_word' id='word_1_32' title='bbox 1853 455 1871 472; x_wconf 73' lang='lat'><em>³</em></span> <span class='ocrx_word' id='word_1_33' title='bbox 1893 452 1957 490; x_wconf 85' lang='lat' dir='ltr'>to·</span> 
     </span>
     <span class='ocr_line' id='line_1_5' title="bbox 330 523 1964 583; baseline -0.001 -15"><span class='ocrx_word' id='word_1_34' title='bbox 330 526 418 569; x_wconf 89' lang='lat' dir='ltr'>tius</span> <span class='ocrx_word' id='word_1_35' title='bbox 442 526 699 583; x_wconf 76' lang='lat' dir='ltr'>theologiae</span> <span class='ocrx_word' id='word_1_36' title='bbox 723 525 851 581; x_wconf 84' lang='lat' dir='ltr'>quasi</span> <span class='ocrx_word' id='word_1_37' title='bbox 880 525 1127 581; x_wconf 85' lang='lat' dir='ltr'>perfectam</span> <span class='ocrx_word' id='word_1_38' title='bbox 1158 524 1402 580; x_wconf 89' lang='lat' dir='ltr'>quamdam</span> <span class='ocrx_word' id='word_1_39' title='bbox 1432 523 1686 576; x_wconf 88' lang='lat' dir='ltr'>scientiam,</span> <span class='ocrx_word' id='word_1_40' title='bbox 1712 530 1760 566; x_wconf 92' lang='lat' dir='ltr'>vt</span> <span class='ocrx_word' id='word_1_41' title='bbox 1789 524 1964 566; x_wconf 89' lang='lat' dir='ltr'>firmius</span> 
     </span>
     <span class='ocr_line' id='line_1_6' title="bbox 329 600 2022 658; baseline -0.001 -12"><span class='ocrx_word' id='word_1_42' title='bbox 329 604 494 646; x_wconf 87' lang='lat' dir='ltr'>habeat</span> <span class='ocrx_word' id='word_1_43' title='bbox 517 604 813 646; x_wconf 81' lang='lat' dir='ltr'>concionator</span> <span class='ocrx_word' id='word_1_44' title='bbox 834 602 881 644; x_wconf 92' lang='lat' dir='ltr'>in</span> <span class='ocrx_word' id='word_1_45' title='bbox 911 601 1145 658; x_wconf 84' lang='lat' dir='ltr'>religionis</span> <span class='ocrx_word' id='word_1_46' title='bbox 1173 601 1369 657; x_wconf 89' lang='lat' dir='ltr'>negocio</span> <span class='ocrx_word' id='word_1_47' title='bbox 1397 601 1703 654; x_wconf 87' lang='lat' dir='ltr'>definitiones,</span> <span class='ocrx_word' id='word_1_48' title='bbox 1729 615 1815 645; x_wconf 89' lang='lat' dir='ltr'>nec</span> <span class='ocrx_word' id='word_1_49' title='bbox 1853 600 1962 644; x_wconf 91' lang='lat' dir='ltr'>titu-</span> <span class='ocrx_word' id='word_1_50' title='bbox 2018 649 2022 651; x_wconf 17' lang='grc' dir='ltr'><strong><em>Δ</em></strong></span> 
     </span>
     <span class='ocr_line' id='line_1_7' title="bbox 328 678 1963 735; baseline -0.001 -13"><span class='ocrx_word' id='word_1_51' title='bbox 328 680 471 724; x_wconf 86' lang='lat' dir='ltr'>hetin</span> <span class='ocrx_word' id='word_1_52' title='bbox 497 682 631 724; x_wconf 77' lang='lat' dir='ltr'>rebus</span> <span class='ocrx_word' id='word_1_53' title='bbox 661 679 960 735; x_wconf 86' lang='lat' dir='ltr'>grauissimis,</span> <span class='ocrx_word' id='word_1_54' title='bbox 987 686 1036 721; x_wconf 89' lang='lat' dir='ltr'>vt</span> <span class='ocrx_word' id='word_1_55' title='bbox 1064 679 1109 721; x_wconf 92' lang='lat' dir='ltr'>hi</span> <span class='ocrx_word' id='word_1_56' title='bbox 1137 679 1300 730; x_wconf 85' lang='lat' dir='ltr'>solent,</span> <span class='ocrx_word' id='word_1_57' title='bbox 1327 678 1405 733; x_wconf 86' lang='lat' dir='ltr'>qui</span> <span class='ocrx_word' id='word_1_58' title='bbox 1433 678 1739 722; x_wconf 85' lang='lat' dir='ltr'>scholasticen</span> <span class='ocrx_word' id='word_1_59' title='bbox 1769 693 1859 722; x_wconf 90' lang='lat' dir='ltr'>non</span> <span class='ocrx_word' id='word_1_60' title='bbox 1894 685 1963 721; x_wconf 91' lang='lat' dir='ltr'>at-</span> 
     </span>
     <span class='ocr_line' id='line_1_8' title="bbox 329 755 2028 814; baseline -0.001 -15"><span class='ocrx_word' id='word_1_61' title='bbox 329 757 546 814; x_wconf 82' lang='lat' dir='ltr'>tigerunt,</span> <span class='ocrx_word' id='word_1_62' title='bbox 574 758 645 800; x_wconf 71' lang='lat' dir='ltr'>vel</span> <span class='ocrx_word' id='word_1_63' title='bbox 669 756 832 800; x_wconf 88' lang='lat' dir='ltr'>leuiter</span> <span class='ocrx_word' id='word_1_64' title='bbox 855 756 1236 812; x_wconf 87' lang='lat' dir='ltr'>perstrinxerunt.</span> <span class='ocrx_word' id='word_1_65' title='bbox 1264 756 1398 811; x_wconf 76' lang='lat' dir='ltr'>Quae</span> <span class='ocrx_word' id='word_1_66' title='bbox 1420 755 1696 798; x_wconf 89' lang='lat' dir='ltr'>incertitudo</span> <span class='ocrx_word' id='word_1_67' title='bbox 1717 764 1762 799; x_wconf 92' lang='lat' dir='ltr'>et</span> <span class='ocrx_word' id='word_1_68' title='bbox 1785 769 1965 812; x_wconf 89' lang='lat' dir='ltr'>semper</span> <span class='ocrx_word' id='word_1_69' title='bbox 2026 776 2028 780; x_wconf 40' lang='lat' dir='ltr'>v</span> 
     </span>
     <span class='ocr_line' id='line_1_9' title="bbox 329 832 1962 893; baseline -0.001 -16"><span class='ocrx_word' id='word_1_70' title='bbox 329 834 414 877; x_wconf 90' lang='lat' dir='ltr'>fuit</span> <span class='ocrx_word' id='word_1_71' title='bbox 435 836 729 877; x_wconf 86' lang='lat' dir='ltr'>vehementer</span> <span class='ocrx_word' id='word_1_72' title='bbox 751 832 983 893; x_wconf 88' lang='lat' dir='ltr'>euitanda,</span> <span class='ocrx_word' id='word_1_73' title='bbox 1010 840 1055 876; x_wconf 91' lang='lat' dir='ltr'>et</span> <span class='ocrx_word' id='word_1_74' title='bbox 1088 834 1173 875; x_wconf 89' lang='lat' dir='ltr'>hac</span> <span class='ocrx_word' id='word_1_75' title='bbox 1204 839 1477 887; x_wconf 82' lang='lat' dir='ltr'>tempestate</span> <span class='ocrx_word' id='word_1_76' title='bbox 1505 846 1606 876; x_wconf 90' lang='lat' dir='ltr'>esse</span> <span class='ocrx_word' id='word_1_77' title='bbox 1639 840 1792 888; x_wconf 91' lang='lat' dir='ltr'>posset</span> <span class='ocrx_word' id='word_1_78' title='bbox 1822 833 1962 876; x_wconf 88' lang='lat' dir='ltr'>vehe—</span> 
     </span>
     <span class='ocr_line' id='line_1_10' title="bbox 326 909 1963 966; baseline 0 -13"><span class='ocrx_word' id='word_1_79' title='bbox 326 919 501 955; x_wconf 90' lang='lat' dir='ltr'>menter</span> <span class='ocrx_word' id='word_1_80' title='bbox 525 910 785 966; x_wconf 89' lang='lat' dir='ltr'>pernitiosa.</span> <span class='ocrx_word' id='word_1_81' title='bbox 814 911 881 953; x_wconf 86' lang='lat' dir='ltr'>Ex</span> <span class='ocrx_word' id='word_1_82' title='bbox 908 909 1169 965; x_wconf 85' lang='lat' dir='ltr'>theologiae</span> <span class='ocrx_word' id='word_1_83' title='bbox 1191 909 1333 965; x_wconf 87' lang='lat' dir='ltr'>igitur</span> <span class='ocrx_word' id='word_1_84' title='bbox 1355 909 1656 954; x_wconf 88' lang='lat' dir='ltr'>scholasticae</span> <span class='ocrx_word' id='word_1_85' title='bbox 1672 909 1824 953; x_wconf 92' lang='lat' dir='ltr'>studio</span> <span class='ocrx_word' id='word_1_86' title='bbox 1846 910 1963 953; x_wconf 85' lang='lat' dir='ltr'>refe·</span> 
     </span>
     <span class='ocr_line' id='line_1_11' title="bbox 328 984 1965 1043; baseline -0.001 -13"><span class='ocrx_word' id='word_1_87' title='bbox 328 995 395 1031; x_wconf 89' lang='lat' dir='ltr'>rat</span> <span class='ocrx_word' id='word_1_88' title='bbox 417 989 684 1030; x_wconf 89' lang='lat' dir='ltr'>methodum</span> <span class='ocrx_word' id='word_1_89' title='bbox 709 995 880 1031; x_wconf 88' lang='lat' dir='ltr'>certam</span> <span class='ocrx_word' id='word_1_90' title='bbox 906 987 1045 1030; x_wconf 93' lang='lat' dir='ltr'>totius</span> <span class='ocrx_word' id='word_1_91' title='bbox 1079 987 1338 1043; x_wconf 84' lang='lat' dir='ltr'>theologiae</span> <span class='ocrx_word' id='word_1_92' title='bbox 1361 994 1406 1030; x_wconf 92' lang='lat' dir='ltr'>et</span> <span class='ocrx_word' id='word_1_93' title='bbox 1444 986 1597 1029; x_wconf 90' lang='lat' dir='ltr'>iudicii</span> <span class='ocrx_word' id='word_1_94' title='bbox 1620 986 1767 1030; x_wconf 90' lang='lat' dir='ltr'>omnis</span> <span class='ocrx_word' id='word_1_95' title='bbox 1789 984 1965 1031; x_wconf 87' lang='lat' dir='ltr'>theolo-</span> 
     </span>
     <span class='ocr_line' id='line_1_12' title="bbox 327 1064 1406 1120; baseline -0.001 -13"><span class='ocrx_word' id='word_1_96' title='bbox 327 1064 416 1119; x_wconf 86' lang='lat' dir='ltr'>gici</span> <span class='ocrx_word' id='word_1_97' title='bbox 440 1066 620 1107; x_wconf 78' lang='lat' dir='ltr'>doctam</span> <span class='ocrx_word' id='word_1_98' title='bbox 646 1064 904 1107; x_wconf 82' lang='lat' dir='ltr'>firmitatem</span> <span class='ocrx_word' id='word_1_99' title='bbox 929 1072 1067 1120; x_wconf 90' lang='lat' dir='ltr'>atque</span> <span class='ocrx_word' id='word_1_100' title='bbox 1090 1064 1406 1106; x_wconf 89' lang='lat' dir='ltr'>constantiam.</span> 
     </span>
    </p>

    <p class='ocr_par' dir='ltr' id='par_1_3' title="bbox 321 1141 1964 1889">
     <span class='ocr_line' id='line_1_13' title="bbox 416 1141 1963 1185; baseline -0.001 -1"><span class='ocrx_word' id='word_1_101' title='bbox 416 1143 584 1185; x_wconf 87' lang='lat' dir='ltr'>Verum</span> <span class='ocrx_word' id='word_1_102' title='bbox 609 1141 654 1183; x_wconf 92' lang='lat' dir='ltr'>in</span> <span class='ocrx_word' id='word_1_103' title='bbox 678 1141 748 1184; x_wconf 92' lang='lat' dir='ltr'>his</span> <span class='ocrx_word' id='word_1_104' title='bbox 771 1141 933 1184; x_wconf 89' lang='lat' dir='ltr'>studiis</span> <span class='ocrx_word' id='word_1_105' title='bbox 956 1141 1288 1184; x_wconf 89' lang='lat' dir='ltr'>animaduertat</span> <span class='ocrx_word' id='word_1_106' title='bbox 1312 1149 1465 1184; x_wconf 89' lang='lat' dir='ltr'>noster</span> <span class='ocrx_word' id='word_1_107' title='bbox 1481 1148 1632 1184; x_wconf 89' lang='lat' dir='ltr'>orator</span> <span class='ocrx_word' id='word_1_108' title='bbox 1650 1141 1735 1184; x_wconf 93' lang='lat' dir='ltr'>sibi</span> <span class='ocrx_word' id='word_1_109' title='bbox 1754 1155 1844 1184; x_wconf 89' lang='lat' dir='ltr'>non</span> <span class='ocrx_word' id='word_1_110' title='bbox 1864 1155 1963 1185; x_wconf 90' lang='lat' dir='ltr'>esse</span> 
     </span>
     <span class='ocr_line' id='line_1_14' title="bbox 325 1217 1964 1275; baseline 0 -15"><span class='ocrx_word' id='word_1_111' title='bbox 325 1219 592 1270; x_wconf 77' lang='lat' dir='ltr'>sistendum,</span> <span class='ocrx_word' id='word_1_112' title='bbox 634 1220 715 1262; x_wconf 89' lang='lat' dir='ltr'>sed</span> <span class='ocrx_word' id='word_1_113' title='bbox 751 1234 805 1262; x_wconf 85' lang='lat' dir='ltr'>ea</span> <span class='ocrx_word' id='word_1_114' title='bbox 844 1219 898 1261; x_wconf 92' lang='lat' dir='ltr'>ad</span> <span class='ocrx_word' id='word_1_115' title='bbox 932 1233 1162 1261; x_wconf 90' lang='lat' dir='ltr'>sacrarum</span> <span class='ocrx_word' id='word_1_116' title='bbox 1203 1218 1434 1262; x_wconf 88' lang='lat' dir='ltr'>literarum</span> <span class='ocrx_word' id='word_1_117' title='bbox 1474 1217 1823 1275; x_wconf 84' lang='lat' dir='ltr'>intelligentiam</span> <span class='ocrx_word' id='word_1_118' title='bbox 1864 1232 1964 1262; x_wconf 87' lang='lat' dir='ltr'>esse</span> 
     </span>
     <span class='ocr_line' id='line_1_15' title="bbox 324 1284 1939 1351; baseline 0 -13"><span class='ocrx_word' id='word_1_119' title='bbox 324 1297 616 1339; x_wconf 88' lang='lat' dir='ltr'>conferenda.</span> <span class='ocrx_word' id='word_1_120' title='bbox 645 1296 816 1351; x_wconf 86' lang='lat' dir='ltr'>Itaque,</span> <span class='ocrx_word' id='word_1_121' title='bbox 844 1284 1029 1339; x_wconf 86' lang='lat' dir='ltr'>vtesset</span> <span class='ocrx_word' id='word_1_122' title='bbox 1053 1310 1217 1351; x_wconf 86' lang='lat' dir='ltr'>operae</span> <span class='ocrx_word' id='word_1_123' title='bbox 1241 1295 1445 1350; x_wconf 89' lang='lat' dir='ltr'>precium</span> <span class='ocrx_word' id='word_1_124' title='bbox 1465 1295 1610 1351; x_wconf 90' lang='lat' dir='ltr'>primo</span> <span class='ocrx_word' id='word_1_125' title='bbox 1628 1302 1709 1337; x_wconf 89' lang='lat' dir='ltr'>aut</span> <span class='ocrx_word' id='word_1_126' title='bbox 1731 1295 1866 1338; x_wconf 91' lang='lat' dir='ltr'>etiam</span> <span class='ocrx_word' id='word_1_127' title='bbox 1891 1310 1939 1338; x_wconf 86' lang='lat' dir='ltr'>se</span> 
     </span>
     <span class='ocr_line' id='line_1_16' title="bbox 324 1372 1960 1429; baseline 0.002 -15"><span class='ocrx_word' id='word_1_128' title='bbox 324 1374 475 1415; x_wconf 91' lang='lat' dir='ltr'>cundo</span> <span class='ocrx_word' id='word_1_129' title='bbox 498 1386 660 1415; x_wconf 85' lang='lat' dir='ltr'>cursus</span> <span class='ocrx_word' id='word_1_130' title='bbox 684 1372 929 1429; x_wconf 87' lang='lat' dir='ltr'>theologici</span> <span class='ocrx_word' id='word_1_131' title='bbox 953 1387 1075 1415; x_wconf 91' lang='lat' dir='ltr'>anno</span> <span class='ocrx_word' id='word_1_132' title='bbox 1106 1373 1420 1415; x_wconf 90' lang='lat' dir='ltr'>tantummodo</span> <span class='ocrx_word' id='word_1_133' title='bbox 1452 1372 1757 1417; x_wconf 88' lang='lat' dir='ltr'>scholasticen</span> <span class='ocrx_word' id='word_1_134' title='bbox 1788 1372 1960 1418; x_wconf 72' lang='lat' dir='ltr'>audire,</span> 
     </span>
     <span class='ocr_line' id='line_1_17' title="bbox 324 1449 1962 1505; baseline 0.001 -15"><span class='ocrx_word' id='word_1_135' title='bbox 324 1449 386 1491; x_wconf 85' lang='lat' dir='ltr'>ita</span> <span class='ocrx_word' id='word_1_136' title='bbox 408 1457 569 1505; x_wconf 86' lang='lat' dir='ltr'>postea</span> <span class='ocrx_word' id='word_1_137' title='bbox 599 1457 771 1492; x_wconf 86' lang='lat' dir='ltr'>attente</span> <span class='ocrx_word' id='word_1_138' title='bbox 810 1449 965 1492; x_wconf 88' lang='lat' dir='ltr'>audiat</span> <span class='ocrx_word' id='word_1_139' title='bbox 995 1450 1235 1493; x_wconf 89' lang='lat' dir='ltr'>lectionem</span> <span class='ocrx_word' id='word_1_140' title='bbox 1277 1464 1506 1492; x_wconf 86' lang='lat' dir='ltr'>sacrarum</span> <span class='ocrx_word' id='word_1_141' title='bbox 1539 1449 1788 1501; x_wconf 89' lang='lat' dir='ltr'>literarum,</span> <span class='ocrx_word' id='word_1_142' title='bbox 1814 1457 1859 1492; x_wconf 94' lang='lat' dir='ltr'>et</span> <span class='ocrx_word' id='word_1_143' title='bbox 1888 1449 1962 1492; x_wconf 87' lang='lat' dir='ltr'>illa</span> 
     </span>
     <span class='ocr_line' id='line_1_18' title="bbox 323 1526 1962 1583; baseline 0 -14"><span class='ocrx_word' id='word_1_144' title='bbox 323 1526 472 1569; x_wconf 87' lang='lat' dir='ltr'>studia</span> <span class='ocrx_word' id='word_1_145' title='bbox 495 1528 551 1568; x_wconf 94' lang='lat' dir='ltr'>ad</span> <span class='ocrx_word' id='word_1_146' title='bbox 574 1528 686 1569; x_wconf 90' lang='lat' dir='ltr'>haec</span> <span class='ocrx_word' id='word_1_147' title='bbox 711 1527 910 1583; x_wconf 86' lang='lat' dir='ltr'>applicet</span> <span class='ocrx_word' id='word_1_148' title='bbox 933 1534 1070 1582; x_wconf 85' lang='lat' dir='ltr'>atque</span> <span class='ocrx_word' id='word_1_149' title='bbox 1088 1528 1417 1570; x_wconf 88' lang='lat' dir='ltr'>accommodet.</span> <span class='ocrx_word' id='word_1_150' title='bbox 1441 1528 1751 1570; x_wconf 87' lang='lat' dir='ltr'>Exerceantur</span> <span class='ocrx_word' id='word_1_151' title='bbox 1770 1526 1962 1582; x_wconf 91' lang='lat' dir='ltr'>repetio-</span> 
     </span>
     <span class='ocr_line' id='line_1_19' title="bbox 323 1603 1964 1659; baseline 0.001 -15"><span class='ocrx_word' id='word_1_152' title='bbox 323 1604 457 1646; x_wconf 88' lang='lat' dir='ltr'>nibus</span> <span class='ocrx_word' id='word_1_153' title='bbox 480 1611 526 1647; x_wconf 90' lang='lat' dir='ltr'>et</span> <span class='ocrx_word' id='word_1_154' title='bbox 547 1603 935 1659; x_wconf 86' lang='lat' dir='ltr'>disputationibus</span> <span class='ocrx_word' id='word_1_155' title='bbox 957 1604 1134 1648; x_wconf 90' lang='lat' dir='ltr'>sedulo.</span> <span class='ocrx_word' id='word_1_156' title='bbox 1161 1603 1472 1659; x_wconf 88' lang='lat' dir='ltr'>Adiungenda</span> <span class='ocrx_word' id='word_1_157' title='bbox 1501 1611 1737 1659; x_wconf 82' lang='lat' dir='ltr'>praeterea</span> <span class='ocrx_word' id='word_1_158' title='bbox 1765 1603 1964 1646; x_wconf 86' lang='lat' dir='ltr'>eruditio</span> 
     </span>
     <span class='ocr_line' id='line_1_20' title="bbox 324 1680 1964 1737; baseline -0.001 -15"><span class='ocrx_word' id='word_1_159' title='bbox 324 1681 507 1736; x_wconf 87' lang='lat' dir='ltr'>linguae</span> <span class='ocrx_word' id='word_1_160' title='bbox 531 1695 726 1735; x_wconf 89' lang='lat' dir='ltr'>graecae</span> <span class='ocrx_word' id='word_1_161' title='bbox 755 1688 891 1735; x_wconf 87' lang='lat' dir='ltr'>atque</span> <span class='ocrx_word' id='word_1_162' title='bbox 920 1681 1054 1723; x_wconf 86' lang='lat' dir='ltr'>etiarn</span> <span class='ocrx_word' id='word_1_163' title='bbox 1087 1681 1344 1733; x_wconf 82' lang='lat' dir='ltr'>hebraicae3</span> <span class='ocrx_word' id='word_1_164' title='bbox 1372 1695 1463 1723; x_wconf 90' lang='lat' dir='ltr'>non</span> <span class='ocrx_word' id='word_1_165' title='bbox 1493 1680 1734 1723; x_wconf 87' lang='lat' dir='ltr'>mediocris</span> <span class='ocrx_word' id='word_1_166' title='bbox 1758 1680 1964 1737; x_wconf 87' lang='lat' dir='ltr'>cognitio</span> 
     </span>
     <span class='ocr_line' id='line_1_21' title="bbox 322 1757 1961 1811; baseline 0.001 -12"><span class='ocrx_word' id='word_1_167' title='bbox 322 1758 633 1810; x_wconf 87' lang='lat' dir='ltr'>conciliorum,</span> <span class='ocrx_word' id='word_1_168' title='bbox 647 1771 872 1800; x_wconf 89' lang='lat' dir='ltr'>canonum</span> <span class='ocrx_word' id='word_1_169' title='bbox 891 1757 908 1782; x_wconf 73' lang='lat'>¹³</span> <span class='ocrx_word' id='word_1_170' title='bbox 927 1758 1359 1811; x_wconf 88' lang='lat' dir='ltr'>ecclesiasticorum,</span> <span class='ocrx_word' id='word_1_171' title='bbox 1378 1757 1713 1802; x_wconf 82' lang='lat' dir='ltr'>ecclesiasticae</span> <span class='ocrx_word' id='word_1_172' title='bbox 1732 1757 1961 1808; x_wconf 76' lang='lat' dir='ltr'>historiae,</span> 
     </span>
     <span class='ocr_line' id='line_1_22' title="bbox 321 1834 1660 1889; baseline 0 -13"><span class='ocrx_word' id='word_1_173' title='bbox 321 1849 508 1877; x_wconf 85' lang='lat' dir='ltr'>casuum</span> <span class='ocrx_word' id='word_1_174' title='bbox 534 1834 656 1886; x_wconf 92' lang='lat' dir='ltr'>item,</span> <span class='ocrx_word' id='word_1_175' title='bbox 684 1849 798 1889; x_wconf 84' lang='lat' dir='ltr'>quos</span> <span class='ocrx_word' id='word_1_176' title='bbox 821 1842 1004 1888; x_wconf 82' lang='lat' dir='ltr'>vocant,</span> <span class='ocrx_word' id='word_1_177' title='bbox 1030 1835 1354 1887; x_wconf 85' lang='lat' dir='ltr'>conscientiae,</span> <span class='ocrx_word' id='word_1_178' title='bbox 1381 1834 1660 1878; x_wconf 84' lang='lat' dir='ltr'>exercitatio.</span> 
     </span>
    </p>

    <p class='ocr_par' dir='ltr' id='par_1_4' title="bbox 266 1911 1962 2274">
     <span class='ocr_line' id='line_1_23' title="bbox 368 1911 1962 1966; baseline 0.001 -13"><span class='ocrx_word' id='word_1_179' title='bbox 368 1934 370 1936; x_wconf 30' lang='grc' dir='ltr'><em>ν</em></span> <span class='ocrx_word' id='word_1_180' title='bbox 411 1912 540 1953; x_wconf 87' lang='lat' dir='ltr'>Haec</span> <span class='ocrx_word' id='word_1_181' title='bbox 568 1926 673 1954; x_wconf 83' lang='lat' dir='ltr'>vero</span> <span class='ocrx_word' id='word_1_182' title='bbox 695 1912 861 1963; x_wconf 88' lang='lat' dir='ltr'>studia,</span> <span class='ocrx_word' id='word_1_183' title='bbox 882 1926 998 1966; x_wconf 84' lang='lat' dir='ltr'>quae</span> <span class='ocrx_word' id='word_1_184' title='bbox 1020 1913 1242 1954; x_wconf 88' lang='lat' dir='ltr'>hactenus</span> <span class='ocrx_word' id='word_1_185' title='bbox 1259 1911 1367 1963; x_wconf 88' lang='lat' dir='ltr'>dixi,</span> <span class='ocrx_word' id='word_1_186' title='bbox 1395 1911 1469 1953; x_wconf 85' lang='lat' dir='ltr'>vbi</span> <span class='ocrx_word' id='word_1_187' title='bbox 1494 1918 1673 1964; x_wconf 90' lang='lat' dir='ltr'>tractat,</span> <span class='ocrx_word' id='word_1_188' title='bbox 1700 1911 1809 1954; x_wconf 90' lang='lat' dir='ltr'>illud</span> <span class='ocrx_word' id='word_1_189' title='bbox 1832 1926 1962 1966; x_wconf 88' lang='lat' dir='ltr'>prae-</span> 
     </span>
     <span class='ocr_line' id='line_1_24' title="bbox 266 1987 1958 2044; baseline 0.001 -16"><span class='ocrx_word' id='word_1_190' title='bbox 266 1998 270 2001; x_wconf 83' lang='lat'>·</span> <span class='ocrx_word' id='word_1_191' title='bbox 321 1987 483 2029; x_wconf 85' lang='lat' dir='ltr'>sidium</span> <span class='ocrx_word' id='word_1_192' title='bbox 510 2002 599 2029; x_wconf 90' lang='lat' dir='ltr'>non</span> <span class='ocrx_word' id='word_1_193' title='bbox 623 1987 801 2030; x_wconf 89' lang='lat' dir='ltr'>omittat</span> <span class='ocrx_word' id='word_1_194' title='bbox 826 2002 982 2044; x_wconf 88' lang='lat' dir='ltr'>parare</span> <span class='ocrx_word' id='word_1_195' title='bbox 1005 1989 1062 2030; x_wconf 89' lang='lat' dir='ltr'>ad</span> <span class='ocrx_word' id='word_1_196' title='bbox 1085 1995 1293 2030; x_wconf 89' lang='lat' dir='ltr'>ornatum</span> <span class='ocrx_word' id='word_1_197' title='bbox 1317 1995 1362 2030; x_wconf 90' lang='lat' dir='ltr'>et</span> <span class='ocrx_word' id='word_1_198' title='bbox 1391 1987 1635 2031; x_wconf 88' lang='lat' dir='ltr'>efficaciam</span> <span class='ocrx_word' id='word_1_199' title='bbox 1667 1988 1958 2037; x_wconf 86' lang='lat' dir='ltr'>concionum,</span> 
     </span>
     <span class='ocr_line' id='line_1_25' title="bbox 321 2064 1962 2121; baseline 0.001 -16"><span class='ocrx_word' id='word_1_200' title='bbox 321 2073 368 2106; x_wconf 71' lang='lat' dir='ltr'>vt</span> <span class='ocrx_word' id='word_1_201' title='bbox 393 2065 742 2109; x_wconf 85' lang='lat' dir='ltr'>obseruationes</span> <span class='ocrx_word' id='word_1_202' title='bbox 766 2065 900 2108; x_wconf 86' lang='lat' dir='ltr'>faciat</span> <span class='ocrx_word' id='word_1_203' title='bbox 922 2080 980 2109; x_wconf 83' lang='lat' dir='ltr'>ex</span> <span class='ocrx_word' id='word_1_204' title='bbox 1005 2066 1092 2118; x_wconf 89' lang='lat' dir='ltr'>his,</span> <span class='ocrx_word' id='word_1_205' title='bbox 1114 2080 1231 2121; x_wconf 89' lang='lat' dir='ltr'>quae</span> <span class='ocrx_word' id='word_1_206' title='bbox 1253 2065 1380 2120; x_wconf 89' lang='lat' dir='ltr'>legit,</span> <span class='ocrx_word' id='word_1_207' title='bbox 1402 2065 1543 2117; x_wconf 91' lang='lat' dir='ltr'>audit,</span> <span class='ocrx_word' id='word_1_208' title='bbox 1565 2064 1753 2121; x_wconf 88' lang='lat' dir='ltr'>cogitat,</span> <span class='ocrx_word' id='word_1_209' title='bbox 1775 2073 1889 2117; x_wconf 90' lang='lat' dir='ltr'>orat;</span> <span class='ocrx_word' id='word_1_210' title='bbox 1916 2074 1962 2108; x_wconf 92' lang='lat' dir='ltr'>et</span> 
     </span>
     <span class='ocr_line' id='line_1_26' title="bbox 321 2142 1962 2198; baseline 0 -15"><span class='ocrx_word' id='word_1_211' title='bbox 321 2143 365 2183; x_wconf 83' lang='lat' dir='ltr'>in</span> <span class='ocrx_word' id='word_1_212' title='bbox 389 2142 551 2183; x_wconf 90' lang='lat' dir='ltr'>librum</span> <span class='ocrx_word' id='word_1_213' title='bbox 577 2143 757 2193; x_wconf 83' lang='lat' dir='ltr'>referat,</span> <span class='ocrx_word' id='word_1_214' title='bbox 785 2151 828 2184; x_wconf 90' lang='lat' dir='ltr'>et</span> <span class='ocrx_word' id='word_1_215' title='bbox 852 2143 976 2185; x_wconf 87' lang='lat' dir='ltr'>locos</span> <span class='ocrx_word' id='word_1_216' title='bbox 1004 2156 1286 2195; x_wconf 89' lang='lat' dir='ltr'>communes,</span> <span class='ocrx_word' id='word_1_217' title='bbox 1318 2142 1394 2197; x_wconf 88' lang='lat' dir='ltr'>qui</span> <span class='ocrx_word' id='word_1_218' title='bbox 1421 2142 1551 2185; x_wconf 71' lang='lat' dir='ltr'>Vtiles</span> <span class='ocrx_word' id='word_1_219' title='bbox 1580 2149 1737 2198; x_wconf 83' lang='lat' dir='ltr'>postea</span> <span class='ocrx_word' id='word_1_220' title='bbox 1767 2156 1867 2185; x_wconf 87' lang='lat' dir='ltr'>esse</span> <span class='ocrx_word' id='word_1_221' title='bbox 1899 2142 1962 2183; x_wconf 91' lang='lat' dir='ltr'>illi</span> 
     </span>
     <span class='ocr_line' id='line_1_27' title="bbox 325 2218 509 2274; baseline 0.005 -14"><span class='ocrx_word' id='word_1_222' title='bbox 325 2218 509 2274; x_wconf 76' lang='lat' dir='ltr'>possint.</span> 
     </span>
    </p>

    <p class='ocr_par' dir='ltr' id='par_1_5' title="bbox 319 2296 1961 2735">
     <span class='ocr_line' id='line_1_28' title="bbox 411 2296 1958 2352; baseline -0.001 -14"><span class='ocrx_word' id='word_1_223' title='bbox 411 2298 519 2338; x_wconf 83' lang='lat' dir='ltr'>Post</span> <span class='ocrx_word' id='word_1_224' title='bbox 544 2304 695 2337; x_wconf 87' lang='lat' dir='ltr'>autem</span> <span class='ocrx_word' id='word_1_225' title='bbox 714 2296 848 2338; x_wconf 88' lang='lat' dir='ltr'>finem</span> <span class='ocrx_word' id='word_1_226' title='bbox 873 2296 1034 2339; x_wconf 90' lang='lat' dir='ltr'>studiis</span> <span class='ocrx_word' id='word_1_227' title='bbox 1056 2296 1332 2352; x_wconf 86' lang='lat' dir='ltr'>impositum,</span> <span class='ocrx_word' id='word_1_228' title='bbox 1357 2310 1448 2338; x_wconf 87' lang='lat' dir='ltr'>non</span> <span class='ocrx_word' id='word_1_229' title='bbox 1466 2297 1611 2339; x_wconf 92' lang='lat' dir='ltr'>solum</span> <span class='ocrx_word' id='word_1_230' title='bbox 1631 2296 1813 2340; x_wconf 89' lang='lat' dir='ltr'>tertium</span> <span class='ocrx_word' id='word_1_231' title='bbox 1835 2297 1958 2338; x_wconf 88' lang='lat' dir='ltr'>illum</span> 
     </span>
     <span class='ocr_line' id='line_1_29' title="bbox 319 2372 1958 2428; baseline 0.001 -13"><span class='ocrx_word' id='word_1_232' title='bbox 319 2388 489 2415; x_wconf 86' lang='lat' dir='ltr'>annum</span> <span class='ocrx_word' id='word_1_233' title='bbox 509 2372 788 2428; x_wconf 77' lang='lat' dir='ltr'>probationis</span> <span class='ocrx_word' id='word_1_234' title='bbox 808 2373 931 2417; x_wconf 87' lang='lat' dir='ltr'>obire</span> <span class='ocrx_word' id='word_1_235' title='bbox 955 2374 1090 2417; x_wconf 89' lang='lat' dir='ltr'>debet</span> <span class='ocrx_word' id='word_1_236' title='bbox 1108 2381 1282 2425; x_wconf 82' lang='lat' dir='ltr'>exacte,</span> <span class='ocrx_word' id='word_1_237' title='bbox 1303 2374 1381 2416; x_wconf 85' lang='lat' dir='ltr'>sed</span> <span class='ocrx_word' id='word_1_238' title='bbox 1399 2388 1481 2416; x_wconf 89' lang='lat' dir='ltr'>sua</span> <span class='ocrx_word' id='word_1_239' title='bbox 1498 2373 1664 2426; x_wconf 89' lang='lat' dir='ltr'>studia,</span> <span class='ocrx_word' id='word_1_240' title='bbox 1686 2387 1803 2428; x_wconf 90' lang='lat' dir='ltr'>quae</span> <span class='ocrx_word' id='word_1_241' title='bbox 1819 2374 1958 2417; x_wconf 84' lang='lat' dir='ltr'>debe-</span> 
     </span>
     <span class='ocr_line' id='line_1_30' title="bbox 321 2449 1957 2505; baseline 0.001 -14"><span class='ocrx_word' id='word_1_242' title='bbox 321 2452 435 2492; x_wconf 84' lang='lat' dir='ltr'>bunt</span> <span class='ocrx_word' id='word_1_243' title='bbox 458 2450 640 2504; x_wconf 84' lang='lat' dir='ltr'>quidem</span> <span class='ocrx_word' id='word_1_244' title='bbox 665 2463 764 2490; x_wconf 86' lang='lat' dir='ltr'>esse</span> <span class='ocrx_word' id='word_1_245' title='bbox 787 2464 965 2504; x_wconf 88' lang='lat' dir='ltr'>semper</span> <span class='ocrx_word' id='word_1_246' title='bbox 987 2451 1043 2492; x_wconf 87' lang='lat' dir='ltr'>ad</span> <span class='ocrx_word' id='word_1_247' title='bbox 1063 2449 1233 2505; x_wconf 77' lang='lat' dir='ltr'>praxim</span> <span class='ocrx_word' id='word_1_248' title='bbox 1259 2451 1454 2492; x_wconf 89' lang='lat' dir='ltr'>futuram</span> <span class='ocrx_word' id='word_1_249' title='bbox 1480 2450 1635 2502; x_wconf 87' lang='lat' dir='ltr'>relata,</span> <span class='ocrx_word' id='word_1_250' title='bbox 1657 2464 1711 2493; x_wconf 91' lang='lat' dir='ltr'>eo</span> <span class='ocrx_word' id='word_1_251' title='bbox 1736 2457 1957 2505; x_wconf 78' lang='lat' dir='ltr'>tempore,</span> 
     </span>
     <span class='ocr_line' id='line_1_31' title="bbox 320 2526 1959 2582; baseline -0.001 -13"><span class='ocrx_word' id='word_1_252' title='bbox 320 2542 374 2569; x_wconf 84' lang='lat' dir='ltr'>ex</span> <span class='ocrx_word' id='word_1_253' title='bbox 405 2526 682 2582; x_wconf 81' lang='lat' dir='ltr'>praescripto</span> <span class='ocrx_word' id='word_1_254' title='bbox 719 2526 1114 2578; x_wconf 88' lang='lat' dir='ltr'>constitutionum,</span> <span class='ocrx_word' id='word_1_255' title='bbox 1141 2527 1320 2569; x_wconf 87' lang='lat' dir='ltr'>curabit</span> <span class='ocrx_word' id='word_1_256' title='bbox 1358 2542 1451 2569; x_wconf 91' lang='lat' dir='ltr'>non</span> <span class='ocrx_word' id='word_1_257' title='bbox 1489 2527 1677 2569; x_wconf 84' lang='lat' dir='ltr'>omnino</span> <span class='ocrx_word' id='word_1_258' title='bbox 1715 2527 1880 2579; x_wconf 84' lang='lat' dir='ltr'>solum,</span> <span class='ocrx_word' id='word_1_259' title='bbox 1911 2535 1959 2568; x_wconf 81' lang='lat' dir='ltr'>vt</span> 
     </span>
     <span class='ocr_line' id='line_1_32' title="bbox 322 2603 1961 2660; baseline -0.001 -13"><span class='ocrx_word' id='word_1_260' title='bbox 322 2605 461 2660; x_wconf 87' lang='lat' dir='ltr'>prius,</span> <span class='ocrx_word' id='word_1_261' title='bbox 487 2605 542 2646; x_wconf 90' lang='lat' dir='ltr'>ad</span> <span class='ocrx_word' id='word_1_262' title='bbox 563 2603 732 2659; x_wconf 86' lang='lat' dir='ltr'>praxim</span> <span class='ocrx_word' id='word_1_263' title='bbox 753 2604 979 2656; x_wconf 84' lang='lat' dir='ltr'>conferre,</span> <span class='ocrx_word' id='word_1_264' title='bbox 1001 2604 1080 2646; x_wconf 89' lang='lat' dir='ltr'>sed</span> <span class='ocrx_word' id='word_1_265' title='bbox 1099 2618 1200 2655; x_wconf 80' lang='lat' dir='ltr'>vsu,</span> <span class='ocrx_word' id='word_1_266' title='bbox 1223 2603 1511 2655; x_wconf 83' lang='lat' dir='ltr'>executione,</span> <span class='ocrx_word' id='word_1_267' title='bbox 1532 2604 1783 2655; x_wconf 86' lang='lat' dir='ltr'>voluntate,</span> <span class='ocrx_word' id='word_1_268' title='bbox 1804 2605 1961 2647; x_wconf 85' lang='lat' dir='ltr'>obser-</span> 
     </span>
     <span class='ocr_line' id='line_1_33' title="bbox 324 2679 1894 2735; baseline 0 -12"><span class='ocrx_word' id='word_1_269' title='bbox 324 2681 503 2724; x_wconf 86' lang='lat' dir='ltr'>uatione</span> <span class='ocrx_word' id='word_1_270' title='bbox 527 2679 682 2730; x_wconf 88' lang='lat' dir='ltr'>animi,</span> <span class='ocrx_word' id='word_1_271' title='bbox 707 2686 753 2722; x_wconf 89' lang='lat' dir='ltr'>et</span> <span class='ocrx_word' id='word_1_272' title='bbox 775 2679 960 2734; x_wconf 85' lang='lat' dir='ltr'>spiritus</span> <span class='ocrx_word' id='word_1_273' title='bbox 984 2679 1132 2722; x_wconf 85' lang='lat' dir='ltr'>viuaci</span> <span class='ocrx_word' id='word_1_274' title='bbox 1157 2688 1202 2723; x_wconf 89' lang='lat' dir='ltr'>et</span> <span class='ocrx_word' id='word_1_275' title='bbox 1226 2680 1437 2735; x_wconf 77' lang='lat' dir='ltr'>prudenti</span> <span class='ocrx_word' id='word_1_276' title='bbox 1461 2680 1717 2725; x_wconf 88' lang='lat' dir='ltr'>intentione</span> <span class='ocrx_word' id='word_1_277' title='bbox 1740 2680 1784 2722; x_wconf 90' lang='lat' dir='ltr'>in</span> <span class='ocrx_word' id='word_1_278' title='bbox 1809 2680 1894 2723; x_wconf 89' lang='lat' dir='ltr'>X.⁰</span> 
     </span>
    </p>

    <p class='ocr_par' dir='ltr' id='par_1_6' title="bbox 323 2756 1962 2890">
     <span class='ocr_line' id='line_1_34' title="bbox 408 2756 1959 2813; baseline -0.001 -13"><span class='ocrx_word' id='word_1_279' title='bbox 408 2760 559 2801; x_wconf 91' lang='lat' dir='ltr'>Vnum</span> <span class='ocrx_word' id='word_1_280' title='bbox 583 2757 762 2808; x_wconf 89' lang='lat' dir='ltr'>addam,</span> <span class='ocrx_word' id='word_1_281' title='bbox 789 2756 908 2811; x_wconf 88' lang='lat' dir='ltr'>quod</span> <span class='ocrx_word' id='word_1_282' title='bbox 932 2756 1106 2798; x_wconf 70' lang='lat' dir='ltr'>etiamsi</span> <span class='ocrx_word' id='word_1_283' title='bbox 1131 2756 1338 2811; x_wconf 90' lang='lat' dir='ltr'>superius</span> <span class='ocrx_word' id='word_1_284' title='bbox 1361 2756 1449 2799; x_wconf 89' lang='lat' dir='ltr'>dici</span> <span class='ocrx_word' id='word_1_285' title='bbox 1472 2757 1638 2813; x_wconf 91' lang='lat' dir='ltr'>potuit,</span> <span class='ocrx_word' id='word_1_286' title='bbox 1664 2757 1786 2799; x_wconf 90' lang='lat' dir='ltr'>volui</span> <span class='ocrx_word' id='word_1_287' title='bbox 1807 2765 1959 2801; x_wconf 83' lang='lat' dir='ltr'>tamen</span> 
     </span>
     <span class='ocr_line' id='line_1_35' title="bbox 323 2832 1962 2890; baseline 0.001 -13"><span class='ocrx_word' id='word_1_288' title='bbox 323 2837 363 2877; x_wconf 83' lang='lat' dir='ltr'>in</span> <span class='ocrx_word' id='word_1_289' title='bbox 390 2835 592 2876; x_wconf 87' lang='lat' dir='ltr'>vltimum</span> <span class='ocrx_word' id='word_1_290' title='bbox 620 2835 740 2876; x_wconf 88' lang='lat' dir='ltr'>hunc</span> <span class='ocrx_word' id='word_1_291' title='bbox 763 2833 910 2875; x_wconf 90' lang='lat' dir='ltr'>locum</span> <span class='ocrx_word' id='word_1_292' title='bbox 935 2832 1130 2884; x_wconf 88' lang='lat' dir='ltr'>differre,</span> <span class='ocrx_word' id='word_1_293' title='bbox 1157 2840 1204 2874; x_wconf 89' lang='lat' dir='ltr'>vt</span> <span class='ocrx_word' id='word_1_294' title='bbox 1227 2833 1362 2875; x_wconf 88' lang='lat' dir='ltr'>altius</span> <span class='ocrx_word' id='word_1_295' title='bbox 1384 2833 1597 2877; x_wconf 85' lang='lat' dir='ltr'>cordibus</span> <span class='ocrx_word' id='word_1_296' title='bbox 1614 2834 1777 2877; x_wconf 84' lang='lat' dir='ltr'>vestris</span> <span class='ocrx_word' id='word_1_297' title='bbox 1796 2832 1962 2890; x_wconf 86' lang='lat' dir='ltr'>infige-</span> 
     </span>
    </p>
   </div>
   <div class='ocr_carea' id='block_1_3' title="bbox 442 2942 551 2945">
    <p class='ocr_par' dir='ltr' id='par_1_7' title="bbox 442 2942 551 2945">
     <span class='ocr_line' id='line_1_36' title="bbox 442 2942 551 2945; baseline 0 0"><span class='ocrx_word' id='word_1_298' title='bbox 442 2942 551 2945; x_wconf 95' lang='lat' dir='ltr'> </span> 
     </span>
    </p>
   </div>
   <div class='ocr_carea' id='block_1_4' title="bbox 392 2996 1417 3036">
    <p class='ocr_par' dir='ltr' id='par_1_8' title="bbox 392 2996 1417 3036">
     <span class='ocr_line' id='line_1_37' title="bbox 392 2996 1417 3036; baseline -0.001 0"><span class='ocrx_word' id='word_1_299' title='bbox 392 3014 407 3027; x_wconf 57' lang='grc' dir='ltr'>«ι</span> <span class='ocrx_word' id='word_1_300' title='bbox 458 3000 636 3036; x_wconf 81' lang='lat' dir='ltr'>Obscure</span> <span class='ocrx_word' id='word_1_301' title='bbox 664 3004 854 3034; x_wconf 88' lang='lat' dir='ltr'>notatum.</span> <span class='ocrx_word' id='word_1_302' title='bbox 908 2999 973 3025; x_wconf 80' lang='lat' dir='ltr'>—b</span> <span class='ocrx_word' id='word_1_303' title='bbox 1000 2996 1179 3034; x_wconf 86' lang='lat' dir='ltr'>Obscure</span> <span class='ocrx_word' id='word_1_304' title='bbox 1205 3004 1417 3036; x_wconf 85' lang='lat' dir='ltr'>exaratum.</span> 
     </span>
    </p>
   </div>
  </div>
 </body>
</html>
