2028 3426
727 187 1156 223 INSTRUCTIONES—61
1638 199 1700 236 551

125 286 319 342 positum
343 294 546 329 nostrum
568 287 626 329 sit
648 301 751 329 cum
775 287 872 330 illas
895 287 1003 343 ipsis
1025 296 1042 313 ³
1060 289 1462 341 communicamus,
1484 298 1619 346 atque
1641 293 1753 335 adeo

125 363 170 405 in
195 370 289 405 toto
311 365 401 406 hoc
420 363 612 419 negocio
629 364 820 408 intentio
838 373 992 407 nostra
1009 365 1082 417 sit,
1103 373 1153 407 vt
1171 366 1227 408 ad
1245 366 1518 411 Societatem
1538 383 1752 412 mouean-

125 448 213 492 tur3
241 447 390 483 tamen
412 447 480 482 est
503 439 623 483 omni
646 441 797 483 studio
819 450 955 496 atque
978 442 1198 485 industria
1222 445 1489 495 curandum,
1511 452 1558 485 vt
1582 445 1659 495 illi,
1682 445 1753 487 his

125 515 325 568 excitati,
351 532 376 558 a
398 519 495 559 Deo
518 517 616 572 ipso
641 525 924 569 moueantur,
951 526 995 562 et
1024 533 1105 561 sua
1128 527 1289 574 sponte
1320 519 1577 563 desiderent
1610 529 1653 562 et
1676 537 1752 564 ex-

122 600 279 648 petant
319 592 611 645 Societatem,
645 601 694 634 vt
721 608 827 636 vere
855 595 1030 649 possint
1062 596 1338 651 respondere
1367 610 1417 638 se
1453 611 1535 638 sua
1573 606 1749 652 sponte,

119 684 201 712 sua
223 670 472 721 voluntate,
499 684 582 712 suo
605 670 772 712 iudicio
794 671 850 712 ad
868 671 1140 714 Societatem
1160 673 1348 714 moueri.
1371 674 1485 715 Nam
1505 673 1566 715 ita
1584 674 1750 728 accipi-

119 761 221 788 mus
243 760 298 788 ex
322 747 390 790 2.⁰
415 760 513 802 cap.
540 746 777 789 examinis:
803 747 1181 803 Interrogandum
1200 763 1320 800 eum,
1343 749 1418 803 qui
1442 758 1510 792 est
1528 749 1749 804 recipien—

120 823 220 874 dus,
246 838 355 865 num
378 838 458 878 per
479 822 675 878 aliquem
698 839 722 867 e
745 824 910 866 nostris
933 825 989 867 ad
1012 825 1056 866 id
1079 825 1214 867 fuerit
1236 833 1401 877 motus;
1424 827 1544 880 quod
1568 826 1604 868 si
1628 828 1748 868 affir-

120 906 262 942 maret
284 914 333 942 se
364 899 503 943 fuisse
531 908 704 942 motum
744 901 967 956 (quamuis
998 901 1120 945 licite
1158 909 1202 945 et
1241 915 1344 943 cum
1383 902 1543 944 merito
1578 903 1748 944 moueri

121 975 350 1031 potuerit),
382 977 439 1018 ad
468 976 679 1019 maiorem
714 984 864 1019 tamen
898 978 1038 1033 ipsius
1067 978 1303 1021 Vtilitatem
1337 979 1615 1033 spiritualem
1654 979 1749 1021 fore

118 1053 316 1105 videtur,
338 1052 375 1094 si
394 1060 571 1108 tempus
590 1053 631 1096 ei
649 1053 831 1107 aliquod
848 1055 1194 1109 praescribatur,
1211 1062 1258 1096 vt
1276 1070 1328 1097 ea
1346 1056 1401 1098 de
1420 1070 1466 1097 re
1485 1055 1744 1110 cogitando,

119 1131 312 1173 creatori
336 1137 380 1173 et
403 1130 585 1172 domino
607 1132 706 1174 Deo
729 1145 778 1174 se
802 1138 946 1173 totum
971 1133 1275 1183 commendet,
1302 1132 1488 1187 perinde
1511 1147 1563 1174 ac
1585 1133 1621 1174 si
1645 1134 1748 1174 nul—

117 1207 188 1248 lus
212 1207 268 1250 de
292 1207 523 1250 Societate
545 1206 691 1262 ipsum
714 1207 803 1252 499
827 1208 1061 1260 mouisset,
1088 1216 1134 1250 vt
1159 1209 1316 1251 maiori
1339 1223 1441 1251 cum
1474 1210 1634 1251 robore
1657 1209 1748 1264 spi-

118 1282 249 1334 ritus,
277 1283 522 1338 procedere
537 1283 600 1326 ad
629 1283 774 1326 maius
802 1285 1070 1339 obsequium
1101 1292 1145 1329 et
1175 1285 1366 1341 gloriam
1396 1285 1578 1328 diuinae
1608 1286 1747 1328 maie-

119 1359 248 1401 statis
271 1359 426 1415 possit.
453 1361 610 1414 Itaque
631 1374 684 1402 eo
707 1361 1001 1404 deducendus
1022 1369 1106 1412 est,
1128 1376 1262 1416 quem
1280 1363 1490 1404 volumus
1508 1362 1670 1404 adduci
1690 1363 1744 1404 ad

119 1435 410 1487 Societatem,
439 1444 488 1477 vt
510 1431 648 1480 libere
670 1437 810 1492 possit
833 1438 1051 1493 profiteri,
1083 1453 1148 1490 se,
1181 1438 1355 1482 etiamsi
1385 1440 1525 1480 multa
1555 1438 1746 1482 audierit

117 1526 142 1554 a
172 1512 352 1563 nostris,
389 1527 503 1567 quae
533 1520 717 1568 possent
746 1514 869 1555 illum
899 1529 1097 1567 mouere,
1134 1523 1281 1558 tamen
1322 1515 1454 1558 aliam
1493 1530 1541 1558 se
1579 1516 1744 1557 habere

117 1588 362 1631 motionem
385 1589 431 1630 in
460 1604 509 1633 se
537 1605 616 1645 per
645 1590 730 1632 Dei
759 1591 967 1645 gratiam,
997 1607 1085 1647 qua
1114 1599 1346 1647 permotus
1374 1600 1582 1647 expectat
1607 1591 1743 1646 recipi

117 1666 172 1708 ad
196 1665 485 1710 Societatem.

202 1742 516 1785 Vndecimum.
582 1745 716 1786 Haec·
732 1759 835 1786 cum
857 1745 919 1787 ita
941 1746 1154 1798 habeant,
1190 1753 1235 1787 et
1264 1746 1375 1788 nulli
1405 1747 1629 1789 soleamus
1661 1760 1744 1787 nos
1780 1754 1784 1758 ’

115 1820 351 1862 consulere
372 1819 539 1863 diserte
560 1828 609 1861 vt
629 1821 688 1885 ad
711 1822 985 1865 Societatem
1014 1822 1186 1875 veniat,
1218 1837 1322 1865 cum
1351 1823 1488 1865 nullis
1517 1823 1576 1864 ita
1607 1837 1741 1877 agere

113 1903 266 1951 aperte
289 1903 338 1937 vt
361 1896 446 1938 illis
474 1897 709 1939 videamur
731 1899 1006 1953 persuadere
1034 1900 1165 1951 velle3
1197 1910 1324 1943 extra
1356 1900 1557 1942 ordinem
1590 1907 1741 1942 tamen

113 1980 264 2027 posset
293 1972 453 2027 aliquis
476 1987 716 2017 occurrere
747 1982 898 2018 tantae
927 1976 1269 2031 expectationis,
1296 1977 1368 2020 vel
1397 1983 1485 2018 tam
1515 1983 1742 2030 spectatae

113 2048 291 2101 indolis,
317 2049 390 2091 cui
414 2049 466 2106 (si
489 2050 656 2092 dubius
686 2051 822 2093 animi
852 2066 944 2095 rem
977 2060 1116 2094 totam
1141 2053 1337 2097 deferret
1367 2054 1422 2095 ad
1452 2052 1668 2094 iudicium
1699 2058 1743 2093 et

113 2125 352 2168 consilium
376 2127 598 2181 nostrum)
621 2129 859 2171 consulere
882 2143 1119 2183 possemus
1142 2130 1261 2183 quod
1285 2145 1310 2173 e
1343 2145 1391 2172 re
1419 2129 1537 2171 illius
1564 2128 1741 2170 videre-

114 2211 187 2245 tur
210 2218 309 2246 esse
332 2210 377 2247 et
399 2203 655 2248 Societatis:
683 2213 832 2249 tamen
861 2205 948 2249 500
977 2208 1063 2249 hoc
1093 2221 1192 2249 raro
1224 2206 1476 2261 continget,
1509 2214 1554 2248 et
1581 2205 1666 2246 nisi
1695 2205 1739 2245 in

115 2287 358 2334 prouectae
381 2281 541 2324 aetatis
559 2281 819 2324 hominibus
841 2283 913 2324 vel
937 2283 1122 2325 omnino
1139 2283 1305 2325 adultis
1324 2283 1629 2337 vsurpandum
1648 2295 1739 2322 non

114 2365 198 2399 est.
222 2357 457 2400 Habemus
479 2357 598 2400 enirn
621 2360 876 2414 exemplum
905 2360 1047 2422 nostri
1079 2362 1130 2402 P.
1162 2360 1326 2415 Ignatii
1354 2358 1399 2400 in
1429 2359 1621 2407 duobus,
1663 2357 1738 2410 qui

112 2447 235 2475 nunc
257 2441 364 2475 sunt
387 2433 432 2475 in
453 2431 683 2478 Societate
706 2435 789 2477 viri
813 2436 1025 2490 primarii,
1052 2445 1096 2480 et
1119 2443 1308 2490 vterque
1326 2444 1433 2477 tunc
1452 2441 1547 2477 erat
1564 2435 1736 2475 doctor.

113 2509 204 2552 Sed
225 2509 358 2552 simul
385 2511 660 2553 contrarium
691 2513 911 2555 habemus
941 2514 1195 2568 exemplum
1229 2513 1367 2567 ipsius
1408 2514 1458 2553 P.
1502 2510 1663 2565 Ignatii
1692 2510 1735 2551 in

111 2585 208 2627 aliis
238 2587 416 2629 duobus
444 2588 722 2640 doctoribus,
759 2589 923 2643 quibus
963 2591 1086 2632 nullo
1124 2596 1254 2644 pacto
1293 2588 1434 2630 voluit
1471 2588 1587 2630 idem
1626 2600 1736 2627 con—

111 2663 275 2706 sulere.

197 2739 546 2783 Duodecimum.
612 2741 701 2784 Vbi
737 2756 845 2785 vero
883 2742 1059 2797 aliquis,
1097 2742 1172 2797 qui
1210 2741 1399 2783 idoneus
1437 2740 1641 2781 videatur
1679 2739 1734 2779 ad

110 2815 400 2868 Societatem,
425 2817 610 2860 omnino
631 2818 918 2862 constituerit
935 2826 980 2861 et
998 2825 1179 2873 expetat
1198 2816 1388 2867 admitti,
1411 2815 1603 2870 primum
1628 2828 1734 2856 con-

181 2992 199 3009 a
249 2983 354 3027 ipsas
372 2995 444 3018 ms.
