2028 3426
276 221 344 256 226
750 219 904 255 PATR1S
931 220 1175 254 Hlssnoxnn
1203 217 1236 252 N
1241 225 1352 253 ΑΒΜ.

229 337 329 365 mur
367 325 393 364 '.
436 322 581 378 Igitur
611 321 709 364 sine
747 320 1025 365 reuelatione
1063 318 1247 375 speciali
1286 332 1377 361 non
1405 325 1554 375 potest
1582 317 1684 374 quis
1711 326 1863 362 certus

228 414 328 444 esse
351 399 456 442 fidei
479 398 750 442 certitudine
774 413 872 442 esse
894 412 942 439 se
965 396 1010 438 in
1035 395 1197 451 gratia.
1217 396 1309 440 Sed
1326 395 1437 439 satis
1455 395 1511 438 de
1532 395 1604 438 his
1623 396 1862 440 hactenus.

317 476 607 519 Fortissimus
631 475 809 517 animus
832 483 899 516 est
923 473 1181 516 induendus
1204 473 1250 514 in
1268 472 1452 516 Christo
1469 473 1691 516 aduersus
1708 486 1867 516 omnes

229 553 440 596 haereses
459 561 594 607 atque
613 551 882 601 haereticos,
904 550 1009 605 quia
1027 549 1305 602 huiusmodi,
1326 549 1503 594 etiamsi
1521 549 1689 604 alioqui
1709 564 1866 593 aman-

226 629 270 671 di
293 637 415 681 sunt,
442 644 531 684 qua
553 628 760 685 proximi,
787 626 1101 683 compassione
1125 627 1337 682 quadam,
1364 640 1416 670 ac
1446 640 1550 669 cum
1581 640 1734 670 amore
1767 626 1866 682 qui—

227 707 329 749 dem
353 721 529 762 semper
568 706 873 761 coniungatur
912 705 1037 746 zelus
1062 704 1146 747 Dei
1184 711 1342 747 contra
1381 703 1480 746 illos
1518 710 1564 746 et
1587 703 1866 746 abominatio

230 785 469 826 haeresum
483 817 492 827 .

317 860 438 903 Nihil
458 860 634 902 illorum
654 866 844 910 ametur,
867 857 950 900 nisi
969 865 1147 911 natura,
1169 872 1304 913 quam
1322 858 1494 900 habent
1517 873 1543 900 a
1566 860 1679 901 Deo:
1701 857 1739 900 si
1755 857 1864 913 quid

228 937 346 979 enim
377 937 499 979 aliud
529 938 693 980 habere
725 937 938 978 uidentur
967 936 1039 978 uel
1072 935 1292 978 uirtutum
1324 935 1560 978 moralium
1591 937 1711 989 (nam
1734 949 1861 990 aper--

229 1022 322 1056 tum
346 1022 414 1056 est
433 1015 601 1056 nullam
626 1014 908 1056 illoshabere
927 1012 1137 1067 infusam)
1158 1013 1231 1055 uel
1250 1012 1535 1066 eruditionis,
1557 1011 1737 1057 etiamsi
1757 1011 1868 1054 nihil

227 1090 271 1133 in
295 1090 381 1133 illis
404 1098 523 1135 esset
561 1092 874 1146 deprauatum,
902 1090 1141 1144 nee-quod
1170 1089 1393 1134 haeresim
1417 1089 1681 1146 attingeret,
1716 1087 1868 1131 omnia

230 1176 377 1210 tamen
401 1177 508 1210 sunt
531 1167 847 1219 abominanda,
874 1181 991 1223 quae
1013 1168 1069 1210 ab
1099 1167 1170 1210 his
1199 1167 1566 1223 proficiscuntur.
1601 1168 1718 1210 Nam
1751 1165 1788 1208 si
1811 1181 1867 1210 ex

229 1245 421 1289 ethnicis
446 1245 519 1287 illa
541 1245 871 1300 amplectimur,
899 1253 943 1288 et
967 1245 1095 1300 quasi
1123 1245 1267 1300 spolia
1284 1258 1339 1287 ex
1359 1246 1575 1300 Aegypto
1594 1253 1750 1286 nostro
1767 1243 1866 1285 iure

232 1336 569 1377 recuperamus,
603 1331 752 1364 tamen
792 1321 999 1364 nonnihil
1037 1321 1168 1364 nobis
1202 1321 1390 1378 periculi
1414 1321 1634 1373 imminet,
1659 1334 1733 1372 ne,
1759 1321 1866 1363 dum

229 1413 383 1442 eorum
409 1398 622 1443 ueritates
642 1398 890 1451 imitamur,
917 1399 974 1441 ad
991 1413 1149 1442 eorum
1167 1413 1350 1454 quoque
1367 1413 1544 1443 errores
1561 1397 1729 1442 sensim
1759 1397 1866 1440 dila-

231 1476 390 1518 bamur
413 1484 457 1520 et
481 1476 776 1518 abducamur.
804 1477 852 1518 In
876 1476 1118 1520 haereticis
1142 1491 1270 1527 uero,
1303 1476 1381 1531 qui
1410 1475 1586 1518 scilicet
1609 1475 1654 1519 in
1678 1490 1865 1532 praece-

231 1560 307 1607 pto
330 1552 414 1596 Dei
439 1560 483 1596 et
507 1552 725 1596 ecclesiae
748 1560 854 1595 sunt
877 1553 1008 1596 nobis
1033 1552 1285 1604 deuitandi,
1306 1543 1687 1608 nihil‘possumus
1716 1552 1868 1595 mirari

231 1630 303 1673 uel
326 1629 537 1684 amplecti
557 1629 747 1685 (etiamsi
771 1644 931 1673 uerum
949 1629 1038 1685 sit),
1060 1629 1145 1672 nisi
1169 1637 1185 1654 ²²
1207 1629 1253 1672 in
1277 1631 1363 1672 hoc
1387 1630 1587 1685 periculo
1613 1621 1866 1682 uersemur,

230 1720 286 1748 ne
311 1720 463 1750 amore
487 1706 533 1747 in
558 1706 657 1748 illos
676 1707 891 1758 feramur,
918 1716 963 1751 et
985 1707 1042 1750 de
1064 1720 1220 1749 eorum
1244 1705 1511 1749 haeresibus
1533 1705 1858 1762 periclitemur.

318 1784 473 1838 Quare
496 1783 606 1826 nihil
629 1784 686 1825 ab
709 1783 796 1826 illis
825 1783 1033 1836 velimus,
1067 1798 1151 1827 nec
1175 1799 1334 1828 uerum
1360 1797 1443 1826 nec
1466 1783 1646 1836 falsum,
1672 1797 1755 1826 nec
1786 1783 1868 1826 bo-

230 1874 336 1901 num
362 1874 444 1902 nec
468 1861 651 1913 malum,
673 1862 795 1916 quod
818 1868 976 1917 aperte
993 1861 1126 1905 sedes
1145 1860 1392 1917 apostolica
1409 1859 1654 1916 significat3
1676 1859 1769 1913 vbi,
1790 1875 1867 1903 ne-

230 1937 441 1980 cessitate
464 1937 613 1992 aliqua
637 1939 849 1990 adducta,
876 1938 1085 1982 concedit
1107 1937 1348 1981 lectionem
1372 1937 1588 1980 librorum
1613 1937 1868 1981 haeretico-

234 2029 353 2066 rum,
387 2022 559 2057 tantum
600 2015 644 2057 id
683 2015 893 2058 concedit
932 2017 988 2058 ad
1027 2016 1404 2071 oppugnandum.
1448 2015 1513 2057 Eo
1551 2014 1692 2071 igitur
1718 2014 1869 2056 animo

232 2092 399 2135 debent
422 2092 530 2147 legi,
558 2100 606 2134 ut
636 2107 661 2135 a
691 2092 858 2147 quibus
887 2092 1001 2134 nihil
1030 2090 1144 2135 boni
1169 2092 1380 2144 uelimus,
1406 2092 1486 2134 sed
1515 2099 1565 2134 ut
1594 2092 1757 2151 falsum
1785 2105 1869 2146 op-

232 2182 504 2223 pugnemus:
527 2169 657 2212 facile
675 2169 794 2212 enim
813 2177 882 2212 est
899 2170 1101 2222 credere,
1124 2168 1340 2225 quicquid
1359 2183 1415 2212 ex
1433 2167 1520 2210 illis
1543 2167 1748 2211 ueritatis
1765 2182 1867 2224 pro-

234 2245 464 2298 ficiscitur,
500 2245 542 2287 id
573 2262 597 2289 a
615 2248 834 2289 daemone
852 2246 1097 2302 impostore
1113 2245 1356 2302 proficisci,
1383 2252 1430 2287 vt
1445 2259 1675 2288 uenenum
1704 2244 1867 2287 illitum

233 2322 364 2365 melle
388 2323 653 2365 mortalibus
676 2323 827 2379 aegris
856 2323 1066 2379 propinet
1096 2329 1339 2366 ueterator.
1360 2324 1460 2379 Jam
1491 2321 1631 2377 igitur
1652 2321 1741 2365 mel
1764 2334 1867 2364 cum

236 2413 414 2442 ueneno
446 2399 546 2454 quis
576 2414 665 2442 non
697 2399 892 2444 reiiciat?
928 2401 977 2442 Id
1015 2399 1135 2444 enim
1165 2399 1296 2442 nobis
1325 2397 1701 2442 commonstrauit
1730 2397 1867 2441 Chri-

233 2483 346 2526 stus,
374 2476 451 2518 ubi
474 2478 656 2521 nolebat
679 2492 704 2520 a
725 2477 964 2521 daemonio
994 2492 1154 2521 uerum
1185 2476 1393 2532 accipere
1424 2475 1732 2519 testimonium
1755 2475 1784 2518 ².
1812 2476 1868 2518 Et

237 2553 404 2595 Paulus
426 2553 555 2595 iussit
585 2554 816 2596 diabolum
846 2554 1090 2606 conticere,
1124 2569 1255 2598 ueras
1293 2568 1345 2597 ac
1375 2552 1624 2596 catholicas
1655 2552 1868 2596 ueritates

235 2630 584 2683 proclamantem
610 2632 639 2673 ·”“.

324 2706 443 2748 Hinc
473 2707 522 2748 fit
554 2716 601 2749 ut
631 2723 688 2752 ne
717 2709 858 2752 libros
887 2709 1069 2764 quidem
1094 2707 1428 2752 haereticorum
1455 2708 1526 2750 uel
1556 2707 1762 2762 legamus
1794 2704 1867 2748 uel

235 2783 497 2834 habeamus,
526 2785 598 2827 uel
622 2785 779 2828 haberi
803 2786 1133 2841 permittamus,
1156 2785 1228 2827 uel
1259 2783 1367 2840 legi,
1394 2783 1569 2828 etiarnsi
1600 2782 1710 2825 nihil
1739 2781 1797 2824 sit
1819 2781 1867 2823 in

304 2928 321 2944 a
371 2917 449 2963 Sic,
470 2930 537 2964 pro
556 2920 667 2964 quin.

307 3025 313 3043 ¹
369 3025 536 3067 Pitinum,
560 3025 609 3070 11,
636 3034 688 3060 12.
847 3030 861 3049 ²
914 3028 1098 3074 Mum„
1121 3028 1189 3072 IV,
1208 3028 1246 3073 6,
1264 3035 1303 3071 7.
1472 3028 1485 3047 ⁵
1537 3026 1659 3070 ACT.,
1679 3024 1785 3068 XVI,
1807 3023 1862 3059 18·

1979 239 2009 315 «ἒ
