2028 3426
342 233 411 278 598
814 234 967 268 PATms
995 233 1238 268 HIERONYMl
1265 233 1414 268 NADAL

388 335 477 379 Vbi
521 343 672 379 essent
709 335 906 388 externi,
947 335 1112 391 quibus
1150 335 1366 380 exercitia
1404 335 1575 391 primae
1616 337 1930 381 hebdomadae

299 420 454 456 essent
491 412 873 467 subministranda
911 427 1009 456 eam
1046 413 1105 455 ob
1144 426 1329 455 causam
1369 420 1562 463 tantum,
1596 421 1645 455 vt
1674 415 1932 470 generalem

301 489 470 534 rectius
503 490 790 532 instituerent
817 488 1167 541 confessionem,
1201 490 1272 532 vel
1295 494 1363 535 619
1394 489 1561 545 alioqui
1592 490 1628 533 si
1659 504 1748 533 non
1777 499 1961 534 exacte,

301 566 515 611 exercitia
541 567 841 617 traderentur,
868 580 958 608 non
981 566 1162 621 expedit
1187 574 1234 608 vt
1256 566 1377 609 domi
1408 567 1479 610 vel
1511 566 1557 608 in
1590 567 1784 622 collegio
1812 567 1937 610 exci-

303 643 497 699 piantur.

393 723 560 776 Magna
582 719 817 774 diligentia
839 720 1124 772 adhibeatur,
1150 728 1198 762 vt
1222 720 1298 775 qui
1323 722 1543 763 talentum
1573 721 1786 765 videntur
1808 722 1938 764 habi-

304 797 390 840 turi
415 798 471 840 ad
496 797 715 840 tradenda
737 796 967 850 exercitia,
993 797 1080 839 illis
1103 805 1262 840 exacte
1286 799 1537 851 tradantur;
1563 807 1608 842 et
1627 798 1672 840 in
1689 800 1775 841 hoc
1793 798 1937 842 sciant

303 888 462 916 omnes
484 889 695 929 magnam
718 888 818 916 esse
840 873 931 916 vim
955 874 1163 930 positam,
1191 874 1298 918 hinc
1322 874 1555 931 ingentem
1581 876 1747 931 sperari
1771 876 1937 920 debere

307 952 522 1004 fructum,
548 953 633 993 hoc
655 965 756 994 esse
778 950 1038 1006 primarium
1062 951 1360 995 ministerium
1385 951 1627 996 Societatis
1656 960 1702 996 et
1723 952 1952 1009 imprimis-

306 1028 481 1080 esficax3
508 1028 728 1070 habeatur
751 1027 891 1083 igitur
913 1028 1118 1072 delectus
1139 1043 1312 1081 eorum,
1340 1029 1416 1085 qui
1434 1031 1520 1072 hac
1536 1030 1751 1073 facultate
1768 1030 1947 1083 valent,

306 1112 350 1147 et
374 1105 418 1146 hi
444 1105 637 1161 primum
668 1104 836 1147 nostris
863 1105 973 1149 dent
1001 1105 1216 1149 exercitia
1240 1120 1295 1148 ex
1318 1106 1601 1162 superiorum
1626 1107 1949 1150 obseruatione·

307 1191 351 1226 et
378 1181 692 1234 instructione3
718 1182 823 1226 dein
845 1183 1061 1236 externis,
1089 1190 1136 1224 vt
1159 1183 1469 1238 superioribus
1492 1183 1733 1228 videbitur.

890 1316 952 1344 DE
974 1316 1365 1346 TENTATIONIBUS

396 1413 443 1457 Si
466 1413 629 1469 aliquis
651 1428 676 1456 e
698 1414 863 1457 nostris
886 1414 1056 1458 diceret
1079 1415 1316 1471 superiori,
1343 1431 1391 1459 se
1414 1416 1458 1458 id
1488 1431 1579 1459 non
1609 1431 1743 1472 posse
1777 1418 1948 1469 faeere,

305 1491 426 1544 quod
450 1491 512 1532 illi
536 1491 872 1547 praescribitur,
894 1507 951 1534 ne
973 1492 1191 1535 continuo
1208 1501 1337 1536 eatur
1353 1494 1409 1536 ad
1428 1493 1719 1550 suspitiones,
1739 1494 1813 1536 vel
1830 1493 1943 1536 iudi-

305 1567 390 1619 cia3
417 1569 497 1611 sed
520 1583 658 1611 causa
681 1568 1001 1625 inuestigetur,
1022 1583 1103 1612 cur
1126 1569 1187 1612 ita
1209 1570 1403 1624 dicatur,
1426 1586 1529 1614 nam
1546 1586 1599 1614 ea
1623 1585 1723 1614 esse
1742 1576 1824 1618 620
1841 1580 1948 1628 pot-

306 1652 374 1687 est
403 1644 640 1687 infirmitas
671 1645 872 1701 corporis
904 1646 977 1690 vel
1009 1646 1143 1690 etiam
1177 1647 1357 1699 mentis,
1399 1648 1470 1692 vel
1502 1662 1559 1691 ex
1590 1648 1665 1691 his
1696 1648 1857 1701 mixta,
1902 1656 1949 1690 vt

308 1722 510 1765 fortassis
533 1737 623 1764 non
646 1722 802 1778 possit,
828 1730 873 1767 et
896 1723 1060 1768 mentis
1078 1723 1261 1779 quidem
1279 1725 1351 1768 vel
1370 1725 1623 1768 voluntaria
1640 1727 1712 1770 vel
1731 1725 1943 1768 inuolun-

309 1800 436 1851 taria,
463 1801 533 1842 vel
556 1800 739 1842 omnino
762 1799 900 1843 mixta
922 1817 977 1845 ex
1005 1808 1212 1856 vtraque3
1244 1804 1330 1845 hoc
1359 1810 1428 1846 est
1456 1803 1695 1856 desolatio,
1728 1802 1944 1857 taedium,

309 1876 491 1919 ariditas
519 1876 697 1929 mentis,
730 1878 1043 1930 melancholia,
1077 1893 1193 1934 quae
1222 1880 1336 1922 solet
1365 1879 1521 1922 inuitis
1550 1880 1750 1932 euenire,
1782 1880 1854 1924 vel
1879 1880 1948 1922 vi-

310 1953 421 1995 tium
447 1953 644 2007 aliquod,
670 1955 742 1996 vel
763 1955 926 2010 partim
955 1955 1114 1998 vitium
1145 1955 1305 2012 partim
1336 1956 1573 2001 desolatio:
1608 1959 1720 2000 haec
1749 1971 1857 2001 vero
1885 1957 1951 1999 in-

309 2029 528 2084 quirenda
558 2039 664 2073 sunt
692 2032 863 2087 absque
890 2031 1165 2088 praeiudicio
1195 2033 1240 2075 in
1264 2034 1527 2076 alterutram
1551 2043 1741 2089 partem,
1767 2048 1948 2090 compo·

310 2107 398 2149 sito
429 2122 481 2150 ac
513 2108 669 2162 quieto
699 2108 863 2152 animo.
896 2108 944 2153 Si
975 2109 1116 2165 igitur
1147 2110 1397 2165 reperiatur
1421 2124 1521 2154 esse
1549 2124 1687 2154 causa
1714 2110 1951 2154 infirmitas

311 2184 526 2239 corporis,
563 2193 608 2228 et
641 2185 753 2228 fides
788 2187 996 2229 habenda
1029 2194 1098 2230 est
1127 2186 1187 2228 illi
1216 2187 1540 2242 praedicationi
1564 2188 1872 2243 impotentiae,
1902 2196 1947 2231 et

311 2260 568 2304 adhibenda
591 2262 788 2305 remedia
811 2263 1076 2315 infirmitati,
1104 2272 1200 2306 tum
1223 2279 1301 2320 per
1325 2263 1565 2316 medicum,
1589 2273 1682 2306 tum
1707 2280 1786 2321 per
1817 2280 1952 2321 supe-
1991 2300 1995 2304 .

312 2337 491 2391 riorem,
516 2338 553 2380 si
577 2338 805 2399 videretur
827 2340 951 2392 vtile,
979 2349 1026 2383 vt
1049 2349 1250 2385 mutetur
1272 2341 1370 2384 eius
1389 2341 1627 2397 occupatio
1645 2342 1690 2384 in
1710 2341 1857 2395 aliam,
1879 2344 1952 2386 vel

313 2414 444 2457 detur
467 2414 626 2467 otium,
652 2417 913 2471 praesertim
937 2417 973 2459 si
998 2417 1237 2473 proueniat
1261 2418 1498 2460 infirmitas
1521 2433 1577 2461 ex
1599 2419 1878 2463 lassitudine.
1905 2420 1952 2462 Si

314 2506 404 2535 non
427 2500 495 2535 est
519 2494 629 2536 haec
651 2506 803 2544 causa,
829 2495 908 2536 sed
932 2494 1095 2538 mentis
1118 2495 1352 2548 desolatio,
1380 2497 1452 2538 vel
1475 2496 1610 2538 etiam
1636 2497 1950 2547 melancholia,

315 2584 473 2624 aspere
507 2577 600 2611 turn
633 2583 737 2612 cum
766 2570 836 2612 his
865 2585 955 2613 non
985 2580 1052 2615 est
1081 2573 1329 2627 agendum,
1355 2573 1435 2614 sed
1458 2572 1676 2623 suauiter3
1703 2581 1749 2617 et
1773 2573 1952 2617 tametsi

316 2660 472 2688 reuera
494 2646 567 2689 ille
591 2646 754 2689 mentis
775 2648 965 2690 affectus
988 2663 1078 2691 non
1104 2648 1238 2691 faciat
1260 2649 1379 2691 illam
1410 2653 1479 2694 621
1511 2648 1837 2705 impotentiam,
1873 2651 1953 2693 sed
1978 2674 1986 2678 -

300 2723 460 2765 ‘solum
501 2723 636 2765 animi
674 2723 925 2775 infirmitas,
965 2725 1300 2768 dissimulanter
1341 2734 1490 2770 tamen
1528 2734 1597 2770 est
1634 2727 1864 2782 agendum
1907 2733 1953 2770 et

316 2801 566 2843 curandum
591 2800 725 2843 variis
747 2800 906 2844 mediis
929 2809 972 2844 et
995 2802 1318 2856 experimentis
1342 2811 1388 2844 vt
1411 2803 1486 2845 illo
1515 2803 1695 2846 fastidio
1724 2804 1948 2846 leuentur.

317 2876 495 2920 quabit
513 2886 663 2920 autem
683 2877 792 2921 alias
810 2877 870 2920 illi
889 2878 1213 2934 occupationes
1231 2880 1354 2930 dare,
1376 2894 1492 2934 quae
1510 2886 1719 2935 spectant
1736 2880 1792 2922 ad
1817 2879 1953 2923 animi

318 2953 707 2997 exhilarationem.
750 2954 829 2999 Sin
867 2969 1005 2997 causa
1042 2955 1409 3010 deprehendatur
1446 2956 1716 3008 voluntaria,
1752 2955 1813 2998 ibi
1846 2970 1954 2998 vero

320 3031 534 3073 vtendum
561 3032 769 3075 remediis
791 3032 1134 3082 valentioribus,
1161 3034 1239 3075 sed
1263 3034 1492 3076 moderate
1516 3040 1665 3076 tamen
1689 3040 1734 3075 et
1752 3040 1956 3076 amanter
