2028 3426
380 247 449 293 378
495 289 498 292 ⁴
852 246 1007 281 Pin-ms
1034 243 1277 277 HlssRONYMI
1303 239 1454 276 NADAL

335 350 517 394 neralis:
545 349 751 393 fortassis
782 362 834 392 ea
867 353 934 390 est
966 348 1117 387 futura
1155 342 1399 398 aliquando
1428 340 1614 394 vtilitas,
1647 347 1694 382 vt
1732 339 1965 396 praeteriri

334 442 425 470 non
469 427 632 470 debeat
675 425 811 467 huius
854 421 988 465 officii
1032 434 1156 463 vsus.
1202 417 1387 462 Vtinam
1431 416 1682 462 necessitas
1731 429 1964 472 nunquam

333 504 504 561 adigat!

423 623 480 668 33
511 623 524 636 ⁹
800 630 1094 662 INSTRUCTIO
1119 627 1502 659 PROUINCIALIUM

423 736 598 778 Curent
631 731 932 789 prouinciales
969 737 1017 772 vt
1062 742 1220 771 omnes
1249 727 1450 770 omnium
1492 728 1678 770 Patrum
1701 733 1746 768 et
1774 726 1965 767 fratrum

336 813 576 855 facultates
600 810 829 852 naturales
852 821 903 850 ac
927 806 1065 851 etiam
1088 804 1456 861 supernaturales
1478 804 1676 846 habeant
1694 802 1966 858 exploratas,

336 898 381 934 et
413 904 490 933 eas
519 886 797 944 praesertim,
833 894 949 941 'quae
987 885 1043 927 ad
1074 882 1321 926 ministeria
1349 880 1591 926 Societatis
1623 879 1836 924 obeunda
1864 885 1970 921 sunt

338 967 485 1010 Vtiles.

427 1045 499 1095 Et,
527 1042 738 1098 quoniam
762 1041 910 1083 danda
933 1039 1017 1083 erit
1040 1037 1295 1083 rectoribus
1316 1036 1423 1080 item
1442 1051 1524 1080 sua
1540 1033 1794 1086 instructio,
1821 1032 1974 1076 nullus

339 1121 524 1163 miretur
547 1119 584 1162 si
609 1119 789 1174 quando
814 1116 1052 1173 contingat
1075 1114 1245 1171 aliquid
1263 1113 1354 1170 legi
1372 1113 1419 1156 in
1438 1122 1643 1169 Vtraque.
1666 1113 1714 1154 Id
1727 1110 1847 1155 enim
1865 1123 1971 1153 con-

339 1199 456 1241 sulte
479 1198 572 1249 fiet,
600 1204 648 1238 vt
687 1193 995 1251 prouincialis,
1035 1193 1072 1236 si
1096 1193 1205 1248 quid
1239 1192 1491 1235 curandum
1520 1189 1649 1242 sciat,
1676 1195 1839 1240 rector,
1865 1185 1972 1242 quid

341 1276 589 1331 agendum.

430 1354 684 1396 Exerceant
708 1351 846 1406 pleno
869 1350 966 1392 iure
995 1363 1129 1392 suum
1159 1347 1376 1399 officium,
1408 1346 1604 1402 pendeat
1635 1351 1784 1386 tamen
1807 1357 1833 1385 a
1855 1355 1976 1384 com-

343 1428 567 1481 missario,
593 1428 735 1483 siquis
760 1427 911 1480 fuerit,
935 1426 981 1469 in
1007 1425 1094 1478 his,
1120 1440 1236 1481 quae
1258 1431 1392 1468 erunt
1410 1422 1472 1465 illi
1495 1420 1750 1465 commissa.

429 1507 691 1550 Obseruent
713 1518 843 1548 arcas
863 1510 909 1547 et
938 1517 1140 1548 cameras
1163 1509 1412 1554 rectorum,
1439 1499 1475 1543 si
1499 1498 1608 1554 quid
1630 1497 1858 1541 curiosum
1891 1496 1975 1538 ha-

340 1584 478 1626 beant
500 1583 572 1626 vel
595 1583 891 1638 superfluum.
942 1572 946 1575 ³

435 1661 697 1704 Obseruent
727 1673 884 1702 eorum
905 1657 1097 1710 victum,
1136 1655 1369 1708 vestitum,
1396 1653 1649 1706 seruitium,
1681 1652 1881 1694 laborem
1905 1649 1976 1693 vel

344 1737 655 1782 remissionem
666 1773 675 1782 .

434 1816 539 1866 Res,
567 1829 683 1869 quae
712 1821 819 1856 sunt
842 1813 1024 1856 maioris
1051 1810 1285 1863 momenti,
1313 1824 1404 1852 non
1427 1808 1686 1852 scribantur
1713 1820 1767 1849 ex
1790 1805 1976 1862 prouin-

342 1891 521 1934 cialium
539 1891 871 1943 commissione,
892 1892 973 1934 sed
991 1889 1171 1946 ipsimet
1189 1889 1261 1933 vel
1278 1887 1494 1939 scribant,
1514 1885 1587 1929 vel
1604 1885 1764 1927 saltem
1782 1881 1978 1926 subscri·

344 1968 469 2011 bant.
499 1970 630 2024 Quae
655 1984 762 2013 vero
800 1968 1000 2012 scribent
1022 1968 1079 2010 ad
1115 1964 1422 2023 praepositum
1461 1962 1740 2020 generalem,
1766 1958 1979 2003 omnibus

345 2045 648 2089 subscribent.

434 2122 495 2166 34
519 2123 902 2165 Animaduertant
925 2121 1100 2165 solicite
1121 2119 1502 2177 quemadmodum
1533 2124 1718 2160 vtantur
1743 2114 1975 2164 facultate,

346 2214 479 2254 quam
503 2200 758 2256 acceperint
780 2216 805 2243 a
824 2199 1042 2257 generali,
1066 2198 1254 2244 ineundi
1277 2204 1554 2249 contractus;
1580 2201 1626 2237 et
1643 2207 1757 2249 quos
1778 2190 1978 2241 inierint,

351 2290 505 2318 eorum
531 2278 721 2319 reddant
744 2277 961 2320 rationem
986 2276 1109 2319 Patri
1132 2274 1349 2332 generali.

436 2354 649 2397 Habeant
671 2355 929 2410 catalogum
955 2354 1157 2397 omnium
1176 2353 1363 2395 fratrum
1387 2365 1440 2394 ac
1470 2352 1659 2393 Patrum
1692 2346 1981 2402 singulorum

345 2430 659 2485 collegiorum,
687 2445 738 2473 ac
762 2432 938 2486 plenam
962 2430 1251 2486 singulorum
1274 2426 1637 2470 informationem
1664 2424 1735 2468 vel
1757 2421 1979 2473 notitiam,

348 2515 443 2549 tum
468 2522 618 2550 rerum
643 2507 940 2562 publicarum,
968 2515 1062 2550 tum
1087 2506 1222 2550 etiarn
1245 2511 1541 2549 secretarum.
1567 2502 1669 2547 Sint
1701 2500 1842 2557 igitur
1875 2498 1985 2555 ipsis

347 2583 528 2640 penitus
551 2598 706 2627 omnes
729 2584 838 2627 noti.
866 2585 1053 2637 Verum,
1075 2598 1191 2640 quae
1213 2590 1388 2627 secreta
1411 2588 1561 2632 erunt,
1593 2592 1761 2635 magna
1782 2591 1891 2620 cura
1913 2590 1983 2620 se-

347 2669 471 2704 creto
494 2660 827 2713 contineantur,
849 2671 893 2704 et
916 2661 977 2703 ita
1001 2661 1187 2717 scripta,
1213 2660 1251 2702 si
1269 2658 1451 2715 quidem
1482 2656 1681 2700 scribere
1709 2655 1785 2697 illa
1813 2667 1984 2697 conue-

347 2738 456 2790 niat,
481 2746 530 2780 vt
552 2737 625 2780 alii
650 2737 903 2793 intelligere
927 2753 1016 2780 non
1042 2737 1230 2793 possint.
1258 2735 1489 2780 Dicuntur
1517 2748 1624 2777 vero
1653 2738 1842 2783 secreta,
1869 2744 1986 2785 quae

347 2814 419 2855 vel
457 2814 579 2856 solus
617 2812 744 2856 nouit
782 2813 1073 2869 prouincialis
1111 2819 1238 2856 extra
1275 2810 1629 2865 confessionem,
1672 2807 1744 2850 vel
1783 2820 1899 2862 quae
1929 2805 1986 2847 ad

348 2889 495 2946 ipsum
529 2898 703 2934 secreto
731 2898 837 2933 sunt
871 2890 1025 2941 relata,
1052 2899 1096 2931 et
1130 2888 1296 2944 alioqui
1319 2888 1416 2944 ipse
1438 2901 1520 2943 pro
1542 2884 1729 2929 secretis
1765 2881 1978 2926 habenda

348 2976 517 3010 censet.
546 2969 679 3019 Nam,
710 2981 826 3022 quae
855 2967 940 3009 sub
978 2966 1126 3022 sigillo
1164 2964 1465 3010 confessionis
1503 2962 1726 3013 sciuntur,
1753 2961 1808 3004 de
1831 2958 1885 3002 iis
1909 2957 1985 3000 hic

353 3058 442 3086 non
463 3043 627 3100 agitur.
