2028 3426
657 196 1090 234 lNSTRUCTtONEs-ffl·
1573 191 1640 235 489

22 359 25 361 ‚
153 303 269 345 Cum
292 301 349 344 sit
371 299 646 350 indifferens,
673 299 731 340 ad
753 298 876 352 quod
899 305 1048 341 tamen
1070 295 1266 339 officium
1288 294 1359 337 vel
1389 292 1684 337 ministerium

64 378 210 435 magis
232 377 489 428 inclinetur,
515 389 631 430 quae
654 374 909 418 obedientia
931 373 1172 416 iucundior
1193 376 1276 417 360
1306 370 1368 412 illi
1397 376 1532 421 esset,
1564 377 1608 412 et
1641 369 1686 410 in

61 469 153 510 qua
174 453 406 511 prouincia
427 453 500 496 vel
522 450 740 506 collegio?

152 532 227 574 An
249 529 413 572 sentiat
436 529 648 571 affectum
670 541 779 582 erga
803 534 1024 582 cognatos
1046 526 1118 569 vel
1139 524 1307 568 amicos
1331 524 1573 575 seculares,
1610 522 1685 577 qui

65 614 242 658 noceat,
267 607 339 650 vel
361 606 504 648 soleat
532 618 632 647 esse
661 604 893 655 molestus,
930 609 974 647 et
1007 618 1063 645 an
1091 609 1220 658 putet
1252 600 1395 644 teneri
1426 615 1475 644 se
1506 607 1555 641 vt
1588 598 1687 640 illos

60 684 213 727 iuuet?

154 761 228 803 An
250 758 560 814 exceptionem
582 752 717 799 ‘faciat
739 755 932 810 aliquam
956 755 1150 817 generis,
1178 753 1386 806 nationis,
1420 753 1493 796 vel
1516 751 1686 808 patriae

64 838 180 880 inter
204 838 362 879 Patres
385 842 430 878 et
452 835 633 877 fratres?

154 915 230 957 An
252 912 388 955 nimia
409 911 467 954 sit
487 925 596 954 vsus
620 909 918 954 familiaritate
941 924 1049 966 erga
1071 909 1264 964 aliquem
1283 909 1482 958 fratrem,
1503 907 1575 949 vel
1599 908 1686 948 Pa-

65 999 194 1042 trem,
221 990 293 1033 vel
315 988 498 1031 omnino
520 995 774 1038 externum,
800 988 871 1029 vel
894 995 1067 1043 contra,
1093 986 1244 1041 aliqua
1266 983 1502 1029 auersione
1530 982 1683 1033 animi,

64 1082 121 1110 an
146 1066 280 1111 etiam
304 1080 402 1110 eam
425 1064 624 1108 exterius
647 1063 934 1119 significarit?

152 1145 228 1186 An
265 1141 433 1197 aliquid
460 1141 517 1184 de
545 1139 692 1191 bonis,
724 1140 852 1194 siqua
880 1140 1060 1191 habeat,
1101 1138 1261 1194 egerit,
1301 1138 1374 1181 vel
1406 1135 1685 1179 distribuerit

66 1227 110 1264 et
132 1234 240 1262 num
265 1218 433 1273 aliquid
454 1224 622 1260 statuat
644 1218 700 1259 de
722 1216 807 1258 illis
830 1230 966 1272 agere
988 1231 1043 1259 ex
1066 1215 1272 1258 instituto
1290 1213 1544 1265 Societatis,
1566 1219 1609 1256 et
1627 1225 1686 1254 an

66 1295 234 1351 aliquid
256 1296 437 1338 debeat?

153 1374 230 1415 An
252 1370 621 1414 mortificationes
644 1370 816 1425 aliquas
839 1369 994 1412 fecerit
1016 1370 1186 1423 absque
1208 1368 1422 1411 facultate
1444 1365 1687 1422 superioris

65 1449 138 1492 vel
161 1448 442 1492 confessarii?

153 1526 227 1568 An
260 1524 526 1569 desiderarit
557 1531 602 1567 et
630 1523 855 1568 desideret
888 1523 1040 1566 studio
1079 1521 1382 1579 perfectionis,
1423 1528 1468 1565 et
1505 1526 1687 1577 propter

58 1600 230 1645 Christi
254 1616 450 1645 amorem
473 1608 518 1644 et
541 1600 840 1644 reuerentiam
870 1600 962 1656 pati
990 1599 1190 1651 iniurias,
1224 1597 1539 1649 contumelias,
1576 1597 1687 1639 falsa

63 1678 332 1730 testimonia,
364 1679 530 1721 stultus
560 1677 717 1720 haberi
747 1678 884 1734 (nulla
915 1677 1020 1719 data
1057 1676 1329 1731 occasione),
1369 1682 1417 1717 vt
1456 1674 1687 1718 Christum

19 1787 23 1789 -
59 1756 215 1812 Jesum
239 1754 458 1797 imitetur?

151 1836 220 1877 361
239 1832 313 1874 An
332 1830 526 1886 aliquam
545 1846 704 1886 passus
727 1831 1021 1875 offensionem
1044 1832 1100 1874 ab
1119 1830 1269 1885 aliquo
1288 1831 1422 1873 Patre
1440 1830 1512 1873 vel
1531 1830 1684 1881 fratre,

11 1902 14 1903 ⁷
60 1909 133 1952 vel
156 1908 251 1964 ipse
274 1923 331 1950 an
354 1908 547 1962 aliquem
571 1907 830 1952 offenderit?

150 1986 272 2028 Num
294 1984 450 2039 aliquit
470 1984 582 2027 sciat
604 1985 661 2026 de
690 1985 824 2027 Patre
852 1984 1001 2040 aliquo
1030 1985 1102 2028 vel
1131 1985 1283 2037 fratre,
1324 1984 1444 2039 quod
1484 1983 1688 2027 videatur

61 2061 376 2104 emendatione
398 2061 605 2117 dignum,
630 2061 804 2104 etiarnsi
826 2068 1051 2105 secretum
1075 2060 1147 2117 sit,
1171 2061 1304 2103 modo
1326 2060 1372 2102 in
1401 2060 1687 2104 confessione

7 2138 10 2141 ’
62 2137 107 2179 id
128 2152 221 2180 non
243 2137 431 2180 sciatur:
458 2152 562 2180 nam
590 2137 635 2180 id
668 2145 848 2182 tenetur
880 2137 1101 2193 superiori
1133 2138 1437 2190 manifestare,
1470 2138 1688 2192 quemad-

4 2275 5 2278 Ἴ
64 2215 245 2256 modum
269 2215 462 2258 habetur
489 2215 559 2267 4⁰
588 2214 734 2270 capite
761 2214 993 2258 examinis.
1030 2215 1152 2258 Idem
1184 2221 1365 2270 petatur
1392 2215 1448 2257 de
1481 2214 1686 2269 superio-

0 2305 12 2337 ,ἶ-
65 2290 208 2333 ribus.

153 2368 228 2410 An
250 2367 455 2410 videatur
476 2366 560 2410 sibi
583 2369 779 2410 fructum
804 2382 852 2411 se
875 2368 1035 2412 fecisse
1057 2369 1113 2410 ab
1135 2367 1292 2411 vltimo
1316 2367 1520 2411 examine
1542 2375 1587 2410 et
1607 2381 1686 2408 vo-

19 2476 23 2478 *
67 2451 213 2486 torum
237 2443 546 2496 renouatione‚
573 2450 618 2487 et
639 2459 696 2486 an
719 2443 968 2500 promptior
989 2444 1046 2487 sit
1074 2445 1130 2488 ad
1158 2444 1324 2496 omnia,
1357 2458 1471 2499 quae
1500 2444 1555 2485 ad
1584 2444 1688 2485 obe-

5 2549 8 2552 ·
61 2520 293 2572 dientiam,
325 2528 370 2563 et
398 2520 616 2564 rationem
639 2520 832 2563 instituti
860 2521 1068 2574 attinent,
1094 2528 1139 2563 et
1161 2536 1270 2564 num
1298 2520 1457 2563 maiori
1481 2526 1687 2563 teneatur

13 2627 17 2630 <
66 2597 216 2639 studio
238 2595 547 2652 perfectionis?

154 2674 388 2716 Postremo
410 2672 732 2728 interrogetur,
757 2688 814 2716 an
836 2673 1016 2728 aliquod
1039 2674 1225 2716 dubium
1255 2674 1437 2725 habeat,
1471 2673 1542 2716 vel
1571 2672 1685 2714 diffi-

2 2734 15 2765 '.
67 2750 282 2793 cultatem
309 2763 579 2804 quacunque
608 2749 653 2793 in
683 2765 745 2802 re,
781 2765 889 2792 num
918 2750 1026 2806 quid
1048 2750 1287 2800 desideret,
1314 2764 1421 2791 num
1445 2749 1551 2804 quid
1575 2763 1685 2791 con—

7 2862 10 2864 ,
66 2825 313 2878 solationis,
338 2825 664 2878 instructionis,
685 2834 733 2868 vt
755 2827 904 2869 omnia
926 2834 1147 2882 proponat
1169 2827 1461 2878 confidenter,
1485 2826 1685 2867 futurum

20 2950 23 2953 .
66 2910 116 2944 vt
137 2902 200 2944 illi
222 2901 467 2945 satisfaciat
489 2902 671 2945 Christo
693 2903 902 2958 propitio.

158 2979 258 3021 Hoc
276 2992 464 3022 examen
482 2978 732 3034 excipietur
748 2979 929 3034 scripto,
951 2979 1328 3034 quemadmodum
1348 2978 1432 3021 alia
1450 2979 1679 3020 huiusmo-
