<?xml version="1.0" encoding="UTF-8"?>
<!DOCTYPE html PUBLIC "-//W3C//DTD XHTML 1.0 Transitional//EN"
    "http://www.w3.org/TR/xhtml1/DTD/xhtml1-transitional.dtd">
<html xmlns="http://www.w3.org/1999/xhtml" xml:lang="en" lang="en">
 <head>
  <title>
</title>
<meta http-equiv="Content-Type" content="text/html;charset=utf-8" />
  <meta name='ocr-system' content='tesseract 3.04.00' />
  <meta name='ocr-capabilities' content='ocr_page ocr_carea ocr_par ocr_line ocrx_word'/>
</head>
<body>
  <div class='ocr_page' id='page_1' title='image "./epistolaephieron11nada_0338.png"; bbox 0 0 2028 3426; ppageno 0'>
   <div class='ocr_carea' id='block_1_1' title="bbox 318 555 1879 613">
    <p class='ocr_par' dir='ltr' id='par_1_1' title="bbox 318 555 1879 613">
     <span class='ocr_line' id='line_1_1' title="bbox 318 555 1879 613; baseline -0.001 0"><span class='ocrx_word' id='word_1_1' title='bbox 318 558 842 613; x_wconf 89' lang='lat' dir='ltr'><strong>MONUMENTA</strong></span> <span class='ocrx_word' id='word_1_2' title='bbox 892 555 1381 610; x_wconf 89' lang='lat' dir='ltr'><strong>PROVINCIAE</strong></span> <span class='ocrx_word' id='word_1_3' title='bbox 1428 557 1879 612; x_wconf 86' lang='lat' dir='ltr'>RHENANAE</span> 
     </span>
    </p>
   </div>
   <div class='ocr_carea' id='block_1_2' title="bbox 757 778 1432 927">
    <p class='ocr_par' dir='ltr' id='par_1_2' title="bbox 757 778 1432 927">
     <span class='ocr_line' id='line_1_2' title="bbox 1050 778 1128 819; baseline 0 0"><span class='ocrx_word' id='word_1_4' title='bbox 1050 778 1128 819; x_wconf 69' lang='lat'>52</span> 
     </span>
     <span class='ocr_line' id='line_1_3' title="bbox 757 872 1432 927; baseline 0 -11"><span class='ocrx_word' id='word_1_5' title='bbox 757 873 931 927; x_wconf 72' lang='lat' dir='ltr'><strong>QUAE</strong></span> <span class='ocrx_word' id='word_1_6' title='bbox 970 873 1021 915; x_wconf 83' lang='lat' dir='ltr'>R.</span> <span class='ocrx_word' id='word_1_7' title='bbox 1066 874 1117 915; x_wconf 86' lang='lat' dir='ltr'>P.</span> <span class='ocrx_word' id='word_1_8' title='bbox 1161 872 1432 917; x_wconf 85' lang='lat' dir='ltr'><strong>NATALIS</strong></span> 
     </span>
    </p>
   </div>
   <div class='ocr_carea' id='block_1_3' title="bbox 634 981 1523 1023">
    <p class='ocr_par' dir='ltr' id='par_1_3' title="bbox 634 981 1523 1023">
     <span class='ocr_line' id='line_1_4' title="bbox 634 981 1523 1023; baseline 0 0"><span class='ocrx_word' id='word_1_9' title='bbox 634 994 767 1023; x_wconf 83' lang='lat' dir='ltr'>D1x1T</span> <span class='ocrx_word' id='word_1_10' title='bbox 807 994 856 1022; x_wconf 77' lang='lat' dir='ltr'>IN</span> <span class='ocrx_word' id='word_1_11' title='bbox 899 992 1139 1023; x_wconf 83' lang='lat' dir='ltr'>COLLEGIO</span> <span class='ocrx_word' id='word_1_12' title='bbox 1178 992 1470 1023; x_wconf 74' lang='lat' dir='ltr'>coLomssNsi</span> <span class='ocrx_word' id='word_1_13' title='bbox 1514 981 1523 1000; x_wconf 90' lang='lat'>¹</span> 
     </span>
    </p>
   </div>
   <div class='ocr_carea' id='block_1_4' title="bbox 264 1087 1910 2296">
    <p class='ocr_par' dir='ltr' id='par_1_4' title="bbox 278 1087 1910 1220">
     <span class='ocr_line' id='line_1_5' title="bbox 442 1087 1910 1144; baseline 0 -14"><span class='ocrx_word' id='word_1_14' title='bbox 442 1088 582 1130; x_wconf 86' lang='lat' dir='ltr'>Curet</span> <span class='ocrx_word' id='word_1_15' title='bbox 606 1094 768 1138; x_wconf 86' lang='lat' dir='ltr'>rector,</span> <span class='ocrx_word' id='word_1_16' title='bbox 794 1101 884 1128; x_wconf 88' lang='lat' dir='ltr'>non</span> <span class='ocrx_word' id='word_1_17' title='bbox 907 1087 1052 1129; x_wconf 85' lang='lat' dir='ltr'>solum</span> <span class='ocrx_word' id='word_1_18' title='bbox 1078 1093 1127 1128; x_wconf 91' lang='lat' dir='ltr'>ut</span> <span class='ocrx_word' id='word_1_19' title='bbox 1149 1100 1307 1130; x_wconf 89' lang='lat' dir='ltr'>omnes</span> <span class='ocrx_word' id='word_1_20' title='bbox 1329 1101 1412 1129; x_wconf 87' lang='lat' dir='ltr'>sua</span> <span class='ocrx_word' id='word_1_21' title='bbox 1441 1087 1580 1130; x_wconf 85' lang='lat' dir='ltr'>offitia</span> <span class='ocrx_word' id='word_1_22' title='bbox 1608 1088 1818 1144; x_wconf 82' lang='lat' dir='ltr'>expleant</span> <span class='ocrx_word' id='word_1_23' title='bbox 1841 1087 1910 1130; x_wconf 91' lang='lat' dir='ltr'>di-</span> 
     </span>
     <span class='ocr_line' id='line_1_6' title="bbox 278 1163 1648 1220; baseline 0.001 -14"><span class='ocrx_word' id='word_1_24' title='bbox 278 1164 487 1220; x_wconf 82' lang='lat' dir='ltr'>ligenter,</span> <span class='ocrx_word' id='word_1_25' title='bbox 513 1165 590 1208; x_wconf 84' lang='lat' dir='ltr'>sed</span> <span class='ocrx_word' id='word_1_26' title='bbox 616 1171 664 1205; x_wconf 91' lang='lat' dir='ltr'>ut</span> <span class='ocrx_word' id='word_1_27' title='bbox 682 1170 896 1207; x_wconf 90' lang='lat' dir='ltr'>accurate</span> <span class='ocrx_word' id='word_1_28' title='bbox 919 1164 1189 1207; x_wconf 85' lang='lat' dir='ltr'>obseruetur</span> <span class='ocrx_word' id='word_1_29' title='bbox 1212 1164 1370 1219; x_wconf 80' lang='lat' dir='ltr'>regula</span> <span class='ocrx_word' id='word_1_30' title='bbox 1391 1163 1648 1208; x_wconf 89' lang='lat' dir='ltr'>Societatis.</span> 
     </span>
    </p>

    <p class='ocr_par' dir='ltr' id='par_1_5' title="bbox 271 1240 1910 1374">
     <span class='ocr_line' id='line_1_7' title="bbox 361 1240 1910 1296; baseline 0.002 -13"><span class='ocrx_word' id='word_1_31' title='bbox 361 1242 429 1283; x_wconf 92' lang='lat' dir='ltr'>Ne</span> <span class='ocrx_word' id='word_1_32' title='bbox 451 1241 541 1283; x_wconf 85' lang='lat' dir='ltr'>sint</span> <span class='ocrx_word' id='word_1_33' title='bbox 566 1248 632 1283; x_wconf 86' lang='lat' dir='ltr'>tot</span> <span class='ocrx_word' id='word_1_34' title='bbox 655 1241 808 1283; x_wconf 88' lang='lat' dir='ltr'>claues</span> <span class='ocrx_word' id='word_1_35' title='bbox 831 1255 912 1296; x_wconf 90' lang='lat' dir='ltr'>pro</span> <span class='ocrx_word' id='word_1_36' title='bbox 934 1240 1101 1293; x_wconf 89' lang='lat' dir='ltr'>culina;</span> <span class='ocrx_word' id='word_1_37' title='bbox 1128 1247 1173 1284; x_wconf 90' lang='lat' dir='ltr'>et</span> <span class='ocrx_word' id='word_1_38' title='bbox 1196 1254 1312 1295; x_wconf 86' lang='lat' dir='ltr'>quae</span> <span class='ocrx_word' id='word_1_39' title='bbox 1334 1247 1442 1283; x_wconf 88' lang='lat' dir='ltr'>sunt</span> <span class='ocrx_word' id='word_1_40' title='bbox 1465 1241 1627 1293; x_wconf 85' lang='lat' dir='ltr'>factae,</span> <span class='ocrx_word' id='word_1_41' title='bbox 1653 1255 1811 1286; x_wconf 90' lang='lat' dir='ltr'>omnes</span> <span class='ocrx_word' id='word_1_42' title='bbox 1833 1257 1910 1286; x_wconf 79' lang='lat' dir='ltr'>ac·-</span> 
     </span>
     <span class='ocr_line' id='line_1_8' title="bbox 271 1317 830 1374; baseline -0.002 -14"><span class='ocrx_word' id='word_1_43' title='bbox 271 1317 407 1374; x_wconf 91' lang='lat' dir='ltr'>cipiat</span> <span class='ocrx_word' id='word_1_44' title='bbox 431 1319 483 1361; x_wconf 88' lang='lat' dir='ltr'>P.</span> <span class='ocrx_word' id='word_1_45' title='bbox 513 1318 776 1360; x_wconf 85' lang='lat' dir='ltr'>Leonardus</span> <span class='ocrx_word' id='word_1_46' title='bbox 800 1318 830 1359; x_wconf 70' lang='lat'>³.</span> 
     </span>
    </p>

    <p class='ocr_par' dir='ltr' id='par_1_6' title="bbox 269 1393 1909 1514">
     <span class='ocr_line' id='line_1_9' title="bbox 357 1393 1909 1451; baseline 0.002 -15"><span class='ocrx_word' id='word_1_47' title='bbox 357 1395 521 1437; x_wconf 81' lang='lat' dir='ltr'>Nullus</span> <span class='ocrx_word' id='word_1_48' title='bbox 544 1395 657 1436; x_wconf 87' lang='lat' dir='ltr'>ferat</span> <span class='ocrx_word' id='word_1_49' title='bbox 679 1408 834 1436; x_wconf 90' lang='lat' dir='ltr'>secum</span> <span class='ocrx_word' id='word_1_50' title='bbox 858 1394 1054 1436; x_wconf 82' lang='lat' dir='ltr'>cultrum</span> <span class='ocrx_word' id='word_1_51' title='bbox 1077 1393 1122 1435; x_wconf 91' lang='lat' dir='ltr'>in</span> <span class='ocrx_word' id='word_1_52' title='bbox 1146 1393 1355 1451; x_wconf 82' lang='lat' dir='ltr'>collegio,</span> <span class='ocrx_word' id='word_1_53' title='bbox 1381 1396 1460 1437; x_wconf 88' lang='lat' dir='ltr'>sed</span> <span class='ocrx_word' id='word_1_54' title='bbox 1479 1395 1730 1438; x_wconf 84' lang='lat' dir='ltr'>referantur</span> <span class='ocrx_word' id='word_1_55' title='bbox 1750 1409 1909 1439; x_wconf 88' lang='lat' dir='ltr'>omnes</span> 
     </span>
     <span class='ocr_line' id='line_1_10' title="bbox 269 1470 1215 1514; baseline 0 -1"><span class='ocrx_word' id='word_1_56' title='bbox 269 1472 325 1514; x_wconf 82' lang='lat' dir='ltr'>ad</span> <span class='ocrx_word' id='word_1_57' title='bbox 348 1471 602 1514; x_wconf 87' lang='lat' dir='ltr'>ministrum</span> <span class='ocrx_word' id='word_1_58' title='bbox 627 1485 883 1514; x_wconf 84' lang='lat' dir='ltr'>mensarum</span> <span class='ocrx_word' id='word_1_59' title='bbox 906 1478 952 1513; x_wconf 90' lang='lat' dir='ltr'>et</span> <span class='ocrx_word' id='word_1_60' title='bbox 974 1470 1215 1514; x_wconf 79' lang='lat' dir='ltr'>refectorii.</span> 
     </span>
    </p>

    <p class='ocr_par' dir='ltr' id='par_1_7' title="bbox 267 1547 1908 1990">
     <span class='ocr_line' id='line_1_11' title="bbox 355 1547 1908 1607; baseline 0.001 -16"><span class='ocrx_word' id='word_1_61' title='bbox 355 1550 416 1591; x_wconf 89' lang='lat' dir='ltr'>Vt</span> <span class='ocrx_word' id='word_1_62' title='bbox 438 1549 696 1591; x_wconf 89' lang='lat' dir='ltr'>consultum</span> <span class='ocrx_word' id='word_1_63' title='bbox 720 1555 788 1592; x_wconf 91' lang='lat' dir='ltr'>est</span> <span class='ocrx_word' id='word_1_64' title='bbox 810 1555 993 1604; x_wconf 89' lang='lat' dir='ltr'>propter</span> <span class='ocrx_word' id='word_1_65' title='bbox 1021 1547 1107 1590; x_wconf 87' lang='lat' dir='ltr'>loci</span> <span class='ocrx_word' id='word_1_66' title='bbox 1137 1548 1372 1605; x_wconf 79' lang='lat' dir='ltr'>angustias</span> <span class='ocrx_word' id='word_1_67' title='bbox 1404 1549 1460 1591; x_wconf 91' lang='lat' dir='ltr'>ad</span> <span class='ocrx_word' id='word_1_68' title='bbox 1490 1549 1741 1604; x_wconf 90' lang='lat' dir='ltr'>aliquarum</span> <span class='ocrx_word' id='word_1_69' title='bbox 1767 1564 1908 1607; x_wconf 83' lang='lat' dir='ltr'>regu-</span> 
     </span>
     <span class='ocr_line' id='line_1_12' title="bbox 267 1625 1905 1678; baseline 0.001 -10"><span class='ocrx_word' id='word_1_70' title='bbox 267 1626 409 1668; x_wconf 88' lang='lat' dir='ltr'>larum</span> <span class='ocrx_word' id='word_1_71' title='bbox 432 1625 684 1669; x_wconf 83' lang='lat' dir='ltr'>districtam</span> <span class='ocrx_word' id='word_1_72' title='bbox 713 1625 1079 1669; x_wconf 87' lang='lat' dir='ltr'>obseruationem</span> <span class='ocrx_word' id='word_1_73' title='bbox 1118 1625 1379 1678; x_wconf 87' lang='lat' dir='ltr'>conniuere,</span> <span class='ocrx_word' id='word_1_74' title='bbox 1411 1625 1474 1668; x_wconf 90' lang='lat' dir='ltr'>ita</span> <span class='ocrx_word' id='word_1_75' title='bbox 1504 1626 1809 1671; x_wconf 83' lang='lat' dir='ltr'>necessarium</span> <span class='ocrx_word' id='word_1_76' title='bbox 1835 1636 1905 1672; x_wconf 87' lang='lat' dir='ltr'>est</span> 
     </span>
     <span class='ocr_line' id='line_1_13' title="bbox 269 1702 1906 1761; baseline 0.002 -17"><span class='ocrx_word' id='word_1_77' title='bbox 269 1702 365 1755; x_wconf 87' lang='lat' dir='ltr'>niti,</span> <span class='ocrx_word' id='word_1_78' title='bbox 392 1704 472 1746; x_wconf 87' lang='lat' dir='ltr'>sed</span> <span class='ocrx_word' id='word_1_79' title='bbox 494 1702 696 1746; x_wconf 84' lang='lat' dir='ltr'>suauiter</span> <span class='ocrx_word' id='word_1_80' title='bbox 720 1710 885 1754; x_wconf 87' lang='lat' dir='ltr'>tamen,</span> <span class='ocrx_word' id='word_1_81' title='bbox 912 1709 962 1744; x_wconf 92' lang='lat' dir='ltr'>ut</span> <span class='ocrx_word' id='word_1_82' title='bbox 1001 1703 1187 1759; x_wconf 79' lang='lat' dir='ltr'>regulae</span> <span class='ocrx_word' id='word_1_83' title='bbox 1224 1704 1543 1755; x_wconf 86' lang='lat' dir='ltr'>obseruentur,</span> <span class='ocrx_word' id='word_1_84' title='bbox 1585 1710 1630 1748; x_wconf 87' lang='lat' dir='ltr'>et</span> <span class='ocrx_word' id='word_1_85' title='bbox 1659 1704 1906 1761; x_wconf 87' lang='lat' dir='ltr'>conspicua</span> 
     </span>
     <span class='ocr_line' id='line_1_14' title="bbox 271 1779 1904 1836; baseline 0.001 -14"><span class='ocrx_word' id='word_1_86' title='bbox 271 1780 348 1822; x_wconf 86' lang='lat' dir='ltr'>fiat</span> <span class='ocrx_word' id='word_1_87' title='bbox 371 1793 509 1822; x_wconf 82' lang='lat' dir='ltr'>causa</span> <span class='ocrx_word' id='word_1_88' title='bbox 542 1793 644 1822; x_wconf 90' lang='lat' dir='ltr'>cum</span> <span class='ocrx_word' id='word_1_89' title='bbox 669 1780 726 1822; x_wconf 87' lang='lat' dir='ltr'>ad</span> <span class='ocrx_word' id='word_1_90' title='bbox 749 1779 945 1834; x_wconf 79' lang='lat' dir='ltr'>aliquam</span> <span class='ocrx_word' id='word_1_91' title='bbox 984 1780 1188 1836; x_wconf 86' lang='lat' dir='ltr'>regulam</span> <span class='ocrx_word' id='word_1_92' title='bbox 1226 1787 1294 1823; x_wconf 80' lang='lat' dir='ltr'>est</span> <span class='ocrx_word' id='word_1_93' title='bbox 1327 1780 1682 1824; x_wconf 88' lang='lat' dir='ltr'>conniuendum.</span> <span class='ocrx_word' id='word_1_94' title='bbox 1724 1781 1904 1825; x_wconf 82' lang='lat' dir='ltr'>Scribat</span> 
     </span>
     <span class='ocr_line' id='line_1_15' title="bbox 269 1857 1905 1913; baseline 0.002 -15"><span class='ocrx_word' id='word_1_95' title='bbox 269 1871 378 1900; x_wconf 90' lang='lat' dir='ltr'>uero</span> <span class='ocrx_word' id='word_1_96' title='bbox 403 1858 463 1899; x_wconf 92' lang='lat' dir='ltr'>M.</span> <span class='ocrx_word' id='word_1_97' title='bbox 492 1857 759 1900; x_wconf 89' lang='lat' dir='ltr'>Leonardus</span> <span class='ocrx_word' id='word_1_98' title='bbox 783 1857 838 1898; x_wconf 89' lang='lat' dir='ltr'>ad</span> <span class='ocrx_word' id='word_1_99' title='bbox 860 1858 1038 1899; x_wconf 83' lang='lat' dir='ltr'>Patrem</span> <span class='ocrx_word' id='word_1_100' title='bbox 1063 1863 1266 1899; x_wconf 87' lang='lat' dir='ltr'>nostrum</span> <span class='ocrx_word' id='word_1_101' title='bbox 1290 1858 1551 1913; x_wconf 79' lang='lat' dir='ltr'><strong>generalem</strong></span> <span class='ocrx_word' id='word_1_102' title='bbox 1571 1872 1794 1913; x_wconf 83' lang='lat' dir='ltr'>quaenam</span> <span class='ocrx_word' id='word_1_103' title='bbox 1813 1858 1905 1902; x_wconf 87' lang='lat' dir='ltr'>sint</span> 
     </span>
     <span class='ocr_line' id='line_1_16' title="bbox 267 1933 1518 1990; baseline 0.001 -15"><span class='ocrx_word' id='word_1_104' title='bbox 267 1934 366 1977; x_wconf 86' lang='lat' dir='ltr'>illae</span> <span class='ocrx_word' id='word_1_105' title='bbox 390 1934 592 1990; x_wconf 82' lang='lat' dir='ltr'>regulae,</span> <span class='ocrx_word' id='word_1_106' title='bbox 619 1934 675 1976; x_wconf 87' lang='lat' dir='ltr'>ad</span> <span class='ocrx_word' id='word_1_107' title='bbox 699 1947 811 1989; x_wconf 86' lang='lat' dir='ltr'>quas</span> <span class='ocrx_word' id='word_1_108' title='bbox 833 1941 1019 1977; x_wconf 88' lang='lat' dir='ltr'>censeat</span> <span class='ocrx_word' id='word_1_109' title='bbox 1042 1948 1142 1977; x_wconf 86' lang='lat' dir='ltr'>esse</span> <span class='ocrx_word' id='word_1_110' title='bbox 1164 1933 1518 1978; x_wconf 85' lang='lat' dir='ltr'>conniuendum.</span> 
     </span>
    </p>

    <p class='ocr_par' dir='ltr' id='par_1_8' title="bbox 264 1996 1903 2296">
     <span class='ocr_line' id='line_1_17' title="bbox 297 1996 1902 2066; baseline 0.003 -15"><span class='ocrx_word' id='word_1_111' title='bbox 297 1996 302 2001; x_wconf 53' lang='grc'><strong>’</strong></span> <span class='ocrx_word' id='word_1_112' title='bbox 354 2011 500 2054; x_wconf 86' lang='lat' dir='ltr'>Detur</span> <span class='ocrx_word' id='word_1_113' title='bbox 523 2024 673 2065; x_wconf 84' lang='lat' dir='ltr'>opera,</span> <span class='ocrx_word' id='word_1_114' title='bbox 701 2011 850 2065; x_wconf 85' lang='lat' dir='ltr'>quoad</span> <span class='ocrx_word' id='word_1_115' title='bbox 868 2010 966 2054; x_wconf 87' lang='lat' dir='ltr'>eius</span> <span class='ocrx_word' id='word_1_116' title='bbox 983 2010 1081 2054; x_wconf 87' lang='lat' dir='ltr'>fieri</span> <span class='ocrx_word' id='word_1_117' title='bbox 1098 2011 1277 2066; x_wconf 84' lang='lat' dir='ltr'>poterit,</span> <span class='ocrx_word' id='word_1_118' title='bbox 1301 2019 1349 2053; x_wconf 89' lang='lat' dir='ltr'>ut</span> <span class='ocrx_word' id='word_1_119' title='bbox 1366 2026 1483 2066; x_wconf 90' lang='lat' dir='ltr'>quae</span> <span class='ocrx_word' id='word_1_120' title='bbox 1507 2013 1564 2055; x_wconf 90' lang='lat' dir='ltr'>ad</span> <span class='ocrx_word' id='word_1_121' title='bbox 1583 2012 1755 2055; x_wconf 91' lang='lat' dir='ltr'>uictum</span> <span class='ocrx_word' id='word_1_122' title='bbox 1775 2027 1902 2056; x_wconf 91' lang='lat' dir='ltr'>com-</span> 
     </span>
     <span class='ocr_line' id='line_1_18' title="bbox 266 2087 1903 2144; baseline 0.001 -15"><span class='ocrx_word' id='word_1_123' title='bbox 266 2095 497 2143; x_wconf 81' lang='lat' dir='ltr'>parantur,</span> <span class='ocrx_word' id='word_1_124' title='bbox 524 2102 577 2130; x_wconf 86' lang='lat' dir='ltr'>ea</span> <span class='ocrx_word' id='word_1_125' title='bbox 601 2087 872 2143; x_wconf 88' lang='lat' dir='ltr'>tempestiue</span> <span class='ocrx_word' id='word_1_126' title='bbox 894 2094 939 2131; x_wconf 90' lang='lat' dir='ltr'>et</span> <span class='ocrx_word' id='word_1_127' title='bbox 961 2101 1046 2130; x_wconf 89' lang='lat' dir='ltr'>suo</span> <span class='ocrx_word' id='word_1_128' title='bbox 1069 2095 1269 2144; x_wconf 84' lang='lat' dir='ltr'>tempore</span> <span class='ocrx_word' id='word_1_129' title='bbox 1299 2095 1522 2142; x_wconf 89' lang='lat' dir='ltr'>emantur;</span> <span class='ocrx_word' id='word_1_130' title='bbox 1557 2104 1661 2132; x_wconf 88' lang='lat' dir='ltr'>nam</span> <span class='ocrx_word' id='word_1_131' title='bbox 1683 2089 1780 2134; x_wconf 88' lang='lat' dir='ltr'>fieri</span> <span class='ocrx_word' id='word_1_132' title='bbox 1811 2104 1903 2133; x_wconf 89' lang='lat' dir='ltr'>non</span> 
     </span>
     <span class='ocr_line' id='line_1_19' title="bbox 264 2164 1903 2221; baseline 0.001 -14"><span class='ocrx_word' id='word_1_133' title='bbox 264 2172 414 2220; x_wconf 82' lang='lat' dir='ltr'>potest</span> <span class='ocrx_word' id='word_1_134' title='bbox 438 2164 547 2219; x_wconf 87' lang='lat' dir='ltr'>quin</span> <span class='ocrx_word' id='word_1_135' title='bbox 571 2164 720 2207; x_wconf 86' lang='lat' dir='ltr'>carius</span> <span class='ocrx_word' id='word_1_136' title='bbox 744 2165 886 2208; x_wconf 90' lang='lat' dir='ltr'>multo</span> <span class='ocrx_word' id='word_1_137' title='bbox 909 2164 1089 2221; x_wconf 83' lang='lat' dir='ltr'>singula</span> <span class='ocrx_word' id='word_1_138' title='bbox 1113 2173 1336 2218; x_wconf 87' lang='lat' dir='ltr'>emantur,</span> <span class='ocrx_word' id='word_1_139' title='bbox 1362 2173 1407 2208; x_wconf 90' lang='lat' dir='ltr'>et</span> <span class='ocrx_word' id='word_1_140' title='bbox 1430 2165 1534 2209; x_wconf 91' lang='lat' dir='ltr'>inde</span> <span class='ocrx_word' id='word_1_141' title='bbox 1552 2181 1643 2209; x_wconf 91' lang='lat' dir='ltr'>non</span> <span class='ocrx_word' id='word_1_142' title='bbox 1666 2166 1903 2215; x_wconf 88' lang='lat' dir='ltr'>mediocri-</span> 
     </span>
     <span class='ocr_line' id='line_1_20' title="bbox 269 2241 828 2296; baseline 0.004 -13"><span class='ocrx_word' id='word_1_143' title='bbox 269 2248 336 2283; x_wconf 86' lang='lat' dir='ltr'>ter</span> <span class='ocrx_word' id='word_1_144' title='bbox 359 2241 541 2296; x_wconf 82' lang='lat' dir='ltr'>grauari</span> <span class='ocrx_word' id='word_1_145' title='bbox 565 2241 828 2296; x_wconf 77' lang='lat' dir='ltr'>collegium.</span> 
     </span>
    </p>
   </div>
   <div class='ocr_carea' id='block_1_5' title="bbox 266 2358 409 2364">
    <p class='ocr_par' dir='ltr' id='par_1_9' title="bbox 266 2358 409 2364">
     <span class='ocr_line' id='line_1_21' title="bbox 266 2358 409 2364; baseline 0 0"><span class='ocrx_word' id='word_1_146' title='bbox 266 2358 409 2364; x_wconf 95' lang='lat' dir='ltr'> </span> 
     </span>
    </p>
   </div>
   <div class='ocr_carea' id='block_1_6' title="bbox 260 2431 1904 3067">
    <p class='ocr_par' dir='ltr' id='par_1_10' title="bbox 260 2431 1904 3011">
     <span class='ocr_line' id='line_1_22' title="bbox 338 2431 1900 2480; baseline 0.004 -15"><span class='ocrx_word' id='word_1_147' title='bbox 338 2434 346 2452; x_wconf 86' lang='lat'><strong>¹</strong></span> <span class='ocrx_word' id='word_1_148' title='bbox 399 2431 456 2466; x_wconf 87' lang='lat' dir='ltr'>Ex</span> <span class='ocrx_word' id='word_1_149' title='bbox 475 2432 696 2477; x_wconf 89' lang='lat' dir='ltr'>apographo</span> <span class='ocrx_word' id='word_1_150' title='bbox 714 2443 876 2478; x_wconf 68' lang='lat' dir='ltr'>coaevo,</span> <span class='ocrx_word' id='word_1_151' title='bbox 898 2432 938 2467; x_wconf 89' lang='lat' dir='ltr'>in</span> <span class='ocrx_word' id='word_1_152' title='bbox 955 2431 1090 2468; x_wconf 87' lang='lat' dir='ltr'>codice</span> <span class='ocrx_word' id='word_1_153' title='bbox 1106 2432 1246 2467; x_wconf 84' lang='lat' dir='ltr'>Natal.</span> <span class='ocrx_word' id='word_1_154' title='bbox 1266 2433 1386 2469; x_wconf 79' lang='lat' dir='ltr'>instr.</span> <span class='ocrx_word' id='word_1_155' title='bbox 1407 2434 1561 2475; x_wconf 67' lang='lat' dir='ltr'>Germ„</span> <span class='ocrx_word' id='word_1_156' title='bbox 1580 2433 1684 2469; x_wconf 87' lang='lat' dir='ltr'>foliis</span> <span class='ocrx_word' id='word_1_157' title='bbox 1704 2434 1900 2480; x_wconf 86' lang='lat' dir='ltr'>299v-3oz.</span> 
     </span>
     <span class='ocr_line' id='line_1_23' title="bbox 264 2490 1903 2540; baseline 0.002 -15"><span class='ocrx_word' id='word_1_158' title='bbox 264 2490 522 2536; x_wconf 78' lang='lat' dir='ltr'>Quandonam</span> <span class='ocrx_word' id='word_1_159' title='bbox 541 2496 580 2525; x_wconf 89' lang='lat' dir='ltr'>et</span> <span class='ocrx_word' id='word_1_160' title='bbox 597 2502 672 2536; x_wconf 90' lang='lat' dir='ltr'>qua</span> <span class='ocrx_word' id='word_1_161' title='bbox 691 2491 897 2527; x_wconf 87' lang='lat' dir='ltr'>occasione</span> <span class='ocrx_word' id='word_1_162' title='bbox 915 2491 1005 2526; x_wconf 88' lang='lat' dir='ltr'>data</span> <span class='ocrx_word' id='word_1_163' title='bbox 1022 2490 1141 2527; x_wconf 79' lang='lat' dir='ltr'>fuerit</span> <span class='ocrx_word' id='word_1_164' title='bbox 1158 2493 1254 2527; x_wconf 89' lang='lat' dir='ltr'>haee</span> <span class='ocrx_word' id='word_1_165' title='bbox 1274 2492 1494 2538; x_wconf 84' lang='lat' dir='ltr'>instructio,</span> <span class='ocrx_word' id='word_1_166' title='bbox 1513 2504 1613 2539; x_wconf 88' lang='lat' dir='ltr'>quae</span> <span class='ocrx_word' id='word_1_167' title='bbox 1632 2493 1839 2540; x_wconf 88' lang='lat' dir='ltr'>praecipue</span> <span class='ocrx_word' id='word_1_168' title='bbox 1853 2494 1903 2529; x_wconf 91' lang='lat' dir='ltr'>de</span> 
     </span>
     <span class='ocr_line' id='line_1_24' title="bbox 262 2549 1902 2597; baseline 0.002 -13"><span class='ocrx_word' id='word_1_169' title='bbox 262 2549 491 2595; x_wconf 87' lang='lat' dir='ltr'>cooptandis</span> <span class='ocrx_word' id='word_1_170' title='bbox 512 2549 551 2584; x_wconf 90' lang='lat' dir='ltr'>in</span> <span class='ocrx_word' id='word_1_171' title='bbox 571 2549 810 2585; x_wconf 88' lang='lat' dir='ltr'>Societatem</span> <span class='ocrx_word' id='word_1_172' title='bbox 829 2549 1000 2596; x_wconf 87' lang='lat' dir='ltr'>disserit,</span> <span class='ocrx_word' id='word_1_173' title='bbox 1021 2561 1070 2585; x_wconf 86' lang='lat' dir='ltr'>ex</span> <span class='ocrx_word' id='word_1_174' title='bbox 1096 2551 1262 2597; x_wconf 88' lang='lat' dir='ltr'>epistola</span> <span class='ocrx_word' id='word_1_175' title='bbox 1280 2551 1455 2597; x_wconf 88' lang='lat' dir='ltr'>Polanci‚</span> <span class='ocrx_word' id='word_1_176' title='bbox 1474 2563 1522 2586; x_wconf 85' lang='lat' dir='ltr'>ex</span> <span class='ocrx_word' id='word_1_177' title='bbox 1542 2562 1682 2587; x_wconf 90' lang='lat' dir='ltr'>comm.</span> <span class='ocrx_word' id='word_1_178' title='bbox 1705 2552 1750 2588; x_wconf 90' lang='lat' dir='ltr'>P.</span> <span class='ocrx_word' id='word_1_179' title='bbox 1776 2553 1902 2588; x_wconf 89' lang='lat' dir='ltr'>Lainii</span> 
     </span>
     <span class='ocr_line' id='line_1_25' title="bbox 263 2608 1903 2657; baseline 0.003 -14"><span class='ocrx_word' id='word_1_180' title='bbox 263 2608 472 2655; x_wconf 83' lang='lat' dir='ltr'>praepositi</span> <span class='ocrx_word' id='word_1_181' title='bbox 489 2609 698 2654; x_wconf 77' lang='lat' dir='ltr'>generalis,</span> <span class='ocrx_word' id='word_1_182' title='bbox 719 2609 893 2645; x_wconf 88' lang='lat' dir='ltr'>Treviris</span> <span class='ocrx_word' id='word_1_183' title='bbox 909 2618 929 2654; x_wconf 91' lang='lat'>7</span> <span class='ocrx_word' id='word_1_184' title='bbox 945 2610 1039 2656; x_wconf 84' lang='lat' dir='ltr'>Julii</span> <span class='ocrx_word' id='word_1_185' title='bbox 1057 2610 1148 2645; x_wconf 87' lang='lat' dir='ltr'>anni</span> <span class='ocrx_word' id='word_1_186' title='bbox 1170 2610 1260 2654; x_wconf 85' lang='lat'>1562</span> <span class='ocrx_word' id='word_1_187' title='bbox 1276 2610 1405 2646; x_wconf 88' lang='lat' dir='ltr'>Natali</span> <span class='ocrx_word' id='word_1_188' title='bbox 1419 2610 1521 2657; x_wconf 87' lang='lat' dir='ltr'>data,</span> <span class='ocrx_word' id='word_1_189' title='bbox 1544 2611 1708 2656; x_wconf 83' lang='lat' dir='ltr'>eruitur,</span> <span class='ocrx_word' id='word_1_190' title='bbox 1724 2612 1791 2648; x_wconf 90' lang='lat' dir='ltr'>ubi</span> <span class='ocrx_word' id='word_1_191' title='bbox 1807 2613 1903 2648; x_wconf 85' lang='lat' dir='ltr'>haec</span> 
     </span>
     <span class='ocr_line' id='line_1_26' title="bbox 264 2668 1903 2717; baseline 0.002 -14"><span class='ocrx_word' id='word_1_192' title='bbox 264 2670 363 2704; x_wconf 90' lang='lat' dir='ltr'>inter</span> <span class='ocrx_word' id='word_1_193' title='bbox 381 2668 455 2703; x_wconf 88' lang='lat' dir='ltr'>alia</span> <span class='ocrx_word' id='word_1_194' title='bbox 477 2669 741 2704; x_wconf 88' lang='lat' dir='ltr'>continentur:</span> <span class='ocrx_word' id='word_1_195' title='bbox 773 2669 892 2704; x_wconf 87' lang='lat' dir='ltr'>«Mire</span> <span class='ocrx_word' id='word_1_196' title='bbox 913 2669 1087 2704; x_wconf 79' lang='lat' dir='ltr'>tambien</span> <span class='ocrx_word' id='word_1_197' title='bbox 1105 2681 1154 2705; x_wconf 89' lang='lat' dir='ltr'>en</span> <span class='ocrx_word' id='word_1_198' title='bbox 1172 2670 1208 2705; x_wconf 90' lang='lat' dir='ltr'>el</span> <span class='ocrx_word' id='word_1_199' title='bbox 1228 2669 1342 2705; x_wconf 91' lang='lat' dir='ltr'>modo</span> <span class='ocrx_word' id='word_1_200' title='bbox 1359 2682 1435 2717; x_wconf 91' lang='lat' dir='ltr'>que</span> <span class='ocrx_word' id='word_1_201' title='bbox 1454 2682 1504 2717; x_wconf 91' lang='lat' dir='ltr'>ay</span> <span class='ocrx_word' id='word_1_202' title='bbox 1522 2682 1565 2706; x_wconf 88' lang='lat' dir='ltr'>se</span> <span class='ocrx_word' id='word_1_203' title='bbox 1584 2670 1690 2706; x_wconf 90' lang='lat' dir='ltr'>tiene</span> <span class='ocrx_word' id='word_1_204' title='bbox 1716 2671 1765 2707; x_wconf 88' lang='lat' dir='ltr'>de</span> <span class='ocrx_word' id='word_1_205' title='bbox 1783 2671 1903 2708; x_wconf 86' lang='lat' dir='ltr'>admi-</span> 
     </span>
     <span class='ocr_line' id='line_1_27' title="bbox 264 2727 1902 2776; baseline 0.002 -14"><span class='ocrx_word' id='word_1_206' title='bbox 264 2727 313 2762; x_wconf 85' lang='lat' dir='ltr'>tir</span> <span class='ocrx_word' id='word_1_207' title='bbox 329 2733 462 2773; x_wconf 81' lang='lat' dir='ltr'>gente3</span> <span class='ocrx_word' id='word_1_208' title='bbox 484 2738 630 2773; x_wconf 87' lang='lat' dir='ltr'>porque</span> <span class='ocrx_word' id='word_1_209' title='bbox 662 2729 825 2773; x_wconf 84' lang='lat' dir='ltr'>algunos</span> <span class='ocrx_word' id='word_1_210' title='bbox 856 2729 978 2763; x_wconf 88' lang='lat' dir='ltr'>saben</span> <span class='ocrx_word' id='word_1_211' title='bbox 1009 2738 1106 2774; x_wconf 93' lang='lat' dir='ltr'>poco</span> <span class='ocrx_word' id='word_1_212' title='bbox 1135 2729 1172 2763; x_wconf 91' lang='lat' dir='ltr'>lo</span> <span class='ocrx_word' id='word_1_213' title='bbox 1202 2739 1278 2776; x_wconf 91' lang='lat' dir='ltr'>que</span> <span class='ocrx_word' id='word_1_214' title='bbox 1310 2729 1447 2773; x_wconf 87' lang='lat' dir='ltr'>hazen,</span> <span class='ocrx_word' id='word_1_215' title='bbox 1479 2741 1506 2776; x_wconf 90' lang='lat' dir='ltr'><strong>y</strong></span> <span class='ocrx_word' id='word_1_216' title='bbox 1537 2741 1586 2765; x_wconf 92' lang='lat' dir='ltr'>no</span> <span class='ocrx_word' id='word_1_217' title='bbox 1611 2741 1654 2765; x_wconf 90' lang='lat' dir='ltr'>se</span> <span class='ocrx_word' id='word_1_218' title='bbox 1673 2731 1730 2766; x_wconf 85' lang='lat' dir='ltr'>les</span> <span class='ocrx_word' id='word_1_219' title='bbox 1749 2730 1902 2766; x_wconf 88' lang='lat' dir='ltr'>declara</span> 
     </span>
     <span class='ocr_line' id='line_1_28' title="bbox 262 2786 1904 2835; baseline 0.004 -16"><span class='ocrx_word' id='word_1_220' title='bbox 262 2791 420 2820; x_wconf 86' lang='lat' dir='ltr'>nuestro</span> <span class='ocrx_word' id='word_1_221' title='bbox 439 2786 633 2829; x_wconf 89' lang='lat' dir='ltr'>instituto;</span> <span class='ocrx_word' id='word_1_222' title='bbox 665 2798 691 2832; x_wconf 88' lang='lat' dir='ltr'>y</span> <span class='ocrx_word' id='word_1_223' title='bbox 710 2789 767 2821; x_wconf 84' lang='lat' dir='ltr'>asi</span> <span class='ocrx_word' id='word_1_224' title='bbox 797 2786 912 2822; x_wconf 87' lang='lat' dir='ltr'>dizen</span> <span class='ocrx_word' id='word_1_225' title='bbox 942 2798 1019 2833; x_wconf 92' lang='lat' dir='ltr'>que</span> <span class='ocrx_word' id='word_1_226' title='bbox 1039 2799 1081 2822; x_wconf 89' lang='lat' dir='ltr'>se</span> <span class='ocrx_word' id='word_1_227' title='bbox 1112 2788 1222 2823; x_wconf 86' lang='lat' dir='ltr'>salen</span> <span class='ocrx_word' id='word_1_228' title='bbox 1253 2789 1428 2835; x_wconf 86' lang='lat' dir='ltr'>muchos,</span> <span class='ocrx_word' id='word_1_229' title='bbox 1448 2801 1474 2835; x_wconf 93' lang='lat' dir='ltr'>y</span> <span class='ocrx_word' id='word_1_230' title='bbox 1499 2794 1604 2824; x_wconf 90' lang='lat' dir='ltr'>otros</span> <span class='ocrx_word' id='word_1_231' title='bbox 1635 2800 1678 2824; x_wconf 91' lang='lat' dir='ltr'>es</span> <span class='ocrx_word' id='word_1_232' title='bbox 1705 2794 1904 2825; x_wconf 89' lang='lat' dir='ltr'>menester</span> 
     </span>
     <span class='ocr_line' id='line_1_29' title="bbox 262 2845 1899 2896; baseline 0.003 -17"><span class='ocrx_word' id='word_1_233' title='bbox 262 2846 414 2879; x_wconf 82' lang='lat' dir='ltr'>echar.»</span> <span class='ocrx_word' id='word_1_234' title='bbox 430 2846 479 2879; x_wconf 87' lang='lat' dir='ltr'>Et</span> <span class='ocrx_word' id='word_1_235' title='bbox 498 2845 588 2880; x_wconf 84' lang='lat' dir='ltr'>vide</span> <span class='ocrx_word' id='word_1_236' title='bbox 607 2845 901 2881; x_wconf 86' lang='lat' dir='ltr'>annotationem</span> <span class='ocrx_word' id='word_1_237' title='bbox 921 2846 1010 2881; x_wconf 92' lang='lat' dir='ltr'>huic</span> <span class='ocrx_word' id='word_1_238' title='bbox 1034 2848 1277 2893; x_wconf 85' lang='lat' dir='ltr'>paragrapho</span> <span class='ocrx_word' id='word_1_239' title='bbox 1304 2847 1343 2883; x_wconf 92' lang='lat' dir='ltr'>in</span> <span class='ocrx_word' id='word_1_240' title='bbox 1369 2848 1497 2893; x_wconf 72' lang='lat' dir='ltr'>Epist.</span> <span class='ocrx_word' id='word_1_241' title='bbox 1520 2849 1568 2885; x_wconf 89' lang='lat' dir='ltr'>P.</span> <span class='ocrx_word' id='word_1_242' title='bbox 1596 2848 1746 2893; x_wconf 85' lang='lat' dir='ltr'>Nadal,</span> <span class='ocrx_word' id='word_1_243' title='bbox 1772 2850 1820 2895; x_wconf 91' lang='lat'>11,</span> <span class='ocrx_word' id='word_1_244' title='bbox 1839 2860 1899 2896; x_wconf 87' lang='lat'>99,</span> 
     </span>
     <span class='ocr_line' id='line_1_30' title="bbox 262 2904 1900 2955; baseline 0.004 -18"><span class='ocrx_word' id='word_1_245' title='bbox 262 2904 488 2949; x_wconf 85' lang='lat' dir='ltr'>appositam.</span> <span class='ocrx_word' id='word_1_246' title='bbox 511 2904 604 2939; x_wconf 87' lang='lat' dir='ltr'>Pars</span> <span class='ocrx_word' id='word_1_247' title='bbox 622 2904 737 2950; x_wconf 91' lang='lat' dir='ltr'>hujus</span> <span class='ocrx_word' id='word_1_248' title='bbox 771 2905 1026 2951; x_wconf 84' lang='lat' dir='ltr'>monumenti,</span> <span class='ocrx_word' id='word_1_249' title='bbox 1060 2905 1107 2940; x_wconf 90' lang='lat' dir='ltr'>ad</span> <span class='ocrx_word' id='word_1_250' title='bbox 1129 2905 1259 2941; x_wconf 87' lang='lat' dir='ltr'>studia</span> <span class='ocrx_word' id='word_1_251' title='bbox 1290 2907 1508 2953; x_wconf 86' lang='lat' dir='ltr'>pertinens,</span> <span class='ocrx_word' id='word_1_252' title='bbox 1539 2908 1602 2943; x_wconf 92' lang='lat' dir='ltr'>hic</span> <span class='ocrx_word' id='word_1_253' title='bbox 1633 2908 1900 2955; x_wconf 85' lang='lat' dir='ltr'>supprimitur,</span> 
     </span>
     <span class='ocr_line' id='line_1_31' title="bbox 260 2962 1493 3011; baseline 0.004 -15"><span class='ocrx_word' id='word_1_254' title='bbox 260 2968 395 3008; x_wconf 85' lang='lat' dir='ltr'>utpote</span> <span class='ocrx_word' id='word_1_255' title='bbox 416 2974 435 2996; x_wconf 89' lang='lat' dir='ltr'>a</span> <span class='ocrx_word' id='word_1_256' title='bbox 454 2963 568 2998; x_wconf 88' lang='lat' dir='ltr'>nobis</span> <span class='ocrx_word' id='word_1_257' title='bbox 588 2962 693 2998; x_wconf 86' lang='lat' dir='ltr'>edita</span> <span class='ocrx_word' id='word_1_258' title='bbox 713 2962 751 2998; x_wconf 92' lang='lat' dir='ltr'>in</span> <span class='ocrx_word' id='word_1_259' title='bbox 772 2963 951 2998; x_wconf 78' lang='lat' dir='ltr'>Menum.</span> <span class='ocrx_word' id='word_1_260' title='bbox 975 2964 1173 3011; x_wconf 84' lang='lat' dir='ltr'>Paedag.‚</span> <span class='ocrx_word' id='word_1_261' title='bbox 1195 2975 1283 3011; x_wconf 85' lang='lat' dir='ltr'>pag.</span> <span class='ocrx_word' id='word_1_262' title='bbox 1303 2965 1387 3009; x_wconf 88' lang='lat'>762,</span> <span class='ocrx_word' id='word_1_263' title='bbox 1408 2965 1493 3010; x_wconf 85' lang='lat'><strong>763.</strong></span> 
     </span>
    </p>

    <p class='ocr_par' dir='ltr' id='par_1_11' title="bbox 333 3021 1217 3067">
     <span class='ocr_line' id='line_1_32' title="bbox 333 3021 1217 3067; baseline 0.006 -13"><span class='ocrx_word' id='word_1_264' title='bbox 333 3024 346 3042; x_wconf 68' lang='lat'><strong>²</strong></span> <span class='ocrx_word' id='word_1_265' title='bbox 400 3021 617 3065; x_wconf 81' lang='lat' dir='ltr'>Kesselius,</span> <span class='ocrx_word' id='word_1_266' title='bbox 637 3026 764 3056; x_wconf 86' lang='lat' dir='ltr'>rector</span> <span class='ocrx_word' id='word_1_267' title='bbox 783 3021 941 3067; x_wconf 85' lang='lat' dir='ltr'>collegii</span> <span class='ocrx_word' id='word_1_268' title='bbox 961 3022 1217 3059; x_wconf 84' lang='lat' dir='ltr'>coloniensis.</span> 
     </span>
    </p>
   </div>
  </div>
 </body>
</html>
