2028 3426
282 197 353 234 302
755 195 909 232 PATms
935 195 1179 231 H1ERONYM1
1205 194 1354 230 NADAL

232 300 346 357 quid
367 299 689 357 grammatices
721 304 871 354 potest
899 296 1116 353 profiteri.
1149 296 1375 352 Loquitur
1403 296 1557 349 latine,
1590 295 1867 354 germanice,

235 376 510 428 sclauonice,
536 375 704 432 aliquid
722 374 884 417 italice.
908 373 1075 417 Scribit
1093 372 1396 418 mediocriter.
1422 372 1612 430 Ingenio
1629 381 1674 416 et
1698 387 1869 417 memo-

237 454 302 497 ria
324 455 461 505 ualet,
483 454 561 497 sed
585 453 740 494 tardus
763 459 844 495 est.
869 450 1100 493 Robustus
1117 457 1184 494 est
1201 464 1404 506 corpore.
1431 449 1640 506 Diligens
1657 449 1704 492 in
1726 449 1868 492 omni-

234 533 322 575 bus
345 531 438 575 suis
462 531 609 573 rebus.

326 619 397 663 25.
463 607 785 663 sigismundus
807 606 997 647 multum
1020 603 1211 661 profecit
1239 603 1283 646 in
1307 603 1613 659 grammaticis
1641 610 1686 647 et
1706 606 1868 648 huma-

237 685 456 743 nioribus,
483 693 527 726 et
550 684 604 726 ad
623 683 770 726 omnia
793 682 942 725 studia
960 681 1140 725 uidetur
1157 689 1306 737 aptus,
1326 689 1370 726 et
1387 681 1542 725 eadem
1562 681 1867 738 profitendum
1927 730 1930 734 ¹

235 762 281 805 in
303 762 487 806 scholis.
516 760 734 815 Loquitur
751 759 889 803 latine
905 765 950 802 et
973 757 1247 814 germanice.
1269 757 1435 802 Scribit
1453 757 1752 802 mediocriter.
1774 759 1868 802 Va-

233 841 296 883 let
324 838 509 894 ingenio
532 847 575 881 et
605 836 818 880 memoria
846 843 889 879 et
919 837 1133 878 robustus
1162 842 1230 880 est
1258 849 1460 891 corpore.
1493 834 1702 891 Diligens
1731 842 1799 879 est
1822 834 1867 877 in

235 916 465 959 omnibus.

328 994 398 1035 26.
464 993 735 1047 Leopoldus'·
751 988 940 1046 profecit
978 989 1146 1045 aliquid
1175 988 1219 1032 in
1249 987 1572 1045 grammaticis.
1603 989 1677 1032 Ad
1706 990 1868 1031 huma-

237 1070 364 1112 niora
380 1077 529 1124 aptus.
551 1067 771 1123 Loquitur
788 1066 926 1111 latine
943 1074 988 1110 et
1011 1065 1285 1122 germanice.
1307 1064 1473 1110 Scribit
1492 1076 1744 1120 utcunque.
1763 1065 1866 1108 Non

237 1155 360 1190 caret
386 1145 570 1202 ingenio
593 1152 636 1189 et
660 1144 874 1187 memoria
895 1152 940 1186 et
963 1142 1164 1199 corporis
1186 1144 1360 1186 robore.
1387 1142 1596 1199 Diligens
1613 1150 1683 1186 est
1705 1141 1750 1184 in
1773 1142 1867 1185 suis

242 1224 392 1266 rebus.
480 1222 484 1226 ’

328 1313 397 1354 27.
467 1300 723 1344 Bernardus
746 1298 859 1340 nihil
881 1297 1072 1354 profecit
1094 1297 1139 1340 in
1163 1297 1340 1350 studiis,
1366 1311 1450 1340 nec
1470 1299 1526 1340 ad
1548 1311 1601 1341 ea
1623 1304 1756 1353 aptus
1778 1303 1863 1340 est.

237 1378 458 1433 Loquitur
480 1377 618 1420 latine
640 1383 685 1419 et
707 1375 981 1432 germanice.
1009 1356 1175 1419 Scribit
1194 1383 1439 1429 utcunque.
1462 1374 1650 1430 Ingenio
1667 1373 1866 1430 practico

234 1454 560 1510 typographiae
584 1455 721 1506 ualet,
747 1461 792 1496 et
814 1452 860 1495 in
883 1467 936 1496 ea
960 1466 1006 1495 re
1027 1459 1096 1495 est
1118 1451 1328 1507 diligens,
1353 1450 1390 1493 si
1423 1451 1556 1496 detur
1578 1451 1641 1493 illi
1663 1465 1865 1494 commo·

235 1531 366 1574 ditas:
391 1532 560 1574 fractus
577 1538 662 1575 est.

326 1609 397 1651 28.
464 1608 613 1651 Dauid
636 1622 794 1664 parum
819 1606 999 1651 uidetur
1022 1613 1153 1662 aptus
1175 1606 1232 1648 ad
1255 1605 1419 1657 studia,
1441 1604 1525 1648 nisi
1544 1606 1599 1648 ad
1618 1606 1864 1662 regendam

233 1686 431 1728 infimam
455 1686 665 1730 classem.
697 1684 918 1740 Loquitur
935 1683 1090 1736 latine,
1111 1684 1377 1738 hungarice,
1398 1689 1443 1725 et
1461 1682 1747 1725 mediocriter
1763 1696 1864 1738 ger-

233 1762 422 1806 manice.
451 1762 619 1804 Scribit
641 1776 733 1804 non
755 1762 885 1804 bene.
913 1759 1157 1804 Robustior
1179 1765 1247 1803 est
1269 1759 1405 1815 longe
1428 1773 1616 1815 corpore
1640 1773 1775 1814 quam
1793 1759 1863 1801 in-

233 1841 370 1895 genio
394 1841 464 1883 uel
502 1839 717 1882 memoria
754 1837 1000 1894 praeditus.
1043 1836 1264 1880 Curiosus
1287 1843 1331 1879 et
1369 1850 1520 1891 uagus
1551 1836 1746 1889 uidetur,
1780 1851 1864 1881 nec

234 1917 477 1959 admodum
502 1916 713 1972 diligens,

811 2090 874 2119 DE
896 2088 1286 2119 COADIUTORIBUS

323 2243 394 2286 29.
459 2231 666 2274 Saluator
690 2230 889 2286 loquitur
910 2229 1158 2285 hispanice,
1184 2228 1351 2282 italice,
1377 2229 1795 2286 semi-germanice,
1818 2237 1863 2274 et

230 2307 400 2363 aliquid
424 2308 576 2350 latine.
604 2309 705 2350 Non
729 2308 813 2350 scit
835 2308 1047 2360 scribere,
1074 2322 1158 2352 nec
1181 2315 1312 2363 aptus
1335 2314 1404 2351 est
1426 2307 1483 2350 ad
1512 2307 1680 2361 studia3
1714 2307 1859 2360 fortis,

232 2385 497 2427 laboriosus.

322 2474 393 2515 30.
460 2460 729 2504 Valentinus
766 2461 964 2515 loquitur
1002 2461 1260 2517 germanice
1299 2470 1343 2506 et
1381 2460 1672 2505 semi-latine.
1716 2460 1861 2504 Nouit

231 2538 399 2593 aliquid
422 2537 631 2580 scribere.
669 2539 771 2581 Non
810 2546 877 2579 est
914 2546 1046 2593 aptus
1075 2539 1131 2581 ad
1153 2539 1319 2591 studia,
1348 2537 1476 2581 fortis
1498 2546 1567 2582 est
1595 2546 1639 2582 et
1664 2538 1861 2592 diligens

231 2616 414 2670 quando
440 2616 554 2658 uult.

321 2705 386 2746 31.
456 2691 760 2734 Bernardinus
781 2691 979 2745 loquitur
1016 2691 1183 2747 italice,
1214 2691 1625 2747 semi-germanice.
1658 2693 1755 2737 Scit
1776 2692 1859 2735 ali-

232 2769 339 2824 quid
361 2769 572 2811 scribere.
600 2769 703 2810 Non
727 2767 906 2810 uidetur
929 2769 1112 2811 omnino
1136 2769 1316 2824 ineptus
1338 2770 1395 2811 ad
1417 2769 1584 2828 studia,
1610 2770 1690 2814 sed
1713 2770 1858 2826 aptior

230 2853 298 2888 est
318 2847 373 2888 ad
396 2845 542 2887 officia
564 2843 896 2895 coadiutorum,
924 2844 966 2885 in
992 2844 1156 2900 quibus
1179 2845 1374 2902 diligens
1396 2853 1465 2888 est
1487 2854 1532 2889 et
1550 2845 1798 2898 sufficiens,
1820 2847 1857 2888 si

230 2937 278 2965 se
302 2922 510 2978 applicet.
539 2907 770 2964 Robustus
793 2920 927 2963 etiam
953 2929 1019 2964 est
1042 2936 1246 2977 corpore.

321 3011 389 3053 32.
451 3000 650 3055 Joannes
668 3011 837 3040 sueuus
855 2997 1052 3051 loquitur
1071 2998 1331 3053 germanice
1349 3008 1393 3042 et
1411 2999 1702 3044 semi-latine:
1724 3006 1857 3056 aptus

2001 798 2025 878 “sab-2.
2003 689 2024 771 4⁴4¹!
2003 607 2024 682 ‚er-133
1999 446 2024 600 &32:⁶⁸qu
2007 377 2012 386 ’

2008 928 2028 957 ᾗ)
2004 882 2023 918 'k'-

2021 1032 2028 1053 2-

2003 1052 2023 1083 :46
2005 1007 2024 1028 μ’
2007 963 2022 997 ,ΤΞ

2006 1923 2008 1926 ’
2009 1906 2013 1911 ’
2008 1430 2028 1880 ὶιέῑὲιΜὮώΛ-ΜΜᾸἏΛ
2007 1338 2028 1422 *.·-.—24
2007 1244 2028 1326 ,ζ’-,θὶ-
2004 1154 2028 1236 «ss-J,
2008 1085 2028 1146 *27*
