<?xml version="1.0" encoding="UTF-8"?>
<!DOCTYPE html PUBLIC "-//W3C//DTD XHTML 1.0 Transitional//EN"
    "http://www.w3.org/TR/xhtml1/DTD/xhtml1-transitional.dtd">
<html xmlns="http://www.w3.org/1999/xhtml" xml:lang="en" lang="en">
 <head>
  <title>
</title>
<meta http-equiv="Content-Type" content="text/html;charset=utf-8" />
  <meta name='ocr-system' content='tesseract 3.04.00' />
  <meta name='ocr-capabilities' content='ocr_page ocr_carea ocr_par ocr_line ocrx_word'/>
</head>
<body>
  <div class='ocr_page' id='page_1' title='image "./epistolaephieron11nada_0688.png"; bbox 0 0 2028 3426; ppageno 0'>
   <div class='ocr_carea' id='block_1_1' title="bbox 352 206 1426 243">
    <p class='ocr_par' dir='ltr' id='par_1_1' title="bbox 352 206 1426 243">
     <span class='ocr_line' id='line_1_1' title="bbox 352 206 1426 243; baseline 0.005 -5"><span class='ocrx_word' id='word_1_1' title='bbox 352 206 420 238; x_wconf 70' lang='lat'>062</span> <span class='ocrx_word' id='word_1_2' title='bbox 822 206 976 242; x_wconf 71' lang='lat' dir='ltr'>PA’rms</span> <span class='ocrx_word' id='word_1_3' title='bbox 1004 207 1248 242; x_wconf 77' lang='lat' dir='ltr'>H1ERONYMi</span> <span class='ocrx_word' id='word_1_4' title='bbox 1276 207 1426 243; x_wconf 74' lang='lat' dir='ltr'>NADAL</span> 
     </span>
    </p>
   </div>
   <div class='ocr_carea' id='block_1_2' title="bbox 308 290 2019 2905">
    <p class='ocr_par' dir='ltr' id='par_1_2' title="bbox 308 290 2008 596">
     <span class='ocr_line' id='line_1_2' title="bbox 308 290 1938 365; baseline 0.001 -18"><span class='ocrx_word' id='word_1_5' title='bbox 308 290 373 359; x_wconf 88' lang='lat' dir='ltr'>tii;</span> <span class='ocrx_word' id='word_1_6' title='bbox 399 306 471 349; x_wconf 90' lang='lat' dir='ltr'>hic</span> <span class='ocrx_word' id='word_1_7' title='bbox 500 307 618 350; x_wconf 91' lang='lat' dir='ltr'>enim</span> <span class='ocrx_word' id='word_1_8' title='bbox 646 307 729 350; x_wconf 89' lang='lat' dir='ltr'>fuit</span> <span class='ocrx_word' id='word_1_9' title='bbox 760 308 804 349; x_wconf 89' lang='lat' dir='ltr'>in</span> <span class='ocrx_word' id='word_1_10' title='bbox 834 307 1071 362; x_wconf 80' lang='lat' dir='ltr'>colloquiis</span> <span class='ocrx_word' id='word_1_11' title='bbox 1101 307 1184 363; x_wconf 88' lang='lat' dir='ltr'>piis</span> <span class='ocrx_word' id='word_1_12' title='bbox 1215 309 1377 352; x_wconf 81' lang='lat' dir='ltr'>efficax</span> <span class='ocrx_word' id='word_1_13' title='bbox 1415 309 1460 351; x_wconf 90' lang='lat' dir='ltr'>in</span> <span class='ocrx_word' id='word_1_14' title='bbox 1493 309 1648 365; x_wconf 91' lang='lat' dir='ltr'>primis</span> <span class='ocrx_word' id='word_1_15' title='bbox 1683 316 1729 352; x_wconf 88' lang='lat' dir='ltr'>et</span> <span class='ocrx_word' id='word_1_16' title='bbox 1762 315 1938 363; x_wconf 72' lang='lat' dir='ltr'>potens3</span> 
     </span>
     <span class='ocr_line' id='line_1_3' title="bbox 310 383 2008 440; baseline 0.001 -16"><span class='ocrx_word' id='word_1_17' title='bbox 310 383 483 425; x_wconf 90' lang='lat' dir='ltr'>nullum</span> <span class='ocrx_word' id='word_1_18' title='bbox 509 383 629 428; x_wconf 91' lang='lat' dir='ltr'>enim</span> <span class='ocrx_word' id='word_1_19' title='bbox 655 383 1028 440; x_wconf 78' lang='lat' dir='ltr'>aggrediebatur,</span> <span class='ocrx_word' id='word_1_20' title='bbox 1053 384 1229 427; x_wconf 89' lang='lat' dir='ltr'>etiamsi</span> <span class='ocrx_word' id='word_1_21' title='bbox 1253 385 1575 428; x_wconf 86' lang='lat' dir='ltr'>alienissimum</span> <span class='ocrx_word' id='word_1_22' title='bbox 1605 400 1632 428; x_wconf 86' lang='lat' dir='ltr'>a</span> <span class='ocrx_word' id='word_1_23' title='bbox 1654 386 1789 428; x_wconf 89' lang='lat' dir='ltr'>rebus</span> <span class='ocrx_word' id='word_1_24' title='bbox 1810 383 1941 440; x_wconf 89' lang='lat' dir='ltr'>spiri·</span> <span class='ocrx_word' id='word_1_25' title='bbox 2006 392 2008 394; x_wconf 84' lang='grc'><em>“</em></span> 
     </span>
     <span class='ocr_line' id='line_1_4' title="bbox 310 459 1941 518; baseline 0.001 -17"><span class='ocrx_word' id='word_1_26' title='bbox 310 459 525 512; x_wconf 90' lang='lat' dir='ltr'>tualibus,</span> <span class='ocrx_word' id='word_1_27' title='bbox 546 460 623 515; x_wconf 92' lang='lat' dir='ltr'>qui</span> <span class='ocrx_word' id='word_1_28' title='bbox 648 462 829 504; x_wconf 87' lang='lat' dir='ltr'>tandem</span> <span class='ocrx_word' id='word_1_29' title='bbox 855 475 944 503; x_wconf 91' lang='lat' dir='ltr'>non</span> <span class='ocrx_word' id='word_1_30' title='bbox 968 486 1023 492; x_wconf 89' lang='lat'>—-</span> <span class='ocrx_word' id='word_1_31' title='bbox 1047 486 1105 492; x_wconf 90' lang='lat'><em>—</em></span> <span class='ocrx_word' id='word_1_32' title='bbox 1128 468 1397 505; x_wconf 85' lang='lat' dir='ltr'><strong>mutaretur.</strong></span> <span class='ocrx_word' id='word_1_33' title='bbox 1418 464 1489 507; x_wconf 89' lang='lat' dir='ltr'>De</span> <span class='ocrx_word' id='word_1_34' title='bbox 1505 477 1597 518; x_wconf 92' lang='lat' dir='ltr'>quo</span> <span class='ocrx_word' id='word_1_35' title='bbox 1614 463 1789 506; x_wconf 82' lang='lat' dir='ltr'>solebat</span> <span class='ocrx_word' id='word_1_36' title='bbox 1806 462 1941 517; x_wconf 79' lang='lat' dir='ltr'>Igna-</span> 
     </span>
     <span class='ocr_line' id='line_1_5' title="bbox 310 536 1638 596; baseline 0 -18"><span class='ocrx_word' id='word_1_37' title='bbox 310 536 400 580; x_wconf 91' lang='lat' dir='ltr'>tius</span> <span class='ocrx_word' id='word_1_38' title='bbox 422 537 589 582; x_wconf 83' lang='lat' dir='ltr'>dicere:</span> <span class='ocrx_word' id='word_1_39' title='bbox 621 539 812 581; x_wconf 84' lang='lat' dir='ltr'>«Petrus</span> <span class='ocrx_word' id='word_1_40' title='bbox 839 537 886 596; x_wconf 74' lang='grc' dir='ltr'>[Ρ]</span> <span class='ocrx_word' id='word_1_41' title='bbox 908 537 1061 581; x_wconf 80' lang='lat' dir='ltr'>educit</span> <span class='ocrx_word' id='word_1_42' title='bbox 1085 538 1142 582; x_wconf 91' lang='lat' dir='ltr'>de</span> <span class='ocrx_word' id='word_1_43' title='bbox 1167 546 1291 593; x_wconf 86' lang='lat' dir='ltr'>petra</span> <span class='ocrx_word' id='word_1_44' title='bbox 1312 536 1360 596; x_wconf 74' lang='grc' dir='ltr'>[Ρ]</span> <span class='ocrx_word' id='word_1_45' title='bbox 1387 554 1552 594; x_wconf 87' lang='lat' dir='ltr'>aquam</span> <span class='ocrx_word' id='word_1_46' title='bbox 1574 547 1606 582; x_wconf 81' lang='lat'>³.</span> <span class='ocrx_word' id='word_1_47' title='bbox 1621 557 1638 578; x_wconf 87' lang='lat'>»</span> 
     </span>
    </p>

    <p class='ocr_par' dir='ltr' id='par_1_3' title="bbox 312 614 2012 1439">
     <span class='ocr_line' id='line_1_6' title="bbox 399 614 1948 673; baseline 0 -17"><span class='ocrx_word' id='word_1_48' title='bbox 399 615 446 673; x_wconf 86' lang='lat' dir='ltr'>In</span> <span class='ocrx_word' id='word_1_49' title='bbox 471 615 557 656; x_wconf 90' lang='lat' dir='ltr'>hoc</span> <span class='ocrx_word' id='word_1_50' title='bbox 582 614 679 670; x_wconf 87' lang='lat' dir='ltr'>ipso</span> <span class='ocrx_word' id='word_1_51' title='bbox 701 615 915 658; x_wconf 83' lang='lat' dir='ltr'>excelluit</span> <span class='ocrx_word' id='word_1_52' title='bbox 938 615 1045 660; x_wconf 90' lang='lat' dir='ltr'>item</span> <span class='ocrx_word' id='word_1_53' title='bbox 1072 617 1126 660; x_wconf 89' lang='lat' dir='ltr'>P.</span> <span class='ocrx_word' id='word_1_54' title='bbox 1159 615 1431 658; x_wconf 88' lang='lat' dir='ltr'>Franciscus</span> <span class='ocrx_word' id='word_1_55' title='bbox 1459 615 1720 668; x_wconf 84' lang='lat' dir='ltr'>Xauierius,</span> <span class='ocrx_word' id='word_1_56' title='bbox 1753 628 1948 670; x_wconf 86' lang='lat' dir='ltr'>magnus</span> 
     </span>
     <span class='ocr_line' id='line_1_7' title="bbox 312 690 1946 748; baseline 0.001 -17"><span class='ocrx_word' id='word_1_57' title='bbox 312 691 384 733; x_wconf 92' lang='lat' dir='ltr'>ille</span> <span class='ocrx_word' id='word_1_58' title='bbox 408 700 533 746; x_wconf 88' lang='lat' dir='ltr'>pater</span> <span class='ocrx_word' id='word_1_59' title='bbox 557 691 765 733; x_wconf 90' lang='lat' dir='ltr'>indorum</span> <span class='ocrx_word' id='word_1_60' title='bbox 789 699 834 734; x_wconf 88' lang='lat' dir='ltr'>et</span> <span class='ocrx_word' id='word_1_61' title='bbox 849 692 1186 748; x_wconf 84' lang='lat' dir='ltr'>japonensium.</span> <span class='ocrx_word' id='word_1_62' title='bbox 1213 692 1263 734; x_wconf 89' lang='lat' dir='ltr'>In</span> <span class='ocrx_word' id='word_1_63' title='bbox 1293 694 1379 736; x_wconf 90' lang='lat' dir='ltr'>hoc</span> <span class='ocrx_word' id='word_1_64' title='bbox 1407 708 1518 737; x_wconf 89' lang='lat' dir='ltr'>vero</span> <span class='ocrx_word' id='word_1_65' title='bbox 1547 694 1598 734; x_wconf 88' lang='lat' dir='ltr'>P.</span> <span class='ocrx_word' id='word_1_66' title='bbox 1631 691 1833 748; x_wconf 84' lang='lat' dir='ltr'>Ignatius</span> <span class='ocrx_word' id='word_1_67' title='bbox 1863 690 1946 733; x_wconf 84' lang='lat' dir='ltr'>fuit</span> 
     </span>
     <span class='ocr_line' id='line_1_8' title="bbox 312 767 1943 825; baseline 0 -16"><span class='ocrx_word' id='word_1_68' title='bbox 312 767 603 819; x_wconf 86' lang='lat' dir='ltr'>admirabilis,</span> <span class='ocrx_word' id='word_1_69' title='bbox 636 776 684 811; x_wconf 85' lang='lat' dir='ltr'>vt</span> <span class='ocrx_word' id='word_1_70' title='bbox 713 768 833 812; x_wconf 88' lang='lat' dir='ltr'>enim</span> <span class='ocrx_word' id='word_1_71' title='bbox 862 777 959 813; x_wconf 86' lang='lat' dir='ltr'>erat</span> <span class='ocrx_word' id='word_1_72' title='bbox 997 769 1216 812; x_wconf 77' lang='lat' dir='ltr'>charitate</span> <span class='ocrx_word' id='word_1_73' title='bbox 1254 769 1298 812; x_wconf 90' lang='lat' dir='ltr'>in</span> <span class='ocrx_word' id='word_1_74' title='bbox 1337 770 1590 825; x_wconf 84' lang='lat' dir='ltr'>proximum</span> <span class='ocrx_word' id='word_1_75' title='bbox 1626 769 1943 819; x_wconf 79' lang='lat' dir='ltr'>inflammatus,</span> 
     </span>
     <span class='ocr_line' id='line_1_9' title="bbox 313 844 1948 902; baseline 0.002 -17"><span class='ocrx_word' id='word_1_76' title='bbox 313 844 589 888; x_wconf 81' lang='lat' dir='ltr'>discretione</span> <span class='ocrx_word' id='word_1_77' title='bbox 613 844 852 901; x_wconf 80' lang='lat' dir='ltr'>spirituum</span> <span class='ocrx_word' id='word_1_78' title='bbox 875 853 921 888; x_wconf 93' lang='lat' dir='ltr'>et</span> <span class='ocrx_word' id='word_1_79' title='bbox 945 845 1184 902; x_wconf 86' lang='lat' dir='ltr'>prudentia</span> <span class='ocrx_word' id='word_1_80' title='bbox 1207 846 1363 889; x_wconf 91' lang='lat' dir='ltr'>morali</span> <span class='ocrx_word' id='word_1_81' title='bbox 1386 854 1638 902; x_wconf 85' lang='lat' dir='ltr'>praestans,</span> <span class='ocrx_word' id='word_1_82' title='bbox 1669 845 1731 888; x_wconf 88' lang='lat' dir='ltr'>ita</span> <span class='ocrx_word' id='word_1_83' title='bbox 1762 859 1812 888; x_wconf 91' lang='lat' dir='ltr'>se</span> <span class='ocrx_word' id='word_1_84' title='bbox 1843 844 1948 888; x_wconf 88' lang='lat' dir='ltr'>bre-</span> 
     </span>
     <span class='ocr_line' id='line_1_10' title="bbox 317 922 1946 978; baseline -0.001 -15"><span class='ocrx_word' id='word_1_85' title='bbox 317 922 455 966; x_wconf 92' lang='lat' dir='ltr'>uitate</span> <span class='ocrx_word' id='word_1_86' title='bbox 488 930 533 965; x_wconf 90' lang='lat' dir='ltr'>et</span> <span class='ocrx_word' id='word_1_87' title='bbox 569 922 796 966; x_wconf 87' lang='lat' dir='ltr'>suauitate</span> <span class='ocrx_word' id='word_1_88' title='bbox 833 923 1053 965; x_wconf 88' lang='lat' dir='ltr'>sermonis</span> <span class='ocrx_word' id='word_1_89' title='bbox 1091 924 1149 965; x_wconf 86' lang='lat' dir='ltr'>ad</span> <span class='ocrx_word' id='word_1_90' title='bbox 1188 937 1286 974; x_wconf 90' lang='lat' dir='ltr'>eos,</span> <span class='ocrx_word' id='word_1_91' title='bbox 1323 923 1596 978; x_wconf 83' lang='lat' dir='ltr'>quibuscum</span> <span class='ocrx_word' id='word_1_92' title='bbox 1630 922 1811 978; x_wconf 85' lang='lat' dir='ltr'>agebat,</span> <span class='ocrx_word' id='word_1_93' title='bbox 1848 935 1946 963; x_wconf 89' lang='lat' dir='ltr'>sese</span> 
     </span>
     <span class='ocr_line' id='line_1_11' title="bbox 316 996 1952 1052; baseline 0 -13"><span class='ocrx_word' id='word_1_94' title='bbox 316 1000 704 1051; x_wconf 75' lang='lat' dir='ltr'>accommodabat,</span> <span class='ocrx_word' id='word_1_95' title='bbox 730 999 792 1042; x_wconf 90' lang='lat' dir='ltr'>ita</span> <span class='ocrx_word' id='word_1_96' title='bbox 814 1014 862 1042; x_wconf 90' lang='lat' dir='ltr'>se</span> <span class='ocrx_word' id='word_1_97' title='bbox 886 999 1161 1052; x_wconf 80' lang='lat' dir='ltr'>insinuabat,</span> <span class='ocrx_word' id='word_1_98' title='bbox 1188 1008 1234 1041; x_wconf 89' lang='lat' dir='ltr'>vt</span> <span class='ocrx_word' id='word_1_99' title='bbox 1264 999 1402 1042; x_wconf 88' lang='lat' dir='ltr'>miros</span> <span class='ocrx_word' id='word_1_100' title='bbox 1434 999 1570 1042; x_wconf 89' lang='lat' dir='ltr'>animi</span> <span class='ocrx_word' id='word_1_101' title='bbox 1605 1006 1753 1042; x_wconf 86' lang='lat' dir='ltr'>motus</span> <span class='ocrx_word' id='word_1_102' title='bbox 1786 998 1831 1040; x_wconf 91' lang='lat' dir='ltr'>in</span> <span class='ocrx_word' id='word_1_103' title='bbox 1865 996 1952 1040; x_wconf 84' lang='lat' dir='ltr'>illis</span> 
     </span>
     <span class='ocr_line' id='line_1_12' title="bbox 317 1074 1953 1132; baseline -0.001 -14"><span class='ocrx_word' id='word_1_104' title='bbox 317 1075 547 1127; x_wconf 84' lang='lat' dir='ltr'>excitaret;</span> <span class='ocrx_word' id='word_1_105' title='bbox 580 1083 625 1118; x_wconf 94' lang='lat' dir='ltr'>et</span> <span class='ocrx_word' id='word_1_106' title='bbox 654 1077 748 1120; x_wconf 89' lang='lat' dir='ltr'>fere</span> <span class='ocrx_word' id='word_1_107' title='bbox 778 1076 839 1119; x_wconf 90' lang='lat' dir='ltr'>ita</span> <span class='ocrx_word' id='word_1_108' title='bbox 868 1078 1260 1132; x_wconf 88' lang='lat' dir='ltr'>contemplabatur</span> <span class='ocrx_word' id='word_1_109' title='bbox 1293 1085 1571 1132; x_wconf 79' lang='lat' dir='ltr'>praesentes,</span> <span class='ocrx_word' id='word_1_110' title='bbox 1607 1075 1735 1131; x_wconf 85' lang='lat' dir='ltr'>quasi</span> <span class='ocrx_word' id='word_1_111' title='bbox 1774 1076 1830 1117; x_wconf 91' lang='lat' dir='ltr'>ad</span> <span class='ocrx_word' id='word_1_112' title='bbox 1853 1074 1953 1117; x_wconf 78' lang='lat' dir='ltr'>eius</span> 
     </span>
     <span class='ocr_line' id='line_1_13' title="bbox 316 1151 1952 1209; baseline -0.001 -14"><span class='ocrx_word' id='word_1_113' title='bbox 316 1153 515 1195; x_wconf 85' lang='lat' dir='ltr'>animum</span> <span class='ocrx_word' id='word_1_114' title='bbox 542 1161 588 1197; x_wconf 94' lang='lat' dir='ltr'>et</span> <span class='ocrx_word' id='word_1_115' title='bbox 611 1153 823 1196; x_wconf 88' lang='lat' dir='ltr'>interiora</span> <span class='ocrx_word' id='word_1_116' title='bbox 845 1162 1118 1209; x_wconf 87' lang='lat' dir='ltr'>penetraret;</span> <span class='ocrx_word' id='word_1_117' title='bbox 1146 1154 1207 1195; x_wconf 81' lang='lat' dir='ltr'>ita</span> <span class='ocrx_word' id='word_1_118' title='bbox 1231 1155 1516 1208; x_wconf 87' lang='lat' dir='ltr'>loquebatur,</span> <span class='ocrx_word' id='word_1_119' title='bbox 1544 1160 1591 1195; x_wconf 84' lang='lat' dir='ltr'>vt</span> <span class='ocrx_word' id='word_1_120' title='bbox 1614 1152 1712 1197; x_wconf 89' lang='lat' dir='ltr'>eius</span> <span class='ocrx_word' id='word_1_121' title='bbox 1734 1151 1952 1195; x_wconf 82' lang='lat' dir='ltr'>sermoni-</span> 
     </span>
     <span class='ocr_line' id='line_1_14' title="bbox 318 1228 1952 1287; baseline 0 -17"><span class='ocrx_word' id='word_1_122' title='bbox 318 1231 403 1271; x_wconf 87' lang='lat' dir='ltr'>bus</span> <span class='ocrx_word' id='word_1_123' title='bbox 427 1230 675 1272; x_wconf 86' lang='lat' dir='ltr'>contradici</span> <span class='ocrx_word' id='word_1_124' title='bbox 699 1245 788 1273; x_wconf 89' lang='lat' dir='ltr'>non</span> <span class='ocrx_word' id='word_1_125' title='bbox 812 1239 981 1287; x_wconf 89' lang='lat' dir='ltr'>posset.</span> <span class='ocrx_word' id='word_1_126' title='bbox 1009 1231 1143 1274; x_wconf 84' lang='lat' dir='ltr'>Adde</span> <span class='ocrx_word' id='word_1_127' title='bbox 1173 1231 1294 1286; x_wconf 90' lang='lat' dir='ltr'>quod</span> <span class='ocrx_word' id='word_1_128' title='bbox 1324 1231 1479 1273; x_wconf 81' lang='lat' dir='ltr'>nescio</span> <span class='ocrx_word' id='word_1_129' title='bbox 1511 1230 1621 1285; x_wconf 90' lang='lat' dir='ltr'>quid</span> <span class='ocrx_word' id='word_1_130' title='bbox 1649 1229 1832 1272; x_wconf 91' lang='lat' dir='ltr'>diuinae</span> <span class='ocrx_word' id='word_1_131' title='bbox 1862 1228 1952 1270; x_wconf 87' lang='lat' dir='ltr'>vir·</span> 
     </span>
     <span class='ocr_line' id='line_1_15' title="bbox 321 1306 2012 1368; baseline -0.002 -20"><span class='ocrx_word' id='word_1_132' title='bbox 321 1306 429 1348; x_wconf 84' lang='lat' dir='ltr'>tutis</span> <span class='ocrx_word' id='word_1_133' title='bbox 453 1321 504 1349; x_wconf 89' lang='lat' dir='ltr'>ac</span> <span class='ocrx_word' id='word_1_134' title='bbox 522 1306 640 1349; x_wconf 88' lang='lat' dir='ltr'>lucis</span> <span class='ocrx_word' id='word_1_135' title='bbox 657 1307 896 1351; x_wconf 85' lang='lat' dir='ltr'>videbatur</span> <span class='ocrx_word' id='word_1_136' title='bbox 914 1309 970 1351; x_wconf 78' lang='lat' dir='ltr'>ab</span> <span class='ocrx_word' id='word_1_137' title='bbox 987 1308 1086 1350; x_wconf 89' lang='lat' dir='ltr'>eius</span> <span class='ocrx_word' id='word_1_138' title='bbox 1104 1309 1233 1350; x_wconf 91' lang='lat' dir='ltr'>vultu</span> <span class='ocrx_word' id='word_1_139' title='bbox 1253 1307 1393 1350; x_wconf 81' lang='lat' dir='ltr'>veluti</span> <span class='ocrx_word' id='word_1_140' title='bbox 1412 1307 1589 1363; x_wconf 85' lang='lat' dir='ltr'>spirari,</span> <span class='ocrx_word' id='word_1_141' title='bbox 1610 1321 1726 1368; x_wconf 88' lang='lat' dir='ltr'>quae</span> <span class='ocrx_word' id='word_1_142' title='bbox 1749 1306 1957 1349; x_wconf 53' lang='lat' dir='ltr'>videntes=</span> <span class='ocrx_word' id='word_1_143' title='bbox 2004 1321 2012 1330; x_wconf 92' lang='lat'><strong>·</strong></span> 
     </span>
     <span class='ocr_line' id='line_1_16' title="bbox 319 1383 1388 1439; baseline 0.001 -14"><span class='ocrx_word' id='word_1_144' title='bbox 319 1384 375 1425; x_wconf 82' lang='lat' dir='ltr'>ad</span> <span class='ocrx_word' id='word_1_145' title='bbox 398 1383 606 1439; x_wconf 86' lang='lat' dir='ltr'>spiritum</span> <span class='ocrx_word' id='word_1_146' title='bbox 630 1399 721 1426; x_wconf 91' lang='lat' dir='ltr'>non</span> <span class='ocrx_word' id='word_1_147' title='bbox 744 1384 1029 1428; x_wconf 88' lang='lat' dir='ltr'>mediocriter</span> <span class='ocrx_word' id='word_1_148' title='bbox 1052 1385 1388 1428; x_wconf 81' lang='lat' dir='ltr'>commonebat.</span> 
     </span>
    </p>

    <p class='ocr_par' dir='ltr' id='par_1_4' title="bbox 324 1459 1962 2054">
     <span class='ocr_line' id='line_1_17' title="bbox 409 1459 1956 1516; baseline -0.001 -13"><span class='ocrx_word' id='word_1_149' title='bbox 409 1462 497 1503; x_wconf 88' lang='lat' dir='ltr'>Per</span> <span class='ocrx_word' id='word_1_150' title='bbox 536 1463 622 1503; x_wconf 91' lang='lat' dir='ltr'>hoc</span> <span class='ocrx_word' id='word_1_151' title='bbox 659 1461 787 1503; x_wconf 91' lang='lat' dir='ltr'>verbi</span> <span class='ocrx_word' id='word_1_152' title='bbox 825 1461 910 1504; x_wconf 91' lang='lat' dir='ltr'>Dei</span> <span class='ocrx_word' id='word_1_153' title='bbox 948 1461 1247 1504; x_wconf 89' lang='lat' dir='ltr'>ministerium</span> <span class='ocrx_word' id='word_1_154' title='bbox 1285 1461 1514 1516; x_wconf 87' lang='lat' dir='ltr'>praeclara</span> <span class='ocrx_word' id='word_1_155' title='bbox 1547 1461 1688 1503; x_wconf 90' lang='lat' dir='ltr'>multa</span> <span class='ocrx_word' id='word_1_156' title='bbox 1723 1459 1828 1502; x_wconf 86' lang='lat' dir='ltr'>fecit</span> <span class='ocrx_word' id='word_1_157' title='bbox 1860 1459 1956 1515; x_wconf 85' lang='lat' dir='ltr'>ipse</span> 
     </span>
     <span class='ocr_line' id='line_1_18' title="bbox 324 1535 1957 1594; baseline 0 -16"><span class='ocrx_word' id='word_1_158' title='bbox 324 1538 544 1593; x_wconf 84' lang='lat' dir='ltr'>Ignatius.</span> <span class='ocrx_word' id='word_1_159' title='bbox 573 1539 629 1580; x_wconf 88' lang='lat' dir='ltr'>Et</span> <span class='ocrx_word' id='word_1_160' title='bbox 651 1537 762 1580; x_wconf 91' lang='lat' dir='ltr'>illud</span> <span class='ocrx_word' id='word_1_161' title='bbox 792 1538 1004 1594; x_wconf 89' lang='lat' dir='ltr'>primum,</span> <span class='ocrx_word' id='word_1_162' title='bbox 1031 1540 1151 1593; x_wconf 89' lang='lat' dir='ltr'>quod</span> <span class='ocrx_word' id='word_1_163' title='bbox 1184 1553 1348 1581; x_wconf 90' lang='lat' dir='ltr'>nouem</span> <span class='ocrx_word' id='word_1_164' title='bbox 1374 1537 1473 1579; x_wconf 90' lang='lat' dir='ltr'>illos</span> <span class='ocrx_word' id='word_1_165' title='bbox 1495 1537 1662 1593; x_wconf 89' lang='lat' dir='ltr'>primos</span> <span class='ocrx_word' id='word_1_166' title='bbox 1694 1536 1841 1579; x_wconf 85' lang='lat' dir='ltr'>socios</span> <span class='ocrx_word' id='word_1_167' title='bbox 1873 1535 1957 1578; x_wconf 90' lang='lat' dir='ltr'>sibi</span> 
     </span>
     <span class='ocr_line' id='line_1_19' title="bbox 324 1613 1958 1670; baseline -0.001 -14"><span class='ocrx_word' id='word_1_168' title='bbox 324 1615 542 1658; x_wconf 79' lang='lat' dir='ltr'>adiunxit.</span> <span class='ocrx_word' id='word_1_169' title='bbox 568 1615 702 1670; x_wconf 86' lang='lat' dir='ltr'>Capit</span> <span class='ocrx_word' id='word_1_170' title='bbox 726 1617 810 1658; x_wconf 91' lang='lat' dir='ltr'>hoc</span> <span class='ocrx_word' id='word_1_171' title='bbox 834 1615 1132 1659; x_wconf 88' lang='lat' dir='ltr'>ministerium</span> <span class='ocrx_word' id='word_1_172' title='bbox 1158 1615 1340 1670; x_wconf 89' lang='lat' dir='ltr'>quidem</span> <span class='ocrx_word' id='word_1_173' title='bbox 1363 1629 1497 1658; x_wconf 88' lang='lat' dir='ltr'>omne</span> <span class='ocrx_word' id='word_1_174' title='bbox 1515 1613 1755 1658; x_wconf 90' lang='lat' dir='ltr'>artificium</span> <span class='ocrx_word' id='word_1_175' title='bbox 1774 1613 1958 1656; x_wconf 89' lang='lat' dir='ltr'>concio-</span> 
     </span>
     <span class='ocr_line' id='line_1_20' title="bbox 325 1692 1960 1748; baseline -0.001 -14"><span class='ocrx_word' id='word_1_176' title='bbox 325 1701 551 1743; x_wconf 90' lang='lat' dir='ltr'>natorum,</span> <span class='ocrx_word' id='word_1_177' title='bbox 579 1693 654 1734; x_wconf 93' lang='lat' dir='ltr'>vbi</span> <span class='ocrx_word' id='word_1_178' title='bbox 679 1693 871 1735; x_wconf 87' lang='lat' dir='ltr'>facultas</span> <span class='ocrx_word' id='word_1_179' title='bbox 893 1708 984 1734; x_wconf 93' lang='lat' dir='ltr'>non</span> <span class='ocrx_word' id='word_1_180' title='bbox 1008 1694 1134 1736; x_wconf 89' lang='lat' dir='ltr'>deest</span> <span class='ocrx_word' id='word_1_181' title='bbox 1157 1701 1202 1735; x_wconf 90' lang='lat' dir='ltr'>et</span> <span class='ocrx_word' id='word_1_182' title='bbox 1226 1707 1297 1736; x_wconf 91' lang='lat' dir='ltr'>res</span> <span class='ocrx_word' id='word_1_183' title='bbox 1319 1693 1534 1748; x_wconf 81' lang='lat' dir='ltr'>postulat3</span> <span class='ocrx_word' id='word_1_184' title='bbox 1567 1692 1645 1734; x_wconf 90' lang='lat' dir='ltr'>sed</span> <span class='ocrx_word' id='word_1_185' title='bbox 1678 1699 1826 1733; x_wconf 88' lang='lat' dir='ltr'>tamen</span> <span class='ocrx_word' id='word_1_186' title='bbox 1860 1705 1960 1746; x_wconf 89' lang='lat' dir='ltr'>pro-</span> 
     </span>
     <span class='ocr_line' id='line_1_21' title="bbox 326 1767 1962 1825; baseline -0.002 -13"><span class='ocrx_word' id='word_1_187' title='bbox 326 1771 471 1824; x_wconf 86' lang='lat' dir='ltr'>prium</span> <span class='ocrx_word' id='word_1_188' title='bbox 494 1769 641 1825; x_wconf 86' lang='lat' dir='ltr'>magis</span> <span class='ocrx_word' id='word_1_189' title='bbox 664 1781 733 1812; x_wconf 92' lang='lat' dir='ltr'>est</span> <span class='ocrx_word' id='word_1_190' title='bbox 756 1770 1061 1820; x_wconf 87' lang='lat' dir='ltr'>collocutoris,</span> <span class='ocrx_word' id='word_1_191' title='bbox 1088 1778 1135 1812; x_wconf 85' lang='lat' dir='ltr'>vt</span> <span class='ocrx_word' id='word_1_192' title='bbox 1158 1771 1313 1813; x_wconf 89' lang='lat' dir='ltr'>sedate</span> <span class='ocrx_word' id='word_1_193' title='bbox 1336 1778 1380 1812; x_wconf 91' lang='lat' dir='ltr'>et</span> <span class='ocrx_word' id='word_1_194' title='bbox 1405 1768 1580 1824; x_wconf 86' lang='lat' dir='ltr'>placide</span> <span class='ocrx_word' id='word_1_195' title='bbox 1607 1783 1708 1812; x_wconf 89' lang='lat' dir='ltr'>sese</span> <span class='ocrx_word' id='word_1_196' title='bbox 1735 1767 1962 1810; x_wconf 88' lang='lat' dir='ltr'>mentibus</span> 
     </span>
     <span class='ocr_line' id='line_1_22' title="bbox 326 1844 1961 1903; baseline -0.001 -14"><span class='ocrx_word' id='word_1_197' title='bbox 326 1848 540 1899; x_wconf 89' lang='lat' dir='ltr'>insinuet,</span> <span class='ocrx_word' id='word_1_198' title='bbox 567 1847 770 1890; x_wconf 82' lang='lat' dir='ltr'>suauiter</span> <span class='ocrx_word' id='word_1_199' title='bbox 792 1855 916 1903; x_wconf 86' lang='lat' dir='ltr'>agat,</span> <span class='ocrx_word' id='word_1_200' title='bbox 943 1854 1097 1890; x_wconf 79' lang='lat' dir='ltr'>exerat</span> <span class='ocrx_word' id='word_1_201' title='bbox 1120 1846 1353 1889; x_wconf 89' lang='lat' dir='ltr'>charitatis</span> <span class='ocrx_word' id='word_1_202' title='bbox 1382 1847 1622 1890; x_wconf 82' lang='lat' dir='ltr'>feruorem.</span> <span class='ocrx_word' id='word_1_203' title='bbox 1653 1847 1709 1887; x_wconf 85' lang='lat' dir='ltr'>Et</span> <span class='ocrx_word' id='word_1_204' title='bbox 1732 1853 1780 1886; x_wconf 90' lang='lat' dir='ltr'>vt</span> <span class='ocrx_word' id='word_1_205' title='bbox 1812 1844 1961 1900; x_wconf 86' lang='lat' dir='ltr'>aliqua</span> 
     </span>
     <span class='ocr_line' id='line_1_23' title="bbox 327 1921 1961 1979; baseline -0.002 -13"><span class='ocrx_word' id='word_1_206' title='bbox 327 1925 547 1979; x_wconf 73' lang='lat' dir='ltr'>attingam</span> <span class='ocrx_word' id='word_1_207' title='bbox 573 1923 589 1947; x_wconf 78' lang='lat'>¹¹</span> <span class='ocrx_word' id='word_1_208' title='bbox 613 1939 785 1976; x_wconf 89' lang='lat' dir='ltr'>eorum,</span> <span class='ocrx_word' id='word_1_209' title='bbox 808 1938 923 1979; x_wconf 87' lang='lat' dir='ltr'>quae</span> <span class='ocrx_word' id='word_1_210' title='bbox 941 1939 997 1968; x_wconf 85' lang='lat' dir='ltr'>ex</span> <span class='ocrx_word' id='word_1_211' title='bbox 1018 1927 1068 1966; x_wconf 83' lang='lat' dir='ltr'>P.</span> <span class='ocrx_word' id='word_1_212' title='bbox 1092 1924 1268 1979; x_wconf 75' lang='lat' dir='ltr'>Ignatio</span> <span class='ocrx_word' id='word_1_213' title='bbox 1286 1923 1545 1966; x_wconf 89' lang='lat' dir='ltr'>audiuimus</span> <span class='ocrx_word' id='word_1_214' title='bbox 1568 1924 1625 1967; x_wconf 87' lang='lat' dir='ltr'>de</span> <span class='ocrx_word' id='word_1_215' title='bbox 1647 1925 1734 1965; x_wconf 92' lang='lat' dir='ltr'>hoc</span> <span class='ocrx_word' id='word_1_216' title='bbox 1758 1921 1961 1964; x_wconf 88' lang='lat' dir='ltr'>ministe—</span> 
     </span>
     <span class='ocr_line' id='line_1_24' title="bbox 330 2001 607 2054; baseline 0.004 -11"><span class='ocrx_word' id='word_1_217' title='bbox 330 2002 412 2054; x_wconf 86' lang='lat' dir='ltr'>rio,</span> <span class='ocrx_word' id='word_1_218' title='bbox 438 2001 607 2045; x_wconf 91' lang='lat' dir='ltr'>audite.</span> 
     </span>
    </p>

    <p class='ocr_par' dir='ltr' id='par_1_5' title="bbox 331 2076 2019 2905">
     <span class='ocr_line' id='line_1_25' title="bbox 419 2076 1963 2134; baseline -0.001 -14"><span class='ocrx_word' id='word_1_219' title='bbox 419 2080 555 2134; x_wconf 73' lang='lat' dir='ltr'>Quod</span> <span class='ocrx_word' id='word_1_220' title='bbox 587 2093 706 2120; x_wconf 92' lang='lat' dir='ltr'>nunc</span> <span class='ocrx_word' id='word_1_221' title='bbox 741 2078 961 2130; x_wconf 87' lang='lat' dir='ltr'>dicebam,</span> <span class='ocrx_word' id='word_1_222' title='bbox 997 2077 1110 2134; x_wconf 90' lang='lat' dir='ltr'>ipse,</span> <span class='ocrx_word' id='word_1_223' title='bbox 1146 2093 1234 2120; x_wconf 89' lang='lat' dir='ltr'>non</span> <span class='ocrx_word' id='word_1_224' title='bbox 1274 2079 1419 2120; x_wconf 79' lang='lat' dir='ltr'>solum</span> <span class='ocrx_word' id='word_1_225' title='bbox 1459 2078 1664 2120; x_wconf 86' lang='lat' dir='ltr'>tradebat</span> <span class='ocrx_word' id='word_1_226' title='bbox 1702 2077 1851 2132; x_wconf 90' lang='lat' dir='ltr'>plene,</span> <span class='ocrx_word' id='word_1_227' title='bbox 1884 2076 1963 2119; x_wconf 87' lang='lat' dir='ltr'>sed</span> 
     </span>
     <span class='ocr_line' id='line_1_26' title="bbox 331 2153 2011 2212; baseline -0.003 -13"><span class='ocrx_word' id='word_1_228' title='bbox 331 2157 497 2212; x_wconf 80' lang='lat' dir='ltr'>agebat</span> <span class='ocrx_word' id='word_1_229' title='bbox 520 2163 675 2199; x_wconf 85' lang='lat' dir='ltr'>exerto</span> <span class='ocrx_word' id='word_1_230' title='bbox 699 2156 893 2210; x_wconf 89' lang='lat' dir='ltr'>quodam</span> <span class='ocrx_word' id='word_1_231' title='bbox 913 2155 1077 2198; x_wconf 88' lang='lat' dir='ltr'>amoris</span> <span class='ocrx_word' id='word_1_232' title='bbox 1099 2156 1275 2199; x_wconf 89' lang='lat' dir='ltr'>feruore</span> <span class='ocrx_word' id='word_1_233' title='bbox 1292 2154 1423 2209; x_wconf 85' lang='lat' dir='ltr'>suaui</span> <span class='ocrx_word' id='word_1_234' title='bbox 1443 2154 1485 2196; x_wconf 92' lang='lat' dir='ltr'>in</span> <span class='ocrx_word' id='word_1_235' title='bbox 1505 2168 1626 2205; x_wconf 88' lang='lat' dir='ltr'>eum,</span> <span class='ocrx_word' id='word_1_236' title='bbox 1648 2168 1781 2208; x_wconf 89' lang='lat' dir='ltr'>quem</span> <span class='ocrx_word' id='word_1_237' title='bbox 1802 2153 1966 2195; x_wconf 86' lang='lat' dir='ltr'>iuuan—</span> <span class='ocrx_word' id='word_1_238' title='bbox 2007 2174 2011 2178; x_wconf 93' lang='lat'>·</span> 
     </span>
     <span class='ocr_line' id='line_1_27' title="bbox 333 2230 1966 2288; baseline -0.002 -13"><span class='ocrx_word' id='word_1_239' title='bbox 333 2235 439 2275; x_wconf 91' lang='lat' dir='ltr'>dum</span> <span class='ocrx_word' id='word_1_240' title='bbox 465 2233 740 2275; x_wconf 81' lang='lat' dir='ltr'>assumebat:</span> <span class='ocrx_word' id='word_1_241' title='bbox 768 2240 913 2274; x_wconf 90' lang='lat' dir='ltr'>totum</span> <span class='ocrx_word' id='word_1_242' title='bbox 936 2233 1034 2276; x_wconf 87' lang='lat' dir='ltr'>eius</span> <span class='ocrx_word' id='word_1_243' title='bbox 1057 2240 1218 2288; x_wconf 87' lang='lat' dir='ltr'>pectus</span> <span class='ocrx_word' id='word_1_244' title='bbox 1240 2232 1491 2286; x_wconf 88' lang='lat' dir='ltr'>occupabat</span> <span class='ocrx_word' id='word_1_245' title='bbox 1510 2239 1556 2273; x_wconf 88' lang='lat' dir='ltr'>et</span> <span class='ocrx_word' id='word_1_246' title='bbox 1578 2230 1793 2273; x_wconf 87' lang='lat' dir='ltr'>animum.</span> <span class='ocrx_word' id='word_1_247' title='bbox 1823 2231 1966 2272; x_wconf 83' lang='lat' dir='ltr'>Ama—</span> 
     </span>
     <span class='ocr_line' id='line_1_28' title="bbox 334 2308 2011 2364; baseline 0 -15"><span class='ocrx_word' id='word_1_248' title='bbox 334 2312 410 2353; x_wconf 89' lang='lat' dir='ltr'>bat</span> <span class='ocrx_word' id='word_1_249' title='bbox 434 2309 615 2364; x_wconf 87' lang='lat' dir='ltr'>quidem</span> <span class='ocrx_word' id='word_1_250' title='bbox 640 2309 685 2350; x_wconf 86' lang='lat' dir='ltr'>in</span> <span class='ocrx_word' id='word_1_251' title='bbox 709 2309 800 2362; x_wconf 89' lang='lat' dir='ltr'>illo,</span> <span class='ocrx_word' id='word_1_252' title='bbox 827 2310 1003 2352; x_wconf 85' lang='lat' dir='ltr'>etiamsi</span> <span class='ocrx_word' id='word_1_253' title='bbox 1026 2312 1161 2352; x_wconf 91' lang='lat' dir='ltr'>homo</span> <span class='ocrx_word' id='word_1_254' title='bbox 1184 2317 1304 2353; x_wconf 91' lang='lat' dir='ltr'>esset</span> <span class='ocrx_word' id='word_1_255' title='bbox 1321 2308 1720 2363; x_wconf 74' lang='lat' dir='ltr'>flagitiosissimus,</span> <span class='ocrx_word' id='word_1_256' title='bbox 1742 2314 1964 2359; x_wconf 90' lang='lat' dir='ltr'>naturam,</span> <span class='ocrx_word' id='word_1_257' title='bbox 2010 2345 2011 2349; x_wconf 75' lang='grc'>,</span> 
     </span>
     <span class='ocr_line' id='line_1_29' title="bbox 337 2384 1966 2441; baseline -0.001 -13"><span class='ocrx_word' id='word_1_258' title='bbox 337 2388 487 2438; x_wconf 86' lang='lat' dir='ltr'>fidem,</span> <span class='ocrx_word' id='word_1_259' title='bbox 513 2386 623 2428; x_wconf 88' lang='lat' dir='ltr'>alias</span> <span class='ocrx_word' id='word_1_260' title='bbox 646 2386 852 2438; x_wconf 87' lang='lat' dir='ltr'>virtutes,</span> <span class='ocrx_word' id='word_1_261' title='bbox 879 2387 914 2429; x_wconf 91' lang='lat' dir='ltr'>si</span> <span class='ocrx_word' id='word_1_262' title='bbox 945 2401 1058 2441; x_wconf 89' lang='lat' dir='ltr'>quas</span> <span class='ocrx_word' id='word_1_263' title='bbox 1087 2388 1283 2429; x_wconf 85' lang='lat' dir='ltr'>habebat</span> <span class='ocrx_word' id='word_1_264' title='bbox 1313 2387 1385 2429; x_wconf 93' lang='lat' dir='ltr'>vel</span> <span class='ocrx_word' id='word_1_265' title='bbox 1409 2400 1545 2440; x_wconf 87' lang='lat' dir='ltr'>opera</span> <span class='ocrx_word' id='word_1_266' title='bbox 1572 2387 1707 2435; x_wconf 89' lang='lat' dir='ltr'>bona,</span> <span class='ocrx_word' id='word_1_267' title='bbox 1740 2384 1869 2439; x_wconf 82' lang='lat' dir='ltr'>siqua</span> <span class='ocrx_word' id='word_1_268' title='bbox 1896 2385 1966 2427; x_wconf 79' lang='lat' dir='ltr'>vel</span> 
     </span>
     <span class='ocr_line' id='line_1_30' title="bbox 336 2448 2019 2519; baseline -0.002 -13"><span class='ocrx_word' id='word_1_269' title='bbox 336 2463 570 2507; x_wconf 83' lang='lat' dir='ltr'>habuisset</span> <span class='ocrx_word' id='word_1_270' title='bbox 592 2463 851 2518; x_wconf 70' lang='lat' dir='ltr'>aliquando,</span> <span class='ocrx_word' id='word_1_271' title='bbox 893 2472 937 2506; x_wconf 89' lang='lat' dir='ltr'>et</span> <span class='ocrx_word' id='word_1_272' title='bbox 966 2479 1019 2507; x_wconf 90' lang='lat' dir='ltr'>ea</span> <span class='ocrx_word' id='word_1_273' title='bbox 1047 2477 1096 2506; x_wconf 84' lang='lat' dir='ltr'>se</span> <span class='ocrx_word' id='word_1_274' title='bbox 1125 2465 1315 2519; x_wconf 85' lang='lat' dir='ltr'>probare</span> <span class='ocrx_word' id='word_1_275' title='bbox 1344 2462 1649 2517; x_wconf 82' lang='lat' dir='ltr'>significabat,</span> <span class='ocrx_word' id='word_1_276' title='bbox 1682 2461 1970 2516; x_wconf 87' lang='lat' dir='ltr'>praedicabat</span> <span class='ocrx_word' id='word_1_277' title='bbox 1988 2448 2019 2519; x_wconf 34' lang='lat'>&#39;⁴</span> 
     </span>
     <span class='ocr_line' id='line_1_31' title="bbox 338 2540 1970 2597; baseline -0.003 -12"><span class='ocrx_word' id='word_1_278' title='bbox 338 2543 472 2586; x_wconf 88' lang='lat' dir='ltr'>etiarn</span> <span class='ocrx_word' id='word_1_279' title='bbox 497 2549 715 2585; x_wconf 83' lang='lat' dir='ltr'>amanter.</span> <span class='ocrx_word' id='word_1_280' title='bbox 749 2540 1071 2597; x_wconf 85' lang='lat' dir='ltr'>Coniungebat</span> <span class='ocrx_word' id='word_1_281' title='bbox 1100 2542 1245 2584; x_wconf 86' lang='lat' dir='ltr'>zelum</span> <span class='ocrx_word' id='word_1_282' title='bbox 1275 2541 1433 2584; x_wconf 79' lang='lat' dir='ltr'>salutis</span> <span class='ocrx_word' id='word_1_283' title='bbox 1463 2540 1581 2582; x_wconf 83' lang='lat' dir='ltr'>illius</span> <span class='ocrx_word' id='word_1_284' title='bbox 1609 2540 1785 2582; x_wconf 88' lang='lat' dir='ltr'>animae</span> <span class='ocrx_word' id='word_1_285' title='bbox 1813 2547 1970 2581; x_wconf 87' lang='lat' dir='ltr'>contra</span> 
     </span>
     <span class='ocr_line' id='line_1_32' title="bbox 339 2618 2009 2674; baseline -0.003 -12"><span class='ocrx_word' id='word_1_286' title='bbox 339 2619 506 2671; x_wconf 88' lang='lat' dir='ltr'>omnia,</span> <span class='ocrx_word' id='word_1_287' title='bbox 534 2633 651 2673; x_wconf 90' lang='lat' dir='ltr'>quae</span> <span class='ocrx_word' id='word_1_288' title='bbox 682 2618 915 2661; x_wconf 82' lang='lat' dir='ltr'>aduersari</span> <span class='ocrx_word' id='word_1_289' title='bbox 945 2625 1168 2673; x_wconf 70' lang='lat' dir='ltr'>poterant,</span> <span class='ocrx_word' id='word_1_290' title='bbox 1204 2618 1468 2673; x_wconf 85' lang='lat' dir='ltr'>praesertim</span> <span class='ocrx_word' id='word_1_291' title='bbox 1499 2626 1656 2659; x_wconf 91' lang='lat' dir='ltr'>contra</span> <span class='ocrx_word' id='word_1_292' title='bbox 1684 2619 1968 2668; x_wconf 87' lang='lat' dir='ltr'>daemonem,</span> <span class='ocrx_word' id='word_1_293' title='bbox 2008 2668 2009 2674; x_wconf 17' lang='lat'>¹</span> 
     </span>
     <span class='ocr_line' id='line_1_33' title="bbox 343 2691 1971 2749; baseline -0.003 -12"><span class='ocrx_word' id='word_1_294' title='bbox 343 2696 553 2739; x_wconf 72' lang='lat' dir='ltr'>vitiorum</span> <span class='ocrx_word' id='word_1_295' title='bbox 578 2694 777 2738; x_wconf 90' lang='lat' dir='ltr'>omnium</span> <span class='ocrx_word' id='word_1_296' title='bbox 804 2703 1034 2738; x_wconf 88' lang='lat' dir='ltr'>auctorem</span> <span class='ocrx_word' id='word_1_297' title='bbox 1059 2703 1194 2749; x_wconf 90' lang='lat' dir='ltr'>atque</span> <span class='ocrx_word' id='word_1_298' title='bbox 1217 2694 1518 2737; x_wconf 85' lang='lat' dir='ltr'>incitatorem.</span> <span class='ocrx_word' id='word_1_299' title='bbox 1551 2694 1757 2736; x_wconf 88' lang='lat' dir='ltr'>Docebat</span> <span class='ocrx_word' id='word_1_300' title='bbox 1796 2702 1842 2734; x_wconf 94' lang='lat' dir='ltr'>vt</span> <span class='ocrx_word' id='word_1_301' title='bbox 1875 2691 1971 2734; x_wconf 89' lang='lat' dir='ltr'>ani-</span> 
     </span>
     <span class='ocr_line' id='line_1_34' title="bbox 344 2768 1972 2826; baseline -0.002 -12"><span class='ocrx_word' id='word_1_302' title='bbox 344 2774 708 2816; x_wconf 90' lang='lat' dir='ltr'>maduerteretur</span> <span class='ocrx_word' id='word_1_303' title='bbox 731 2771 852 2826; x_wconf 91' lang='lat' dir='ltr'>quali</span> <span class='ocrx_word' id='word_1_304' title='bbox 881 2771 954 2814; x_wconf 93' lang='lat' dir='ltr'>ille</span> <span class='ocrx_word' id='word_1_305' title='bbox 983 2771 1242 2813; x_wconf 88' lang='lat' dir='ltr'>conditione</span> <span class='ocrx_word' id='word_1_306' title='bbox 1265 2770 1440 2813; x_wconf 89' lang='lat' dir='ltr'>viueret</span> <span class='ocrx_word' id='word_1_307' title='bbox 1462 2778 1507 2813; x_wconf 94' lang='lat' dir='ltr'>et</span> <span class='ocrx_word' id='word_1_308' title='bbox 1529 2770 1732 2821; x_wconf 85' lang='lat' dir='ltr'>vixisset,</span> <span class='ocrx_word' id='word_1_309' title='bbox 1759 2768 1879 2824; x_wconf 91' lang='lat' dir='ltr'>quali</span> <span class='ocrx_word' id='word_1_310' title='bbox 1902 2768 1972 2810; x_wconf 91' lang='lat' dir='ltr'>in-</span> 
     </span>
     <span class='ocr_line' id='line_1_35' title="bbox 345 2845 1971 2905; baseline -0.004 -13"><span class='ocrx_word' id='word_1_311' title='bbox 345 2849 504 2905; x_wconf 73' lang='lat' dir='ltr'>genio,</span> <span class='ocrx_word' id='word_1_312' title='bbox 546 2863 635 2905; x_wconf 92' lang='lat' dir='ltr'>qua</span> <span class='ocrx_word' id='word_1_313' title='bbox 674 2848 878 2903; x_wconf 85' lang='lat' dir='ltr'>corporis</span> <span class='ocrx_word' id='word_1_314' title='bbox 921 2848 1254 2902; x_wconf 83' lang='lat' dir='ltr'>complexione,</span> <span class='ocrx_word' id='word_1_315' title='bbox 1294 2847 1339 2888; x_wconf 90' lang='lat' dir='ltr'>id</span> <span class='ocrx_word' id='word_1_316' title='bbox 1376 2856 1463 2898; x_wconf 89' lang='lat' dir='ltr'>est,</span> <span class='ocrx_word' id='word_1_317' title='bbox 1504 2861 1612 2889; x_wconf 88' lang='lat' dir='ltr'>num</span> <span class='ocrx_word' id='word_1_318' title='bbox 1654 2845 1878 2890; x_wconf 89' lang='lat' dir='ltr'>colericus</span> <span class='ocrx_word' id='word_1_319' title='bbox 1915 2859 1971 2887; x_wconf 92' lang='lat' dir='ltr'>an</span> 
     </span>
    </p>
   </div>
   <div class='ocr_carea' id='block_1_3' title="bbox 347 2924 2028 3061">
    <p class='ocr_par' dir='ltr' id='par_1_6' title="bbox 347 2924 2028 3061">
     <span class='ocr_line' id='line_1_36' title="bbox 416 2924 2028 3001; baseline -0.003 -11"><span class='ocrx_word' id='word_1_320' title='bbox 416 2967 431 2981; x_wconf 53' lang='grc' dir='ltr'><strong>κ</strong></span> <span class='ocrx_word' id='word_1_321' title='bbox 485 2956 597 3000; x_wconf 80' lang='lat' dir='ltr'>Quae</span> <span class='ocrx_word' id='word_1_322' title='bbox 619 2953 870 3001; x_wconf 88' lang='lat' dir='ltr'>praecedunt,</span> <span class='ocrx_word' id='word_1_323' title='bbox 892 2953 1003 2988; x_wconf 81' lang='lat' dir='ltr'>valde</span> <span class='ocrx_word' id='word_1_324' title='bbox 1023 2954 1186 2988; x_wconf 84' lang='lat' dir='ltr'>obscure</span> <span class='ocrx_word' id='word_1_325' title='bbox 1202 2959 1290 2987; x_wconf 84' lang='lat' dir='ltr'>sunt</span> <span class='ocrx_word' id='word_1_326' title='bbox 1310 2957 1453 2987; x_wconf 87' lang='lat' dir='ltr'>notata.</span> <span class='ocrx_word' id='word_1_327' title='bbox 1508 2954 1574 2980; x_wconf 82' lang='lat' dir='ltr'>—b</span> <span class='ocrx_word' id='word_1_328' title='bbox 1595 2953 1692 2987; x_wconf 86' lang='lat' dir='ltr'>Hoc.</span> <span class='ocrx_word' id='word_1_329' title='bbox 1711 2953 1818 2986; x_wconf 87' lang='lat' dir='ltr'>verb.</span> <span class='ocrx_word' id='word_1_330' title='bbox 1838 2951 1974 2998; x_wconf 87' lang='lat' dir='ltr'>imper·</span> <span class='ocrx_word' id='word_1_331' title='bbox 1987 2924 2007 2985; x_wconf 55' lang='lat'>.&#39;&#39;</span> <span class='ocrx_word' id='word_1_332' title='bbox 2027 2976 2028 3000; x_wconf 78' lang='lat'>1</span> 
     </span>
     <span class='ocr_line' id='line_1_37' title="bbox 347 3013 778 3061; baseline -0.002 -13"><span class='ocrx_word' id='word_1_333' title='bbox 347 3015 492 3049; x_wconf 80' lang='lat' dir='ltr'>sectum</span> <span class='ocrx_word' id='word_1_334' title='bbox 512 3013 669 3061; x_wconf 89' lang='lat' dir='ltr'>reliquit</span> <span class='ocrx_word' id='word_1_335' title='bbox 690 3014 778 3048; x_wconf 87' lang='lat' dir='ltr'>Nat.</span> 
     </span>
    </p>
   </div>
  </div>
 </body>
</html>
