2028 3426
685 194 1109 232 INSTRUCTIONES—Gl
1594 202 1660 238 491

180 303 254 344 An
277 314 430 343 curam
454 300 649 342 habeant
672 297 932 354 disciplinae
954 304 998 340 et
1020 298 1241 339 bonorum
1265 309 1440 337 morum
1470 294 1514 336 in
1546 296 1710 337 classe?

180 379 254 420 An
277 379 385 420 dent
407 390 604 432 operam,
631 382 678 416 vt
701 374 959 417 scholastici
981 373 1164 429 regulas
1186 387 1211 415 a
1233 371 1458 416 Societate
1476 371 1710 426 impositas

88 455 334 500 obseruent
349 487 358 505 ,
399 452 516 495 sicut
553 452 611 508 de
646 450 933 494 confessione
971 449 1161 506 singulis
1203 447 1436 492 mensibus
1478 447 1682 490 facienda
1698 480 1707 498 ,

91 531 313 574 audienda
337 530 489 581 missa,
515 528 755 572 concione?

179 609 251 650 An
277 614 454 659 curent,
480 614 528 648 vt
550 605 819 649 lectionibus
843 604 1022 647 assidue
1044 602 1268 653 intersint,
1288 605 1371 646 364
1394 608 1438 644 et
1456 600 1530 641 vbi
1550 601 1709 642 abfue-

90 684 195 735 rint,
221 699 278 726 an
301 691 509 739 parentes
532 683 828 725 admoneant?

180 761 253 803 An
288 759 478 802 studiosi
510 759 599 801 sint
632 758 922 813 promotionis
955 756 1276 812 discipulorum
1309 754 1352 796 in
1386 753 1516 795 bonis
1548 752 1709 803 literis,

91 837 203 880 nihil
225 836 472 879 omittendo
494 850 668 887 eorum,
699 849 813 889 quae
841 835 897 876 ad
926 833 1139 877 exercitia
1168 830 1436 874 scholastica
1465 829 1711 886 pertinent?

178 914 253 956 An
276 914 384 955 dent
408 927 590 968 operam
613 911 927 967 particularem
956 908 1163 952 iuuandis
1186 908 1255 960 iis,
1288 907 1480 950 maxime
1512 920 1625 961 quos
1656 906 1711 947 ad

91 990 361 1035 Societatem
386 996 636 1045 agnoscant
657 989 857 1039 idoneos,
883 994 928 1029 et
950 1002 1037 1043 qua
1059 985 1326 1028 dexteritate
1354 991 1554 1034 Vtamur,
1587 990 1631 1025 et
1655 997 1710 1023 an

89 1067 264 1122 aliquos
287 1066 507 1110 excitatos
530 1065 742 1108 nouerint
764 1073 809 1108 et
831 1079 920 1120 quo
942 1065 1093 1119 pacto?

179 1145 251 1187 An
277 1143 494 1186 rationem
518 1143 706 1185 reddant
729 1141 946 1198 superiori
969 1141 1038 1184 vel
1061 1142 1288 1196 praefecto
1317 1153 1501 1182 suorum
1532 1136 1711 1180 audito-

91 1235 190 1264 rum
214 1229 259 1263 et
281 1219 350 1262 sui
373 1219 511 1262 totius
533 1218 751 1262 muneris?

181 1298 256 1339 An
279 1311 328 1340 se
350 1295 545 1340 sentiant
567 1295 728 1351 spiritu
749 1293 1021 1346 debilitatos,
1046 1301 1230 1349 propter
1257 1290 1551 1334 illud‘classis
1580 1304 1709 1333 exer—

91 1374 264 1426 citium,
290 1380 335 1416 et
357 1373 505 1416 studia
527 1372 778 1415 literarum?

399 1497 852 1527 INTERROGATIONES
887 1497 976 1526 PRO
1012 1494 1352 1525 SCHOLASTICIS
1389 1481 1399 1501 ¹

179 1601 359 1657 Quibus
381 1601 541 1644 studiis
563 1616 745 1657 operam
767 1600 891 1642 dedit
912 1607 1015 1655 post
1037 1599 1290 1655 proximum
1313 1599 1521 1643 examen?

179 1680 330 1733 Quam
352 1692 512 1720 sanum
536 1692 584 1720 se
606 1677 742 1720 sentit
764 1677 811 1719 in
832 1676 1060 1721 literarum
1083 1675 1264 1718 studiis?

178 1757 327 1810 Quam
352 1769 623 1811 propensum
646 1769 694 1797 se
717 1753 882 1797 sentiat
904 1754 960 1796 ad
983 1752 1130 1796 studia
1151 1760 1196 1796 et
1218 1753 1275 1795 ad
1297 1765 1413 1807 quae
1437 1751 1601 1807 magis?

177 1833 327 1888 Quam
350 1839 482 1887 aptus
504 1831 589 1874 sibi
612 1831 820 1874 videatur
842 1832 898 1874 ad
925 1831 1014 1884 illa,
1049 1838 1094 1873 et
1126 1834 1206 1876 365
1239 1830 1295 1873 ad
1317 1844 1433 1884 quae
1467 1828 1629 1884 magis,
1665 1836 1710 1870 et

86 1923 223 1963 quam
247 1908 394 1952 foelici
416 1908 629 1951 memoria
651 1915 695 1949 et
724 1907 909 1964 ingenio
931 1906 1181 1963 praeditus?

178 1986 406 2040 Quantam
420 1984 791 2040 progressionem
815 1984 976 2028 fecisse
998 1982 1083 2026 sibi
1106 1983 1314 2027 videatur
1335 1982 1381 2024 in
1405 1981 1581 2034 studiis,
1603 1989 1647 2024 et
1665 1981 1710 2022 in

89 2061 254 2117 quibus
276 2061 510 2106 maiorem?

179 2140 254 2182 An
276 2139 332 2180 ad
354 2138 546 2193 aliquem
570 2138 763 2193 gradum
786 2144 1022 2192 promotus
1043 2144 1061 2161 ³
1082 2135 1218 2181 fuerit
1239 2136 1627 2187 baccalaureatus,
1653 2134 1709 2176 li—

87 2215 374 2259 centiatusue
396 2215 645 2271 magisterii
666 2222 744 2257 aut
766 2214 1047 2258 doctoratus?

176 2292 250 2335 An
287 2292 347 2335 ita
383 2292 440 2335 sit
477 2286 739 2336 indifferens
776 2291 821 2334 in
858 2291 1034 2344 studiis,
1074 2306 1320 2346 eorumque
1358 2290 1546 2341 ratione,
1582 2296 1630 2331 vt
1663 2289 1709 2330 in

88 2369 297 2412 omnibus
319 2368 436 2411 sinat
459 2383 506 2411 se
528 2370 584 2412 ab
608 2368 867 2413 obedientia
889 2368 1156 2425 gubernari?

177 2447 282 2500 Quo
314 2445 372 2488 sit
404 2445 551 2488 animo
585 2446 640 2488 ad
673 2447 1053 2501 perseuerandum
1086 2445 1132 2487 in
1161 2444 1438 2500 quibuslibet
1467 2442 1628 2486 studiis
1652 2443 1707 2483 ab

14 2519 20 2570 ’ζ
86 2521 345 2565 obedientia
366 2521 599 2565 iniunctis?

177 2599 252 2641 An
274 2605 458 2654 paratus
479 2598 536 2640 sit
564 2598 716 2641 subire
743 2598 936 2643 docendi
965 2612 1131 2641 munus
1159 2610 1431 2653 quacunque
1460 2595 1505 2636 in
1535 2594 1706 2643 schola,

160 2784 177 2801 a
221 2777 428 2820 permotus
446 2786 518 2810 ms.

160 2934 168 2954 ¹
222 2934 334 2970 Edita
351 2941 411 2970 est
429 2936 522 2971 haec
540 2936 701 2971 formula
720 2936 758 2971 in
773 2935 900 2981 Epist.
923 2936 970 2971 P.
990 2935 1140 2974 Nadal‚
1166 2932 1197 2978 Ι,
1220 2932 1302 2977 7933
1323 2931 1390 2968 sed
1417 2931 1544 2977 aliqua
1562 2934 1707 2964 mutata

90 2997 180 3027 sunt
199 2999 237 3030 et
253 2993 328 3028 duo
346 2994 667 3040 interrogationes
686 2995 733 3030 ad
750 2996 895 3030 calcem
914 2995 1027 3039 hujus
1045 2993 1212 3030 additae.
