2028 3426
320 225 391 261 240
792 219 947 254 Pauus
974 218 1216 253 Hissnorwnn
1243 217 1395 253 NADAL

272 317 416 370 uium,
448 318 534 361 nisi
565 319 690 375 prius
717 319 931 375 petiuerit
959 327 1004 362 et
1033 317 1259 374 acceperit
1291 333 1550 375 expressam
1590 320 1850 364 facultatem
1888 336 1914 365 a

273 402 468 446 rectore,
490 396 565 451 qui
585 411 683 439 eam
703 397 955 440 concedere
972 395 1154 451 poterit,
1174 402 1401 449 quatenus
1418 395 1463 438 in
1482 397 1679 440 Domino
1702 397 1915 453 expedire

273 470 560 524 iudicauerit;
594 474 673 516 sed
702 473 873 515 socium
907 480 1056 515 tamen
1087 471 1323 527 adiungat,
1357 472 1434 527 qui
1461 487 1565 516 cum
1595 473 1915 518 aedificatione

274 547 493 593 interesse
516 549 657 605 possit
680 549 911 601 conuiuio,
940 564 1017 604 per
1040 549 1162 603 quod
1185 563 1276 591 non
1305 563 1463 602 coena,
1494 551 1575 593 sed
1602 551 1747 594 solum
1778 566 1913 607 pran—

271 624 395 667 dium
421 625 768 681 intelligendum
797 625 993 668 uidetur.

362 703 481 745 Nulli
519 703 700 745 dabitur
739 704 950 755 facultas,
985 710 1033 745 ut
1071 710 1144 746 eat
1177 703 1233 746 ad
1271 698 1538 746 conuiuium
1578 704 1784 760 aliquod,
1828 704 1913 748 nisi

271 779 401 833 plane
428 780 632 822 uideatur
655 780 816 834 aliquis
839 780 1084 835 spiritualis
1113 781 1289 823 fructus
1320 794 1453 836 posse
1482 781 1653 834 referri;
1686 789 1731 825 et
1762 789 1913 827 tamen

270 856 325 897 ad
349 857 469 898 solas
493 857 701 899 mulieres
726 871 958 912 nunquam
984 857 1129 908 ibunt,
1156 856 1241 899 nisi
1263 857 1320 900 ad
1343 858 1462 900 solas
1484 858 1709 911 duxissas,
1737 858 1774 902 si
1805 873 1912 902 con-

272 931 469 987 tingeret
493 941 670 976 nostros
693 935 748 976 ab
773 933 859 976 illis
881 933 1080 976 inuitari.

360 1011 432 1052 Ad
457 1009 577 1053 uiros
601 1025 655 1053 ne
678 1018 799 1063 eant,
827 1011 911 1053 nisi
935 1010 996 1052 illi
1019 1018 1171 1055 essent
1194 1011 1408 1074 primarii,
1441 1011 1608 1055 iudicio
1643 1012 1910 1069 superioris,

270 1093 313 1129 et
337 1087 529 1129 sciretur
548 1090 642 1130 fore
666 1088 930 1130 conuiuium
954 1088 1172 1131 sobrium.

358 1164 406 1205 In
430 1164 642 1207 omuiuio
660 1165 770 1207 nulli
791 1165 965 1208 mulieri
986 1165 1267 1221 praebibant,
1289 1180 1373 1210 nec
1391 1166 1481 1209 cibi
1498 1174 1672 1222 partem
1691 1168 1905 1221 offerant3

268 1240 303 1281 si
339 1248 486 1284 tamen
522 1241 681 1285 mulier
710 1242 859 1297 aliqua
889 1242 1053 1285 nostris
1085 1242 1343 1299 praebibat,
1385 1245 1690 1300 respondeant
1732 1252 1909 1288 tantum

270 1318 467 1361 duxissis
490 1326 522 1361 ³.

357 1395 476 1438 Viris
499 1397 772 1451 respondere
794 1404 1001 1453 possunt,
1027 1397 1108 1441 sed
1131 1412 1364 1453 nunquam
1387 1399 1444 1441 ad
1474 1399 1686 1453 aequales
1719 1400 1912 1443 haustus

267 1486 414 1527 neque
444 1472 814 1529 intemperanter:
846 1482 890 1516 et
921 1474 1104 1517 omnino
1137 1489 1369 1530 nunquam
1401 1477 1586 1518 modum
1618 1475 1802 1520 uirtutis
1833 1491 1910 1520 ex-

266 1550 430 1591 cedant
453 1549 496 1591 in
521 1559 631 1606 potu
657 1552 729 1594 uel
751 1551 870 1594 cibo,
899 1553 1097 1594 Possunt
1120 1551 1255 1595 etiam
1276 1551 1384 1595 uiris
1407 1552 1673 1608 praebibere
1702 1561 1747 1597 et
1773 1568 1909 1610 prae-

268 1625 495 1679 scindere,
521 1628 601 1671 sed
626 1642 726 1670 raro
748 1636 794 1671 et
815 1627 945 1672 raris.

356 1704 599 1758 Nunquam
623 1705 902 1761 transigatur
925 1712 1070 1748 totum
1094 1706 1358 1750 conuiuium
1381 1707 1619 1750 inutilibus
1651 1707 1908 1762 colloquiis,

265 1786 309 1821 et
333 1794 450 1822 uana
473 1781 657 1823 omnino
682 1781 899 1835 uitentur,
926 1791 1147 1838 quantum
1171 1783 1217 1826 in
1241 1783 1349 1840 ipsis
1373 1784 1472 1828 erit.
1500 1786 1622 1828 Dent
1653 1799 1762 1828 uero
1796 1799 1908 1840 ope-

266 1872 357 1899 ram
391 1864 441 1899 ut
470 1872 662 1914 semper,
696 1866 882 1915 accepta
912 1859 1063 1916 aliqua
1091 1861 1345 1913 occasione,
1378 1847 1546 1916 aliquid
1575 1861 1743 1914 dicant,
1776 1862 1900 1917 quod

266 1933 544 1989 spiritualem
584 1944 629 1980 et
666 1935 965 1980 christianum
1003 1938 1256 1994 profectum
1295 1953 1468 1990 eorum,
1502 1954 1578 1995 qui
1609 1940 1903 1991 accumbunt,

267 2010 423 2054 iuuare
447 2012 604 2068 possit.

354 2089 483 2132 Haec
506 2103 608 2132 curn
632 2090 693 2134 ita
716 2091 823 2144 sint,
849 2106 938 2133 non
965 2100 1115 2136 tamen
1139 2092 1324 2136 tetricos
1352 2108 1400 2136 se
1428 2093 1672 2136 exhibeant
1701 2094 1774 2137 uel
1804 2107 1905 2136 mo-

266 2179 390 2208 rosos
413 2166 456 2207 in
480 2167 710 2220 conuiuio,
737 2169 817 2212 sed
840 2168 1052 2224 religiose
1076 2169 1242 2212 hilares
1264 2178 1309 2213 et
1331 2169 1570 2213 iucundos.

353 2242 572 2285 Seruetur
595 2245 769 2300 regula,
796 2258 912 2300 quae
941 2247 1162 2288 hactenus
1191 2254 1259 2288 est
1288 2254 1469 2290 seruata
1498 2247 1544 2290 in
1574 2247 1818 2300 Societate,
1854 2257 1904 2290 ut

266 2319 414 2361 nullus
437 2321 569 2362 domo
594 2329 725 2365 exeat
747 2323 920 2377 absque
944 2323 1083 2376 socio,
1110 2337 1244 2378 quern
1268 2324 1308 2366 ei
1332 2324 1589 2367 adiunxerit
1612 2324 1834 2381 superior,
1861 2332 1906 2368 et

265 2394 384 2438 (licat
408 2398 626 2452 superiori
652 2413 742 2454 quo
765 2407 945 2452 exeant,
972 2411 1016 2444 et
1040 2414 1129 2455 qua
1151 2401 1208 2443 de
1231 2415 1383 2444 causa.

356 2474 424 2515 De
449 2475 715 2518 mulieribus
737 2483 946 2520 seruetur
969 2478 1203 2521 decretum
1230 2477 1378 2520 Patris
1401 2479 1628 2534 generalis
1651 2479 1681 2522 b.

352 2551 515 2594 Nullus
537 2566 562 2594 e
585 2552 754 2595 nostris
777 2554 940 2596 offerat
963 2555 1177 2597 haustum
1200 2562 1404 2607 externo,
1426 2556 1791 2611 quandoquidem
1812 2571 1903 2599 non

264 2635 426 2681 potest3
454 2628 489 2670 si
514 2628 647 2671 alicui
673 2636 824 2674 tamen
847 2630 1081 2675 videretur
1104 2631 1385 2675 conueniens
1409 2647 1508 2676 esse
1527 2641 1577 2675 ut
1601 2633 1763 2689 aliquis
1786 2632 1902 2676 inui-

267 2711 387 2745 tetur
409 2705 464 2746 ad
489 2706 722 2759 haustum,
748 2707 914 2762 poterit
943 2707 980 2750 is
1012 2723 1091 2764 per
1120 2722 1169 2751 se
1199 2709 1272 2751 uel
1302 2708 1439 2751 alium
1471 2709 1515 2751 id
1544 2709 1802 2766 significare
1831 2723 1903 2753 re-

265 2780 394 2833 ctori,
417 2781 493 2835 qui
517 2781 735 2824 iudicabit
758 2798 813 2826 an
837 2784 945 2828 dare
967 2785 1232 2838 conueniat,
1259 2799 1417 2830 necne.

336 2974 351 2989 ³
386 2964 492 2999 Haec
511 2976 666 3011 paragr.
691 2967 898 3002 obliterata
918 2973 979 3003 est
997 2968 1035 3003 in
1055 2980 1126 3006 ms.
1193 2970 1258 2996 —b
1285 2967 1396 3013 Quae
1415 2974 1632 3016 sequuntur
1651 2970 1843 3005 habentur
1863 2968 1902 3006 in

266 3020 332 3058 fol.
355 3030 398 3065 45
419 3028 458 3057 et
478 3023 536 3066 46.
