2028 3426
668 195 1005 230 INSTRUCTJONES
1019 215 1043 219 —
1055 193 1096 228 61
1578 200 1643 236 421

33 309 38 312 ·
74 304 230 340 center
252 295 364 347 fieri,
391 296 554 338 referat
577 296 633 338 ad
656 295 925 348 ministrum,
951 295 1044 350 qui,
1076 295 1113 337 si
1140 294 1186 337 in
1214 297 1300 336 hoc
1328 294 1536 337 habuerit
1567 308 1687 336 com-

75 372 360 424 missionem,‘
375 371 498 414 dabit
520 371 835 427 poenitentias3
861 372 930 415 sin
953 371 1119 424 minus,
1146 378 1345 415 recurret
1367 371 1424 412 ad
1453 377 1688 414 rectorem.

159 451 228 492 De
250 449 503 492 defectibus
526 448 872 504 particularibus
897 450 1099 501 fratrum,
1120 448 1196 503 qui
1213 448 1418 491 sciuntur
1436 454 1563 490 extra
1582 461 1693 489 con-

71 525 323 578 fessionem,
365 525 498 569 etiam
536 525 573 567 si
605 525 695 567 sint
731 526 909 577 secreti,
941 526 1210 581 superiores,
1243 524 1686 580 superintendentes,

66 602 255 653 scilicet,
282 610 444 654 rector,
471 602 690 653 minister,
715 610 904 658 possunt
926 603 1041 645 inter
1070 618 1118 646 se
1147 609 1341 645 tractare
1370 608 1415 645 et
1444 615 1546 643 cum
1580 615 1691 643 con-

73 678 272 729 fessario,
305 686 353 720 vt
381 678 508 722 iuuet
537 693 629 729 eos,
671 686 716 721 et
749 680 899 721 nullus
931 681 987 723 de
1018 679 1088 721 his
1120 685 1282 722 tractet
1319 692 1422 720 cum
1454 677 1569 730 aliis,
1606 677 1691 719 nisi

69 754 462 797 manifestissimus
485 757 660 797 fructus
683 755 786 797 inde
807 763 1079 810 speraretur.
1105 756 1220 798 Cum
1245 769 1518 809 quocunque
1541 761 1691 797 tamen

67 831 126 875 de
147 831 335 875 secretis
358 831 611 875 defectibus
634 839 813 887 agatur,
849 833 893 874 id
922 833 999 875 fiat
1027 839 1214 876 secrete.
1247 834 1317 875 De
1344 831 1451 896 aliis·
1470 845 1578 873 vero
1611 831 1690 873 de-

70 908 279 960 fectibus,
306 908 381 962 qui
412 923 501 950 non
531 915 638 950 sunt
669 909 979 964 particulares,
1020 910 1098 952 sed
1134 922 1397 951 communes
1426 908 1688 958 multorum,

69 992 119 1027 vt
141 985 344 1028 remissio
367 985 696 1028 obseruationis
718 985 907 1028 alicuius
929 987 1129 1041 regulae,
1155 987 1227 1028 vel
1249 985 1398 1041 aliqua
1428 984 1503 1029 138
1525 984 1691 1039 imper-

68 1061 222 1113 fectio,
247 1055 317 1104 vel
340 1061 644 1105 inobedientia
666 1063 917 1105 communis
940 1062 1208 1118 aliquorum,
1230 1069 1434 1118 possunt,
1454 1061 1592 1103 immo
1610 1062 1691 1104 de-

24 1193 30 1196 ·
69 1139 192 1190 bent,
220 1146 410 1181 tractare
432 1145 478 1180 et
498 1138 614 1180 inter
637 1153 685 1182 se
707 1139 976 1194 superiores,
1002 1146 1047 1181 et
1069 1153 1170 1181 curn
1194 1138 1296 1190 illis,
1322 1138 1399 1193 qui
1427 1137 1472 1180 in
1501 1138 1599 1180 illos
1628 1137 1692 1179 in-

68 1214 308 1266 currerint,
330 1222 374 1257 et
391 1212 496 1257 cum
513 1215 610 1257 aliis
628 1214 802 1257 facilius
819 1216 972 1271 longe.
992 1217 1065 1258 An
1085 1223 1234 1258 tamen
1252 1214 1433 1270 publice
1450 1214 1540 1257 sint
1557 1214 1690 1258 etiam

68 1294 114 1334 in
144 1291 500 1347 congregatione
530 1293 717 1334 fratrum
748 1293 861 1334 haec
891 1293 1276 1347 reprehendenda,
1311 1292 1558 1346 perpendet
1585 1305 1691 1346 pro-

70 1368 276 1410 uidenter
298 1376 460 1410 rector.
488 1369 604 1411 Nam
626 1368 702 1409 vbi
731 1368 1011 1423 perturbatio
1040 1375 1252 1410 secutura
1284 1367 1434 1423 potius
1463 1367 1692 1410 videretur

66 1459 201 1499 quarn
229 1445 417 1496 fructus,
443 1452 564 1487 esset
586 1444 660 1487 illa
688 1445 868 1500 publica
905 1445 1255 1500 reprehensione
1284 1445 1688 1499 supersedendum,

65 1528 111 1563 et
141 1522 369 1577 agendum
398 1521 455 1565 de
492 1521 702 1563 remediis
740 1521 853 1571 aliis.
896 1523 996 1564 Hoc
1035 1521 1152 1565 enim
1191 1521 1476 1576 intelligitur,
1516 1521 1692 1564 etiamsi

66 1599 271 1642 defectus
293 1598 382 1640 sint
405 1597 631 1652 aliquibus
653 1598 832 1653 publice
856 1612 1132 1650 communes3
1159 1605 1326 1649 tamen,
1347 1597 1383 1639 si
1401 1597 1567 1652 alioqui
1586 1604 1691 1640 sunt

51 1674 246 1725 secreti,
272 1689 327 1717 ne
350 1674 655 1729 publicentur,
682 1674 766 1716 nisi
789 1689 871 1717 suo
894 1674 1051 1717 ordine
1074 1682 1119 1716 et
1139 1675 1254 1717 loco.

154 1750 410 1806 Diligenter
438 1750 821 1794 animaduertatur
859 1752 1014 1806 quales
1050 1751 1236 1793 comites
1273 1751 1580 1806 adiungantur
1617 1750 1686 1802 iis,

67 1826 144 1882 qui
161 1827 399 1869 mittuntur
417 1827 464 1869 in
483 1827 664 1882 aliquod
681 1827 996 1879 ministerium,
1017 1834 1078 1878 et,
1094 1828 1274 1881 quando
1293 1828 1348 1870 ad
1367 1827 1689 1871 recreationem

67 1904 321 1955 mittuntur,
353 1919 461 1946 num
495 1904 560 1948 eis
589 1904 652 1946 illi
691 1905 780 1946 sint
817 1905 953 1946 dandi
990 1904 1193 1956 comites,
1235 1919 1350 1959 quos
1388 1904 1473 1959 ipsi
1510 1911 1688 1959 petunt.

68 1980 441 2024 Aduertatur1t39
464 1988 632 2033 tamen,
657 1981 807 2035 quoad
828 1980 924 2024 fieri
951 1980 1130 2036 poterit,
1162 1988 1210 2022 vt
1239 1995 1330 2023 non
1358 1982 1523 2023 dentur
1550 1980 1690 2023 comi—

68 2063 135 2100 tes
157 2058 269 2099 adeo
286 2057 493 2100 diuersae
511 2057 798 2109 conditionis,
820 2066 868 2100 vt
886 2072 965 2113 pro
983 2056 1261 2102 recreatione
1279 2057 1475 2099 habeant
1493 2057 1691 2100 taedium

67 2132 185 2177 inter
207 2149 275 2178 se.
895 2126 897 2130 ⁸

156 2211 386 2254 Caueatur
414 2227 472 2255 ne
501 2211 587 2254 alio
617 2225 666 2270 se
694 2212 930 2254 conferant
967 2211 1045 2263 illi,
1086 2211 1251 2266 quibus
1289 2211 1407 2253 facta
1438 2218 1507 2253 est
1539 2210 1688 2266 copia,

67 2293 115 2328 vt
152 2288 447 2330 confessionis
475 2287 726 2331 audiendae
754 2288 898 2344 gratia
926 2296 1051 2331 extra
1087 2287 1330 2343 collegium
1369 2295 1489 2339 eant,
1531 2288 1602 2331 vel
1636 2288 1692 2329 ad

51 2363 188 2406 aliud
210 2364 522 2408 ministerium.
550 2365 687 2420 Quod
719 2364 755 2407 si
779 2364 1023 2420 contingat
1047 2379 1139 2416 eos,
1176 2372 1370 2420 vrgente
1400 2364 1688 2416 necessitate,

67 2439 112 2481 id
134 2440 310 2494 fecisse,
338 2449 592 2492 teneantur,
617 2442 800 2483 domum
825 2441 1012 2493 reuersi,
1037 2457 1090 2484 ea
1112 2442 1168 2484 de
1190 2456 1254 2493 re,
1275 2449 1323 2483 vt
1341 2442 1397 2483 de
1415 2440 1528 2493 aliis,
1556 2454 1690 2495 supe-

67 2516 228 2559 riorem
253 2518 399 2561 facere
422 2517 680 2560 certiorem.

156 2594 415 2650 Intelligant
437 2594 690 2649 superiores
713 2595 929 2651 imprimis
951 2610 1051 2639 esse
1073 2595 1157 2638 sibi
1185 2594 1505 2646 necessarium,
1538 2600 1586 2635 vt
1609 2607 1689 2634 vo-

69 2669 265 2712 luntates
297 2685 480 2712 suorum
509 2670 594 2713 sibi
622 2672 818 2715 habeant
846 2672 1121 2725 conciliatas,
1162 2679 1206 2715 et
1234 2679 1281 2712 vt
1319 2670 1497 2726 fugiant
1534 2683 1690 2711 omnes

69 2746 361 2798 offensiones,
388 2748 458 2789 vel
481 2747 754 2800 auersiones3
781 2749 901 2803 quod
924 2749 961 2790 si
984 2761 1097 2803 quos
1119 2747 1373 2802 intelligent
1403 2745 1686 2789 auersionem

70 2821 203 2864 animi
226 2837 335 2878 erga
357 2838 405 2866 se
428 2823 693 2879 concepisse
715 2824 926 2879 aliquam,
951 2825 1163 2868 studeant
1186 2823 1304 2865 illam
1323 2837 1481 2865 sanare
1498 2821 1688 2863 infirmi-

71 2904 205 2941 tatem
228 2898 487 2955 diligenter.

157 2976 230 3018 Ab
248 2975 333 3026 his,
355 2975 430 3029 qui
448 2983 607 3031 petunt
625 2976 925 3019 confessarios
942 2991 1023 3031 pro
1047 2975 1249 3026 infirmis,
1270 2974 1429 3016 diebus
1452 2972 1688 3016 dominicis
