2028 3426
387 239 459 277 330
862 240 1016 274 PA'rms
1042 238 1285 273 Hmnonvm
1311 235 1463 270 NADAL

429 345 499 387 Ne
521 351 805 400 apponantur
829 343 919 384 duo
944 339 1054 383 disci
1078 337 1406 389 sacerdotibus,
1438 352 1496 381 ne
1532 335 1842 392 superioribus
1872 335 1976 391 qui-

341 421 461 473 dem;
489 421 596 464 satis
619 428 686 464 est
709 421 744 463 si
769 418 935 474 singuli
961 417 1123 461 habeat
1146 430 1256 459 suos
1278 416 1411 458 orbes
1434 415 1506 458 vel
1528 413 1684 457 solitos
1705 412 1875 457 discos.

430 499 504 541 Ad
529 499 660 540 finem
688 497 855 553 primae
879 509 1060 539 mensae
1089 499 1374 550 apponantur
1400 490 1530 544 disci,
1563 490 1729 546 quibus
1751 489 1973 546 colligan-

343 582 417 617 tur
440 575 600 619 micae.

430 653 752 695 Reformentur
774 651 828 693 ad
853 649 1089 700 rationem,
1115 662 1230 704 quae
1251 648 1356 690 data
1379 652 1448 690 est
1465 645 1774 698 vienensibus,
1796 658 1972 687 recrea-

342 728 488 773 tiones
508 729 712 772 fratrum.

427 806 611 861 Spectet
634 806 687 847 ad
714 807 798 847 hoc
823 802 1114 860 prouincialis
1135 800 1497 858 diligentissime,
1524 799 1674 855 quoad
1696 797 1877 855 poterit,
1904 805 1970 851 vt,

340 883 415 937 qui
439 883 494 925 ad
519 882 563 924 id
587 881 771 937 ingenio
796 882 947 924 valere
985 880 1212 932 videntur,
1248 879 1304 920 ad
1325 877 1616 920 humaniores
1648 876 1802 920 literas
1829 882 1875 918 et
1898 890 1970 919 re-

338 959 555 1003 thoricem
580 969 623 1002 et
645 957 948 1013 eloquentiam
972 963 1340 1014 promoueantur,
1368 963 1413 997 vt
1435 955 1604 998 habere
1627 952 1769 1010 possit
1787 951 1970 1009 prouin-

339 1037 399 1079 tia
423 1037 696 1080 excellentes
720 1043 1006 1091 preceptores
1033 1034 1352 1077 humaniorum
1380 1032 1611 1076 literarum
1636 1038 1681 1075 et
1705 1030 1968 1074 rethoriceS.

426 1115 614 1163 Caseus,
640 1112 716 1168 qui
742 1113 855 1156 solet
876 1111 1041 1168 apponi
1063 1111 1107 1154 in
1133 1110 1349 1168 principio
1378 1123 1562 1154 mensae
1584 1108 1893 1152 comedendus
1924 1108 1968 1151 in

340 1191 490 1243 tinem,
517 1190 562 1232 in
587 1191 675 1232 fine
694 1205 878 1234 mensae
900 1196 1167 1246 apponatur.

427 1269 578 1310 Ludos
601 1267 715 1310 alios
754 1267 912 1309 ludent
951 1268 1128 1320 fratres,
1162 1281 1253 1309 non
1292 1265 1424 1321 pilae,
1449 1264 1585 1307 huius
1622 1264 1743 1307 enim
1780 1277 1870 1305 non
1901 1270 1969 1306 est

340 1359 447 1387 vsus
470 1345 513 1386 in
533 1344 781 1389 Societate.

423 1421 514 1476 Qui
539 1428 645 1464 sunt
669 1421 861 1477 promoti
884 1422 940 1464 ad
963 1421 1143 1465 ordines
1165 1421 1237 1464 vel
1260 1428 1276 1445 ³
1299 1419 1490 1476 primam
1520 1425 1753 1462 tonsuram
1776 1431 1962 1474 accepe-

338 1507 457 1550 runt,
486 1499 631 1541 ferant
654 1513 833 1555 semper
851 1514 977 1542 suam
998 1505 1245 1541 tonsuram.

422 1577 482 1619 Vt
505 1584 573 1619 est
596 1577 641 1619 in
667 1576 1009 1628 constitutione,
1042 1591 1132 1619 non
1162 1577 1307 1619 solum
1337 1574 1524 1631 regulis,
1557 1573 1710 1616 nullus
1739 1571 1966 1629 ingredia-

334 1661 406 1695 tur
429 1653 689 1697 cubiculum
719 1654 920 1706 alterius,
954 1653 1037 1696 nisi
1059 1654 1223 1696 habeat
1255 1653 1515 1695 facultatem
1545 1649 1863 1707 particularem
1888 1657 1965 1692 aut

332 1732 590 1785 generalem
611 1746 636 1773 a
660 1731 893 1787 superiore
916 1732 988 1775 vel
1011 1745 1036 1773 a
1059 1730 1279 1773 ministro:
1307 1744 1442 1784 quam
1461 1728 1498 1771 si
1516 1729 1668 1779 habet,
1691 1734 1840 1771 tamen
1859 1735 1967 1770 sunt

331 1809 422 1850 duo
445 1809 730 1852 obseruanda
753 1816 975 1864 preterea3
1001 1808 1193 1851 alterum
1217 1814 1301 1858 est,
1328 1814 1376 1849 vt
1398 1807 1547 1862 pulset
1571 1806 1628 1848 ad
1651 1804 1816 1848 ostium
1835 1811 1966 1848 ante-

331 1899 465 1939 quam
504 1885 804 1941 ingrediatur,
837 1893 882 1928 et
918 1885 1072 1927 audiat
1107 1884 1427 1940 «Ingrederevz
1460 1882 1598 1936 aliud,
1631 1889 1679 1924 vt
1708 1880 1874 1924 ostium
1909 1880 1966 1924 sit

331 1970 533 2017 apertum
558 1963 703 2006 donee
728 1963 773 2005 in
791 1963 1005 2005 cubiculo
1027 1963 1140 2006 alter
1161 1961 1260 2005 erit.

419 2039 467 2083 Si
490 2039 566 2093 qui
590 2039 905 2095 ingrediantur
922 2039 1116 2082 culinam
1142 2039 1214 2081 vel
1237 2037 1370 2080 etiam
1396 2036 1685 2081 refectorium
1711 2050 1765 2079 eo
1789 2043 1956 2091 tempo-

330 2131 393 2167 re,
420 2130 509 2170 quo
534 2116 788 2171 prohibitus
811 2124 879 2159 est
901 2116 1151 2172 ingressus,
1177 2123 1222 2158 et
1247 2113 1524 2170 precipiente
1546 2126 1657 2156 coco
1681 2113 1751 2155 vel
1772 2113 1963 2155 creden-

330 2192 460 2235 tiario
484 2201 531 2234 vt
554 2194 864 2247 egrediantur,
890 2208 983 2236 non
1012 2191 1328 2249 egrediuntur,
1359 2198 1454 2233 tum
1483 2175 1583 2232 illos
1611 2190 1784 2232 deferat
1807 2189 1864 2231 ad
1885 2203 1963 2232 su·

329 2269 567 2324 periorem,
595 2285 618 2311 a
643 2284 732 2324 quo
755 2270 863 2325 ipsis
888 2269 1136 2325 penitentia
1163 2267 1430 2324 iniungetur
1452 2281 1542 2309 non
1565 2266 1694 2310 leuis:
1716 2265 1882 2321 alioqui
1906 2280 1964 2309 ne

329 2347 438 2388 dent
462 2346 756 2401 penitentiam
780 2346 842 2388 illi
862 2361 942 2402 pro
964 2347 1192 2402 ingressu.

418 2422 666 2465 Biblioteca
690 2423 882 2478 primum
906 2431 1129 2479 purgetur
1145 2437 1169 2465 a
1186 2421 1311 2465 libris
1333 2421 1545 2464 omnibus
1562 2419 1815 2477 prohibitis,
1835 2419 1960 2464 dein-

326 2500 381 2542 de
404 2498 505 2541 libri
545 2499 762 2555 prohibiti
801 2500 1133 2542 concludantur
1162 2499 1207 2541 in
1237 2512 1406 2550 arcam,
1439 2497 1570 2541 cuius
1598 2498 1772 2541 clauem
1797 2497 1961 2556 habeat

327 2583 490 2628 rector,
519 2583 565 2617 vt
589 2575 692 2620 inde
716 2576 857 2631 possit
880 2577 1129 2620 concedere
1150 2575 1289 2618 libros
1311 2575 1392 2630 eis,
1419 2573 1495 2631 qui
1525 2574 1788 2618 facultatem
1817 2573 1959 2617 habe—

324 2654 439 2695 bunt
462 2667 540 2696 eos
572 2653 771 2709 legendi,
796 2653 963 2707 quibus
993 2661 1144 2698 tamen
1175 2667 1266 2695 non
1289 2652 1351 2695 ita
1374 2652 1614 2703 concedat,
1639 2659 1688 2693 vt
1709 2649 1962 2707 prohibitos.

324 2729 460 2772 libros
483 2730 603 2785 apud
621 2744 670 2774 se
688 2731 857 2774 habere
876 2730 1048 2785 possint
1071 2729 1105 2783 ¹³,
1126 2731 1205 2774 sed
1227 2743 1306 2774 eos
1323 2730 1505 2784 quando
1528 2728 1595 2771 vsi
1618 2727 1802 2780 fuerint,
1824 2726 1956 2770 resti-

327 2814 455 2849 tuant
480 2807 658 2851 rectori.

416 2885 659 2940 Postquam
684 2884 819 2928 fuerit
842 2893 1033 2940 purgata
1055 2885 1313 2937 biblioteca,
1339 2891 1605 2941 separentur
1632 2882 1677 2925 in
1698 2883 1849 2926 locum
1871 2881 1956 2924 ali-

392 3062 408 3076 ·‘1
436 3051 504 3087 Ms.
531 3051 589 3085 vel
608 3052 674 3085 acl.
727 3071 748 3077 —
775 3052 793 3078 b
820 3034 892 3086 Ms'.
909 3055 1093 3096 possunt.
