2028 3426
345 226 416 271 718
822 225 977 260 PA’rnis
1004 223 1248 260 HOERONYMi
1273 224 1426 259 NADAL

393 329 544 372 Corde
565 328 844 383 operandum
867 340 1061 382 semper,
1087 327 1224 369 corde
1247 327 1469 369 orandum
1492 327 1693 370 omnino.

395 407 584 461 Semper
611 405 883 448 obuersetur
912 403 972 445 ob
1001 403 1158 446 oculos
1188 403 1370 456 mentis,
1401 403 1509 459 quid
1543 418 1701 447 sumus
1733 420 1758 447 e
1792 404 1937 456 nobis,

268 515 270 517 .
300 484 413 539 quid
435 497 491 526 ex
515 484 612 526 Deo
638 497 716 538 per
738 483 908 537 Xpum.

396 562 593 615 Magnus
616 574 778 603 sensus
802 557 974 601 timoris
995 557 1098 609 Dei,
1125 558 1243 602 vnde
1268 557 1490 601 intellexit
1512 557 1695 612 quidam
1714 572 1763 602 se
1786 572 1943 614 super·-

306 638 414 679 bum
437 645 479 679 et
505 651 553 680 se
577 642 886 691 quaerentem,
912 642 958 677 et
981 635 1102 690 quod
1126 648 1216 677 non
1240 634 1370 677 vnice
1393 643 1551 690 ageret
1580 634 1782 677 officium
1807 649 1941 677 suum

305 722 351 755 et
377 728 448 756 res
471 712 727 764 Societatis,
748 713 828 755 sed
846 711 1007 756 obiter.
1031 710 1178 756 Aliter
1200 718 1269 755 est
1294 711 1374 753 tibi
1396 712 1643 767 agendum,
1663 719 1708 755 et
1726 711 1944 767 incipien-

307 791 415 832 dum
443 790 574 833 serio.

400 867 604 910 Aliorum
629 865 886 909 actionibus
910 865 1042 909 bonis
1064 865 1295 918 delectari,
1322 865 1728 925 illas-promouere,
1754 865 1946 908 adiuua—

310 960 374 998 re,
406 945 605 996 laudare,
639 957 728 986 non
769 944 915 985 solum
945 952 993 984 vt
1021 943 1215 998 gratiam
1244 942 1330 986 Dei
1357 947 1441 989 277
1471 944 1542 985 vel
1570 944 1691 986 dona
1724 942 1947 985 naturalia

309 1023 381 1064 vel
404 1021 619 1077 gratuita,
645 1021 724 1064 sed
749 1028 797 1062 vt
820 1021 877 1063 ab
900 1028 1026 1063 recto
1049 1034 1131 1063 vsu
1161 1020 1289 1063 liberi
1317 1020 1491 1064 arbitrii
1520 1020 1876 1076 proficiscentes;
1902 1026 1947 1062 et

310 1101 409 1142 illas
433 1108 646 1153 tanquam
670 1112 776 1140 suas
799 1097 1094 1153 contemplari
1119 1105 1255 1152 atque
1277 1097 1504 1153 amplecti.

400 1175 736 1219 Desiderandae
759 1174 1027 1217 afflictiones
1050 1175 1121 1217 vel
1144 1174 1502 1230 obiurgationes,
1535 1189 1652 1230 quae
1681 1174 1848 1229 alioqui
1881 1173 1949 1217 vi-

311 1256 527 1297 derentur
555 1260 733 1308 praeter
762 1251 973 1296 meritum
1008 1266 1033 1294 a
1067 1251 1288 1308 superiori
1321 1251 1541 1295 adhiberi.
1575 1250 1801 1307 Aperiunt
1829 1250 1948 1295 enim

305 1331 466 1373 diuina
491 1329 772 1385 benignitate
795 1330 952 1371 oculos
976 1327 1139 1372 mentis
1162 1329 1218 1370 ad
1237 1328 1545 1384 cognitionem
1566 1328 1847 1384 propriorum
1866 1327 1948 1372 de—

312 1409 530 1459 fectuum,
557 1414 601 1450 et
619 1406 738 1449 viam
762 1405 935 1449 faciunt
957 1406 1014 1448 ad
1038 1404 1335 1448 humilitatem
1361 1405 1591 1461 puriorem
1616 1404 1801 1461 spiritus
1824 1418 1949 1447 com-

318 1485 579 1540 parandam.

404 1562 533 1603 Noua
559 1559 764 1617 cognitio
788 1560 1070 1611 defectuum,
1096 1575 1152 1603 ex
1174 1559 1321 1614 gratia
1345 1559 1428 1602 Dei
1453 1572 1532 1615 per
1554 1559 1872 1611 humilitatem,
1894 1575 1949 1603 ex

314 1638 641 1681 intercessione
665 1645 982 1680 sacrosanctae
1006 1635 1196 1692 virginis
1217 1641 1382 1677 θεοτὸκου
1410 1637 1686 1687 lauretanae,
1719 1651 1836 1691 quae
1859 1637 1948 1679 hoc

314 1714 497 1758 nomine
519 1729 687 1770 magno
711 1728 814 1756 cum
840 1713 1054 1769 mysterio
1078 1713 1334 1765 inuocatur,
1361 1728 1440 1768 per
1461 1713 1559 1756 eius
1581 1713 1753 1758 scilicet
1782 1727 1950 1757 conce-

315 1792 528 1847 ptionem,
557 1791 860 1843 natiuitatem,
886 1790 1220 1841 educationem,
1248 1791 1319 1834 vel
1341 1791 1398 1832 ad
1423 1790 1665 1833 triennium
1689 1804 1847 1846 vsque,
1874 1805 1951 1846 per

314 1868 694 1921 anuntiationem,
732 1883 810 1923 per
839 1867 945 1923 Xpi.
983 1867 1299 1911 educationem
1333 1875 1378 1909 et
1412 1867 1550 1910 vitam
1584 1868 1639 1910 ad
1676 1881 1730 1922 30
1762 1882 1947 1919 annum,

308 1951 398 1991 ’283
424 1961 499 2000 per
521 1945 854 2002 sanctiJoseph
886 1944 1062 1998 merita,
1095 1959 1174 2000 per
1204 1952 1268 1986 tot
1298 1945 1563 2000 angelorum
1597 1945 1837 1999 myriades,
1873 1944 1949 1999 qui

315 2024 573 2077 'frequentes
596 2023 640 2064 in
664 2023 738 2064 illa
760 2023 863 2064 aula
888 2022 1088 2073 fuerunt,
1122 2036 1201 2077 per
1224 2022 1510 2064 sanctitatem
1544 2022 1681 2064 totius
1711 2022 1812 2073 loci,
1840 2023 1949 2065 late-

315 2114 431 2150 rum,
459 2099 695 2154 parietum,
724 2114 872 2143 rerum
903 2098 1122 2141 omnium.
1158 2099 1285 2142 Haec
1314 2098 1434 2141 enim
1466 2113 1570 2141 cum
1601 2100 1839 2142 credamus
1862 2098 1952 2141 illic

315 2190 414 2219 esse
438 2183 665 2218 transacta
688 2175 916 2230 mysteria3
944 2174 1045 2230 quis
1069 2190 1160 2218 non
1184 2176 1337 2219 credat
1355 2176 1492 2231 longe
1510 2190 1609 2219 esse
1629 2175 1814 2228 maiora,
1836 2189 1951 2230 quae

319 2251 363 2294 in
380 2252 466 2294 illis
484 2252 708 2307 mysteriis
731 2267 816 2295 nos
839 2253 1119 2308 ignoramus,
1141 2252 1283 2294 multo
1305 2267 1404 2296 esse
1428 2252 1661 2308 ampliora,
1683 2267 1817 2307 quam
1837 2266 1952 2307 quae

318 2328 628 2384 intelligimus,
666 2343 782 2383 quae
822 2329 953 2371 nobis
992 2344 1070 2385 per
1110 2331 1268 2371 horum
1303 2329 1635 2373 inuocationem
1671 2329 1953 2384 gratificatur

317 2405 528 2448 Christus
551 2414 595 2449 et
620 2406 762 2449 Maria
786 2421 862 2461 per
889 2392 1059 2462 Xpum.

409 2484 708 2526 Commendat
733 2499 814 2525 nos
836 2477 992 2539 xpus(
1010 2483 1157 2535 matri,
1183 2482 1220 2525 si
1243 2483 1344 2538 quis
1372 2498 1424 2525 ex
1457 2484 1697 2527 deuotione
1726 2482 1880 2525 matris
1909 2483 1953 2525 id

322 2568 459 2614 petat,
490 2573 607 2615 quae
637 2567 705 2601 est
736 2559 979 2615 singularis
1012 2568 1057 2604 et
1096 2574 1277 2616 magna,
1318 2575 1454 2615 supra
1492 2575 1625 2615 quam
1660 2560 1749 2602 dici
1787 2567 1950 2615 potest,

318 2636 706 2680 commendatio...

408 2712 675 2756 Scholastici
714 2713 853 2755 nostri
894 2722 1076 2769 possent
1106 2713 1268 2757 studiis
1301 2721 1344 2756 et
1379 2713 1688 2756 auditionibus
1721 2714 1814 2756 suis
1847 2714 1954 2756 dare

319 2804 501 2845 operam
526 2789 682 2832 maiori
707 2803 809 2832 cum
836 2790 1002 2842 fructu,
1028 2791 1064 2832 si
1089 2791 1144 2833 ad
1168 2790 1386 2833 rationem
1406 2790 1721 2833 exercitiorum
1746 2790 1953 2846 spiritua-

323 2866 430 2908 lium
454 2882 501 2910 se
524 2868 938 2918 accommodarent,
965 2874 1208 2922 antequam
1240 2867 1480 2910 lectionem
1513 2868 1715 2918 audiant,
1751 2881 1830 2923 per
1852 2881 1954 2909 ora-

324 2942 489 2985 tionem
509 2958 557 2987 se
580 2951 805 2998 parentes.
829 2944 944 2986 Dein
964 2958 1159 2998 quorum
1178 2951 1285 2986 sunt
1303 2943 1718 2999 interpretationem
1738 2943 1966 2995 audituri,

321 3034 349 3061 e
373 3021 730 3076 paraelegentes,
762 3028 806 3063 et
842 3019 969 3074 quasi
1001 3020 1234 3062 historiam
1264 3031 1596 3075 percurrentes;
1624 3028 1870 3076 praeterea,
1896 3021 1955 3064 si-
