2028 3426
321 206 389 248 664
798 205 951 240 PATms
979 206 1222 240 Hlssnouvm
1250 205 1400 240 NADAL

279 315 429 349 tamen
452 321 686 362 nunquam
717 307 825 371 velit
853 308 910 350 de
940 306 1077 349 rebus
1105 321 1244 363 agere
1277 307 1606 363 spiritualibus,
1632 316 1677 352 et
1711 322 1828 363 quae
1857 308 1914 350 ad

280 385 469 427 salutem
495 383 671 427 animae
694 398 803 427 suae
834 383 1106 439 pertineant3
1138 383 1199 426 ibi
1229 398 1337 427 vero
1365 380 1595 440 agendum
1626 392 1781 440 aperte
1809 398 1914 427 cum

279 460 364 502 illis
382 468 467 512 est,
490 475 578 503 non
599 462 653 504 de
677 462 812 505 rebus
836 460 1185 504 indiferentibus
1207 469 1252 504 et
1275 475 1391 515 quae
1413 460 1501 504 illis
1523 460 1615 503 sint
1630 468 1808 518 gratae,
1835 462 1915 505 sed

276 552 436 582 seuere
461 539 516 582 de
540 538 734 588 inferno,
761 537 929 580 iudicio
951 537 1037 581 Dei
1061 537 1319 593 particulari
1342 545 1388 581 et
1413 537 1674 590 vniuersali,
1700 539 1757 583 de
1779 537 1915 581 infor-

280 615 417 657 tuniis
455 624 500 659 et
529 615 877 667 calamitatibus,
909 629 1027 669 quae
1064 615 1380 670 peccatoribus
1417 614 1623 659 accidere
1655 615 1818 667 solent,
1859 615 1916 659 de

278 692 470 734 occultis
492 701 536 735 et
560 692 798 736 horrendis
820 691 906 735 Dei
929 691 1124 743 iudiciis,
1150 698 1197 734 vt
1221 692 1293 734 vel
1316 692 1371 734 ad
1402 692 1630 735 meliorem
1656 693 1853 748 frugem,
1879 693 1915 736 si

279 770 376 811 fieri
399 778 562 824 potest,
590 771 675 812 hoc
698 769 839 813 ariete
862 777 1117 821 moueatur,
1143 769 1215 811 vel
1245 770 1445 812 offensus
1473 776 1518 813 et
1545 768 1790 814 deterritus
1819 784 1915 812 am-

278 846 395 902 plius
418 861 506 888 non
535 854 804 898 reuertatur;
830 846 895 889 sic
917 846 1037 889 enim
1060 846 1139 889 fiet
1164 853 1210 888 vt
1235 854 1413 902 tempus
1442 845 1487 889 in
1517 846 1595 888 illo
1626 860 1716 889 non
1743 853 1915 889 teratur

282 923 523 966 incassum.

370 1002 497 1044 Haec
521 1016 611 1043 non
635 1001 693 1042 ita
718 1000 931 1043 dicuntur
954 1000 1083 1056 quasi
1113 1000 1198 1043 alia
1227 1000 1341 1043 ratio
1371 1014 1460 1043 non
1493 1000 1550 1042 sit
1579 1000 1804 1044 seruanda
1836 1014 1916 1056 pro

281 1093 327 1121 re
349 1086 454 1121 nata
477 1085 521 1121 et
545 1078 718 1121 ratione
741 1086 758 1102 ³
780 1092 1017 1134 personae,
1044 1092 1212 1130 rerum,
1240 1077 1471 1133 temporis,
1504 1077 1772 1129 occasionis,
1800 1091 1917 1132 quae

281 1170 329 1198 se
352 1157 525 1207 offeret;
547 1154 698 1198 omnia
720 1155 840 1197 enim
863 1155 1137 1211 gubernabit
1159 1155 1232 1211 pia
1254 1162 1300 1198 et
1322 1155 1490 1198 deuota
1512 1154 1754 1210 prudentia
1776 1154 1916 1197 collo-

279 1232 470 1284 cutoris;
492 1233 571 1275 sed
594 1232 866 1276 lineamenta
894 1233 1115 1289 quaedam
1145 1240 1253 1275 sunt
1281 1233 1408 1283 data,
1439 1246 1556 1287 quae
1585 1230 1810 1274 Dominus
1833 1245 1916 1274 sua

280 1308 564 1364 prouidentia
607 1309 902 1365 gubernabit,
943 1308 979 1352 si
1021 1309 1120 1352 eius
1157 1309 1331 1365 gratiae
1373 1317 1418 1352 et
1462 1308 1691 1351 vocationi
1734 1315 1916 1351 nostrae

283 1386 441 1430 deesse
464 1386 677 1431 nolimus,

370 1464 472 1505 Hoc
502 1463 739 1507 ministerii
767 1478 936 1519 genere
966 1463 1133 1506 Vtiliter
1161 1470 1345 1506 vtentur
1373 1463 1515 1506 nostri
1544 1469 1646 1519 post
1673 1461 1918 1505 conciones

281 1549 326 1583 et
349 1540 568 1584 lectiones
590 1555 757 1593 sacras3
785 1540 890 1583 inde
913 1540 1031 1583 enim
1057 1540 1270 1584 commoti
1292 1539 1428 1583 animi
1452 1540 1710 1583 auditorum
1740 1538 1919 1582 facilius

283 1625 327 1660 et
351 1617 536 1662 audient
559 1617 683 1673 pium
707 1617 985 1674 colloquium
1009 1626 1055 1661 et
1078 1633 1133 1662 ex
1156 1618 1233 1661 illo
1257 1619 1457 1660 fructum
1481 1616 1722 1672 accipient.

370 1694 465 1737 Erit
497 1703 729 1750 praeterea
758 1710 866 1739 vsus
899 1697 1161 1738 fructuosus
1190 1695 1329 1738 huius
1357 1693 1569 1750 colloquii
1609 1693 1653 1736 in
1692 1692 1915 1750 collegiis,

283 1771 472 1814 delectis
495 1773 566 1815 vel
590 1772 804 1815 fratribus
834 1773 904 1816 vel
940 1771 1168 1824 Patribus,
1196 1770 1361 1827 quibus
1384 1772 1518 1815 detur
1546 1770 1782 1827 negotium
1811 1784 1945 1813 con--

281 1848 602 1908 suetud[in]em
633 1849 829 1892 habendi
862 1864 966 1892 cum
999 1848 1283 1892 auditoribus
1317 1848 1498 1899 nostris,
1541 1863 1597 1892 ex
1635 1847 1801 1902 quibus
1840 1847 1919 1890 fiet

282 1941 373 1968 non
398 1926 543 1968 solum
569 1934 617 1968 vt
639 1927 696 1968 ad
719 1926 950 1970 meliorem
973 1926 1093 1969 vitae
1122 1925 1297 1969 xianae.
1332 1926 1512 1981 frugem
1541 1931 1916 1981 promoueantur‚
1969 1910 1971 1913 Ι

285 2004 363 2045 sed
386 2010 434 2044 vt
464 2004 520 2044 ad
554 2003 829 2047 Societatem
863 2003 998 2046 etiam
1038 2005 1162 2046 Deus
1201 2001 1544 2046 selectissimum
1579 2015 1806 2057 quemque
1837 2001 1917 2043 ad—

285 2081 440 2123 ducat.

371 2158 451 2199 Est
474 2157 579 2200 item
604 2157 739 2199 huius
763 2157 998 2200 ministerii
1021 2171 1145 2208 vsus,
1166 2157 1211 2199 in
1234 2157 1405 2212 plateas
1428 2165 1472 2200 et
1495 2168 1747 2198 concursus
1769 2153 1918 2196 homi-

286 2248 392 2276 num
422 2242 470 2275 vt
499 2242 662 2277 exeant
692 2234 851 2285 nostri,
884 2242 928 2278 et
963 2233 1109 2276 obuiis
1141 2248 1240 2277 sese
1273 2233 1449 2289 placide
1486 2232 1547 2275 ita
1584 2232 1833 2282 insinuent,
1869 2238 1920 2272 vt

284 2311 498 2366 paulatim
521 2325 601 2353 eos
624 2312 680 2353 ad
702 2311 1033 2355 confessionem
1058 2311 1277 2354 inducant
1299 2325 1350 2353 ac
1373 2310 1508 2353 etiam
1533 2310 1778 2361 adducant;
1800 2321 1919 2363 quae

284 2387 396 2431 ratio
420 2389 588 2448 Romae
618 2387 702 2429 fuit
731 2389 974 2430 admodum
1004 2390 1254 2441 fructuosa,
1288 2387 1362 2430 vbi
1389 2386 1615 2443 gregatim
1645 2386 1702 2429 ad
1732 2385 1918 2428 confes-

282 2464 454 2507 sionem
477 2465 819 2508 adducebantur
842 2480 1005 2520 operae
1028 2464 1291 2508 mercenarii
1315 2480 1340 2509 e
1364 2463 1558 2516 rusticis3
1585 2471 1630 2506 et
1653 2462 1796 2518 primo
1817 2460 1918 2517 qui-

284 2543 386 2585 dem
416 2543 698 2585 docebantur
727 2543 782 2583 ab
812 2541 961 2597 aliquo
1000 2543 1136 2585 fratre
1174 2541 1556 2596 quemadmodum
1595 2547 1749 2584 essent
1787 2553 1916 2582 suam

285 2618 607 2663 conscientiam
631 2617 931 2661 examinaturi
954 2625 998 2661 et
1021 2626 1206 2674 peccata
1227 2617 1496 2670 confessuri,
1516 2617 1620 2660 dein
1637 2616 1911 2659 iubebantur

284 2712 333 2739 se
356 2711 528 2751 parare;
556 2696 737 2738 tandem
761 2695 817 2737 ad
841 2694 857 2718 ¹*
880 2695 1208 2739 confessarium
1234 2695 1616 2750 perducebantur.

376 2774 476 2815 Hoc
501 2771 798 2816 ministerium
823 2786 914 2813 non
939 2780 1115 2814 tantum
1139 2771 1281 2814 nostri
1312 2785 1524 2814 exercere
1545 2771 1714 2814 debent
1737 2784 1816 2826 per
1851 2784 1916 2821 se,

284 2850 366 2892 sed
385 2864 462 2904 per
486 2849 596 2892 alios
613 2848 767 2900 etiam,
789 2848 909 2904 quod
929 2849 1005 2892 fiet
1023 2847 1059 2890 si
1079 2847 1149 2901 iis,
1169 2861 1361 2903 quorum
1380 2847 1692 2891 confessiones
1707 2845 1918 2898 audiunt,

356 3027 372 3041 1·
417 3015 522 3050 ratio
542 3027 610 3050 ms.
664 3017 730 3041 —b
758 3014 823 3049 Bis
842 3014 937 3049 haee
958 3013 1146 3060 particula
1165 3013 1309 3059 scripta
1328 3019 1389 3048 est
1409 3013 1447 3048 in
1470 3025 1539 3048 ms.
