2028 3426
360 188 429 224 454
832 179 986 214 PATms
1012 178 1256 214 H1ERoNYm
1282 177 1433 213 NADAL
1961 192 1987 249 <⁴³25
2014 183 2019 226 j

802 249 807 254 .
1970 238 1977 253 .

316 288 505 338 guntur,
552 295 605 324 ea
643 280 791 324 officia
829 280 915 323 illis
953 278 1233 335 temporibus
1276 277 1375 322 aliis
1412 279 1770 332 committantur,
1811 279 1948 324 etiam
2015 265 2017 270 Α

318 357 615 411 scholasticis,
640 364 686 400 et
708 357 876 401 eisdem
898 355 1007 412 ipsis
1028 370 1108 412 per
1130 371 1235 399 suas
1257 354 1395 399 vices.
1703 346 1706 350 “
1971 409 1981 419 .

407 433 667 491 Intelligant
700 449 749 477 se
781 432 1023 489 participes
1054 432 1257 475 omnium
1295 432 1569 485 orationum,
1605 433 1981 485 sacrificiorum,

318 513 543 554 bonorum
568 525 773 566 operum,
799 524 917 566 quae
939 510 1054 552 fiunt
1075 509 1120 552 in
1143 509 1388 562 Societate,
1421 517 1554 565 prout
1575 509 1816 554 Societatis
1844 523 1950 566 pro-
2016 536 2017 542 κ

320 589 443 633 fessi.

409 667 614 721 Ipsorum
638 672 805 707 statum
829 663 913 707 sibi
942 665 1244 720 persuadeant
1276 664 1606 720 perfectissimo
1638 665 1803 720 cuique
1829 664 1952 710 desi·
1977 675 1981 685 ’
2020 691 2022 697 ν

320 742 564 786 derabilem
590 756 706 793 esse,
732 742 866 784 modo
889 756 968 797 per
990 741 1292 785 obedientiam
1321 740 1470 794 liceat;
1501 755 1586 785 nec
1609 740 1955 786 desiderabilem

321 821 484 871 solum,
505 819 584 862 sed
603 811 908 862 desideratum
927 818 1062 862 etiam
1079 832 1179 860 esse
1197 832 1300 860 curn
1319 832 1487 874 magna
1503 817 1689 873 spiritus
1705 818 1950 863 suauitate.

411 901 497 942 220
521 898 667 939 Detur
690 909 799 938 cura
827 895 1163 951 probatioribus
1194 894 1407 938 Patribus
1435 903 1481 938 et
1508 895 1740 948 fratribus,
1770 903 1819 938 vt
1847 910 1951 939 cum

326 972 667 1016 coadiutoribus
698 973 894 1016 habeant
929 972 1305 1016 consuetudinem
1343 972 1388 1014 in
1418 972 1775 1016 recreationibus
1803 973 1959 1028 quoti-

324 1050 486 1101 dianis,
512 1057 556 1091 et
580 1050 704 1102 alias,
731 1049 768 1092 si
792 1063 1028 1093 necessum
1047 1049 1120 1102 sit,
1142 1063 1232 1104 quo
1250 1048 1311 1091 illi
1330 1049 1555 1092 contineri
1577 1049 1622 1091 in
1641 1049 1789 1092 officio
1808 1058 1852 1094 et
1874 1051 1976 1106 de·—

327 1127 513 1170 uotione
537 1126 726 1182 possint.

418 1203 695 1247 Prouideant
717 1203 990 1259 superiores,
1016 1211 1065 1246 vt
1087 1218 1178 1258 quo
1201 1208 1401 1260 ternpore
1425 1217 1516 1245 non
1545 1211 1652 1246 sunt
1681 1202 1889 1259 occupati
1912 1203 1958 1246 in

328 1281 423 1324 suis
445 1279 707 1324 ministeriis
727 1279 1026 1332 coadiutores,
1054 1288 1100 1322 vt
1122 1279 1196 1323 illo
1219 1287 1422 1336 tempore
1448 1279 1588 1323 ociosi
1618 1294 1710 1323 non
1738 1279 1844 1333 sint3
1876 1281 1956 1324 sed

326 1359 398 1401 vel
422 1357 591 1412 aliquid
613 1358 785 1413 legant,
805 1358 877 1401 vel
895 1356 1096 1410 audiant,
1120 1359 1189 1402 vel
1212 1356 1412 1409 omnino,
1432 1357 1470 1400 si
1487 1357 1723 1413 quiescant
1744 1364 1789 1401 et
1807 1357 1959 1400 ocium

327 1443 484 1491 agant,
509 1434 681 1477 sciatur
703 1449 838 1489 quam
861 1434 1030 1477 Vtiliter
1052 1435 1162 1478 illud
1184 1442 1323 1491 agant
1346 1434 1495 1477 ocium
1524 1437 1551 1477 ¹.

326 1552 411 1594 254
435 1560 585 1591 CAsth
619 1561 821 1598 QUORUM
854 1561 1125 1591 Asssomrm
1161 1561 1445 1592 RESERUATA
1470 1561 1558 1591 EST
1589 1561 1846 1592 SUPEmom
1872 1562 1966 1592 Do-

417 1638 513 1669 Mus
538 1639 629 1668 VEL
654 1638 898 1677 COLLEGH,
924 1639 984 1668 ET
1008 1639 1069 1669 AB
1099 1639 1227 1677 Anio,
1254 1639 1349 1669 NISI
1386 1640 1447 1669 DE
1476 1639 1586 1669 Ems
1611 1639 1853 1669 EXPRESSA
1891 1640 1961 1670 Ll-

416 1716 611 1755 CENTIA,
638 1715 842 1746 ABSOLUI
867 1715 1129 1753 NEQUEUNT
1153 1710 1171 1727 ³

426 1835 463 1864 1.
530 1822 736 1876 Quaeuis
759 1828 946 1878 peccata
968 1821 1190 1873 mortalia,
1223 1835 1338 1876 quae
1366 1822 1591 1877 prodeunt
1619 1821 1666 1863 in
1694 1821 1964 1865 exteriorem

330 1907 500 1951 actum;
527 1898 645 1941 inter
668 1913 784 1954 quae
805 1905 1049 1942 censentur
1072 1912 1189 1953 quae
1211 1905 1481 1953 sequuntur.

420 1988 462 2018 2.
529 1977 720 2018 Furtum
751 1977 821 2019 vel
859 1975 1092 2032 vsurpatio
1126 1983 1171 2018 et
1204 1974 1509 2032 appropriatio
1539 1979 1623 2022 255
1655 1974 1848 2018 alicuius
1882 1975 1962 2027 rei,

335 2052 602 2109 praesertim
626 2052 664 2095 si
686 2052 889 2097 iteretur.

423 2143 464 2184 3.
531 2131 708 2184 Lapsus
731 2129 895 2172 carnis.

422 2220 465 2260 4.
531 2206 843 2250 lnobedientia
871 2221 1099 2262 expressa,
1131 2221 1220 2262 qua
1250 2205 1351 2262 quis
1377 2205 1536 2249 asserit
1565 2221 1614 2250 se
1643 2206 1762 2250 nolle
1789 2220 1966 2262 parere.

424 2295 464 2338 5.
534 2283 833 2326 Murmuratio
856 2285 927 2328 vel
957 2284 1134 2337 seditio,
1165 2285 1238 2328 vel
1260 2290 1583 2328 nocumentum
1613 2283 1659 2326 in
1690 2283 1966 2340 superiorem
1990 2300 1994 2306 *

334 2362 406 2404 vel
429 2360 720 2405 Societatem.
1995 2350 1999 2354 ’

404 2520 421 2537 a
472 2510 516 2544 In
538 2509 726 2554 margine:
749 2509 815 2544 R.⁰
834 2508 883 2545 N.
905 2509 953 2544 P.
977 2508 1143 2554 Laynez.

409 2636 418 2655 ¹
471 2632 658 2680 Sequitur
682 2633 721 2668 in
745 2632 894 2676 codice,
914 2644 1028 2679 pagg.
1053 2631 1223 2678 221-232,
1252 2633 1485 2668 «Instructio
1511 2632 1656 2679 breuis,
1676 2644 1841 2680 quanam
1868 2631 1992 2682 scili-y

334 2699 397 2728 cet
419 2692 569 2728 ratione
594 2692 643 2728 de
667 2693 784 2728 rebus
808 2691 1039 2738 theologicis
1065 2692 1125 2727 his
1152 2693 1391 2738 temporibus
1415 2692 1651 2739 loquendum
1676 2692 1766 2730 sit.»
1794 2691 1907 2727 Edita
1932 2690 1971 2726 in
1995 2709 1999 2714 ·

337 2752 517 2787 Monum.
545 2752 744 2799 Paedag.‚
775 2762 868 2797 pag.
907 2750 987 2788 123.
1020 2751 1197 2785 Alterum
1224 2752 1446 2797 exemplum
1478 2751 1678 2798 hispanice
1708 2750 1971 2797 conscriptum

334 2812 457 2846 habes
475 2810 515 2846 in
534 2810 619 2848 eod.
639 2810 777 2845 Natat.
793 2811 910 2847 instr.
929 2810 1071 2851 Lusit„
1091 2820 1113 2844 a
1128 2809 1194 2844 fol.
1213 2818 1296 2855 109,
1314 2818 1384 2845 Lae
1402 2811 1645 2855 sen—Item,
1664 2820 1780 2856 pagg.
1802 2808 1974 2855 232·245,

337 2876 397 2904 est
417 2869 650 2905 «Instructio
669 2880 736 2916 pro
756 2868 953 2916 praefecto
978 2868 1234 2906 studiorum.»
1260 2868 1363 2904 edita
1388 2868 1534 2904 ibidem
1558 2869 1593 2915 a}
1607 2880 1695 2915 pag.
1729 2868 1970 2914 128.—Item‚

336 2939 453 2973 pagg.
475 2929 642 2974 246-254‚
661 2929 854 2964 habentur
868 2928 1065 2974 «Regulae
1080 2938 1148 2974 pro
1163 2926 1404 2963 scholaribus
1420 2928 1670 2963 societatis.»
1686 2927 1790 2975 typis
1805 2937 1975 2963 excusae

336 2987 500 3033 ibidem,
520 3000 541 3022 a
560 2999 648 3034 pag.
675 2986 755 3033 135.
