2028 3426
370 229 440 274 528
843 229 996 264 PATms
1023 229 1266 264 HiERONYnn
1292 227 1443 264 NADAL

326 333 382 374 ad
415 331 773 375 aedificationem
808 330 1030 373 attineant
1066 329 1360 385 spiritualem:
1387 330 1614 386 eligantur
1641 345 1750 374 vero
1786 332 1877 374 duo
1905 333 1962 375 ad
2008 347 2028 374 ’τ

326 410 463 452 finem
499 422 526 462 4
559 408 806 459 mensium,
839 407 914 462 qui
949 406 1102 449 omnia
1135 406 1367 463 colligant.
1405 406 1491 450 His
1522 415 1673 451 autem
1707 408 1961 464 superiores

328 486 585 542 adiungant
607 500 723 541 quae
746 483 939 539 amplius
956 483 1187 537 nouerint;
1208 499 1324 540 quae
1341 483 1524 539 quidem
1543 484 1676 529 etiam
1701 483 1785 540 ipsi
1801 486 1958 528 eadem

327 563 505 607 ratione
528 572 572 607 et
595 561 833 616 diligentia
850 561 1150 603 annotabunt.

424 643 599 685 Dentur
617 639 885 682 scribendae
905 637 1258 692 quadrimestres
1280 638 1431 690 alicui,
1458 639 1533 694 qui
1556 646 1602 682 et
1624 639 1791 682 iudicio
1814 640 1961 683 valeat

326 727 372 763 et
402 719 618 761 facultate
646 714 842 766 dicendi,
868 728 946 758 eas
973 728 1081 758 vero
1112 729 1290 770 semper
1317 716 1528 759 emendet
1557 716 1649 759 445
1678 716 1897 772 superior,
1921 716 1958 759 si
2008 716 2022 765 J

326 796 435 852 quid
460 801 667 837 occurrat
689 792 1040 844 emendandum,
1066 799 1309 847 antequam
1333 792 1585 836 mittantur.

414 873 483 917 Sit
506 870 668 925 aliquis
697 868 953 912 admonitor
977 876 1022 912 et
1051 882 1228 921 censor,
1253 883 1362 911 num
1391 869 1558 913 scribat
1586 870 1715 914 statis
1743 871 1958 926 tempori-

326 952 412 992 bus
436 946 789 998 commissarius,
815 945 1121 1001 prouincialis,
1147 952 1312 998 rector,
1339 954 1383 990 et
1406 961 1562 990 eorum
1591 948 1890 991 consultores.
1915 949 1957 991 Is

325 1040 433 1070 vero
465 1025 566 1077 erit,
593 1023 669 1079 qui
699 1030 767 1067 est
796 1021 962 1077 alioqui
993 1021 1174 1064 illorum
1203 1022 1384 1078 quidem
1423 1024 1695 1077 admonitor,
1719 1025 1956 1068 consulto-

325 1118 423 1146 rum
456 1116 572 1144 vnus
603 1102 762 1152 Pater,
794 1098 871 1155 qui
899 1113 954 1141 ex
985 1113 1140 1142 eorum
1169 1114 1360 1143 numero
1389 1099 1446 1143 sit
1474 1100 1742 1166 designatus
1765 1116 1791 1144 a
1817 1116 1955 1158 supe-

326 1180 459 1222 riore.

411 1258 534 1299 Cura
562 1254 832 1298 adhibeatur
860 1252 1056 1309 diligens
1081 1260 1146 1305 vt,
1173 1268 1289 1308 quae
1311 1253 1357 1296 in
1380 1253 1521 1297 literis
1550 1254 1955 1310 quadrimestribus

323 1340 563 1376 narrantur
586 1332 642 1374 ad
666 1330 1043 1382 aedificationem,
1064 1331 1236 1373 nullum
1262 1330 1446 1373 omnino
1467 1332 1663 1386 laedant,
1689 1333 1952 1388 praesertim

323 1411 397 1453 vbi
436 1412 634 1462 fructus,
667 1407 743 1463 qui
773 1415 843 1451 est
879 1421 934 1450 ex
967 1407 1331 1450 confessionibus
1367 1417 1694 1463 consequutus,
1726 1418 1950 1454 narratur.

322 1489 437 1530 Nam
461 1487 525 1529 sic
549 1493 618 1529 sat
641 1486 726 1528 erit
748 1492 781 1537 ³,
807 1484 845 1528 si
867 1499 920 1527 ea
942 1484 1152 1527 dicantur
1174 1484 1218 1526 in
1248 1484 1528 1537 vniuersum,
1553 1493 1598 1528 et
1619 1501 1735 1542 quae
1763 1488 1821 1529 ad
1850 1487 1951 1530 nul-

321 1566 414 1607 lum
439 1563 596 1608 referri
620 1562 808 1619 possint.

408 1641 477 1686 Sit
499 1648 622 1684 certa
645 1639 760 1682 ratio
782 1639 1048 1691 constituta,
1075 1640 1209 1691 vnde,
1235 1640 1307 1695 [et]
1339 1641 1396 1682 ad
1429 1642 1552 1695 quod
1584 1641 1830 1697 collegium
1863 1641 1952 1685 sint
1987 1659 1997 1662 -

320 1718 696 1762 transmittendae
719 1717 875 1760 literae
904 1715 1274 1772 quadrimestres‚
1300 1724 1342 1761 et
1367 1731 1532 1773 magna
1555 1732 1662 1760 cura
1684 1718 1952 1762 adhibeatur

317 1813 376 1841 ne
398 1796 571 1838 diutius
594 1797 811 1838 haereant
834 1794 878 1836 in
903 1808 994 1836 uno
1017 1793 1227 1849 collegio,
1253 1793 1352 1838 siue
1374 1793 1474 1838 illae
1496 1794 1586 1837 sint
1609 1795 1946 1848 exscribendam,

318 1874 439 1928 quod
461 1874 517 1916 de
540 1872 682 1916 literis
704 1871 867 1914 indicis
890 1870 986 1915 fieri
1010 1871 1141 1924 solet,
1167 1871 1265 1915 siue
1289 1878 1464 1913 tantum
1490 1872 1807 1928 perlegendae.

408 1950 749 2006 Negligendum
779 1963 871 1991 non
901 1956 969 1990 est
1010 1956 1056 1990 vt
1086 1956 1312 1990 rectorum
1351 1948 1593 1992 consiliarii
1628 1949 1948 2005 prouincialem

318 2028 592 2070 admoneant
616 2040 705 2080 qua
728 2025 903 2068 ratione
921 2023 1271 2068 constitutiones
1287 2025 1378 2068 446
1397 2039 1450 2067 ac
1467 2026 1654 2081 regulae
1671 2033 1850 2070 nostrae
1867 2029 1948 2069 ob—

318 2111 576 2154 seruentur,
603 2111 647 2147 et
671 2102 1052 2157 quemadmodum
1077 2102 1359 2157 gubernetur
1381 2102 1639 2158 collegium,
1660 2111 1702 2146 et
1727 2117 1948 2158 quaenam

317 2180 426 2224 fiant
443 2178 818 2235 dispensationeS.

408 2257 595 2299 Praeter
620 2255 871 2311 praedictas
894 2254 1154 2310 diligentias
1177 2255 1480 2298 constituatur
1502 2272 1619 2299 vnus
1648 2272 1703 2300 ex
1733 2257 1948 2309 fratribus

322 2331 705 2388 diligentioribus,
728 2347 806 2387 per
825 2346 958 2385 quem
978 2339 1107 2373 curet
1126 2338 1272 2374 rector
1290 2332 1385 2374 dari
1408 2332 1575 2384 literas,
1597 2334 1666 2376 vel
1689 2348 1805 2388 quae
1826 2334 1946 2377 domi

316 2409 596 2461 scribuntur,
623 2410 694 2451 vel
719 2422 834 2463 quae
861 2407 1140 2463 recipiuntur
1163 2408 1250 2451 alio
1274 2409 1537 2463 mittendae,
1562 2420 1608 2452 et
1636 2418 1684 2452 vt
1713 2411 1814 2456 illae
1837 2410 1853 2436 ¹¹
1876 2426 1946 2455 re-

317 2486 559 2542 cipiantur,
585 2500 700 2540 quae
724 2486 780 2527 ad
803 2499 885 2526 nos
908 2484 1164 2526 mittuntur.

409 2565 631 2608 Seruetur
654 2562 818 2604 modus
840 2560 1065 2604 scribendi
1089 2562 1222 2603 datus
1244 2576 1269 2603 a
1290 2564 1424 2606 Patre
1448 2573 1603 2606 nostro
1627 2564 1844 2620 generali;
1867 2579 1951 2609 ve«
1977 2615 1979 2619 ⁸

316 2657 414 2685 rum
438 2643 525 2683 hoc
550 2653 671 2682 nunc
695 2638 741 2680 in
765 2636 1021 2693 particulari
1045 2637 1257 2691 occurrit,
1285 2646 1331 2679 vt
1356 2639 1399 2681 in
1419 2641 1575 2683 eadem
1594 2641 1829 2696 prouincia
1852 2657 1940 2685 non
1977 2657 1981 2662 ·

316 2718 540 2761 scribatur
562 2732 618 2761 ex
640 2730 730 2758 vno
753 2715 809 2757 ad
834 2713 955 2756 aliud
988 2713 1231 2769 collegium
1266 2715 1605 2771 decimoquinto
1638 2732 1822 2773 quoque
1851 2718 1938 2771 die,

314 2805 362 2838 vt
386 2796 577 2846 solebat,
604 2793 683 2836 sed
705 2792 813 2835 satis
836 2790 920 2834 erit
942 2790 980 2832 si
1002 2791 1140 2833 semel
1164 2790 1208 2832 in
1234 2806 1403 2836 mense.

385 2966 401 2981 ³
452 2959 538 2990 erat
554 2965 625 2989 ms.
679 2954 744 2979 —b
771 2951 839 2987 ille.
854 2962 925 2988 ms,
