2028 3426
684 227 1110 264 INSTRUCTIONES—61
1590 227 1658 273 467

88 331 167 374 tia.
193 332 340 374 Actus
362 329 626 372 humilitatis
644 337 954 373 exerceantur.
980 327 1194 384 Superior
1211 328 1414 373 adeatur.
1435 328 1622 371 Dicatur
1641 336 1708 372 to-

93 415 189 450 tum
211 406 472 463 psalterium
496 405 668 449 ordine.
691 407 843 448 Vnum
865 405 1004 461 eligat
1025 419 1080 448 ex
1102 403 1344 460 superioris
1366 405 1605 457 sententia,
1631 406 1707 461 qui

88 483 212 539 ipsos
234 483 280 524 in
302 482 460 538 spiritu
484 482 723 525 admoneat
744 489 789 525 et
811 482 951 526 iuuet.

181 559 385 603 Indicere
407 566 454 600 vt
477 558 670 614 singulis
688 558 986 602 hebdomadis
1002 558 1150 613 aliqua
1166 558 1245 600 fiat
1262 557 1536 613 poenitentia
1553 560 1707 610 semel,

94 644 139 680 et
164 643 379 687 recurrat,
406 640 490 682 280
513 643 561 678 vt
583 650 672 677 vna
701 635 984 678 hebdomada
1015 634 1260 678 recitentur
1287 634 1445 690 psalmi
1474 635 1711 689 poeniten—

96 713 223 757 tiales
246 727 349 755 cum
373 711 554 754 litaniis:
582 711 651 754 2.a
673 712 957 754 hebdomada
979 711 1204 755 ieiunetur
1224 725 1315 753 vno
1333 711 1420 753 die:
1443 719 1508 765 3?
1529 712 1608 754 fiat
1624 727 1713 754 vna

40 827 44 829 .
90 789 330 845 disciplina
353 796 529 833 secreta
552 789 623 831 vel
647 803 726 843 per
747 802 885 830 vnum
914 787 1176 831 «Miserere»
1203 788 1274 831 vel
1296 802 1376 843 per
1406 789 1500 830 «De
1523 788 1711 843 profun-

98 866 210 909 dis›>:
235 874 303 926 4.ξὶ
325 865 488 922 poterit
511 865 680 921 gestari
712 879 790 920 per
813 864 928 908 diem
955 878 1007 907 ac
1031 871 1207 907 noctem
1237 864 1446 916 cilicium,
1474 865 1546 908 vel
1574 864 1715 908 inter-

96 943 173 986 diu
197 943 371 994 saltem,
398 943 454 985 ad
476 941 688 984 iudicium
712 941 988 984 confessarii.

187 1020 435 1062 Iubeantur
459 1019 760 1074 poenitentiae
783 1018 968 1060 aliarum
992 1018 1299 1074 asperitatum,
1320 1026 1415 1060 tum
1438 1017 1572 1060 etiam
1598 1018 1717 1074 digi-

101 1104 247 1139 torum
272 1097 327 1138 ad
349 1110 527 1151 vngues
545 1095 664 1150 ipsos
687 1094 885 1136 omnium
910 1096 1096 1137 acerbae
1118 1095 1329 1137 dentibus
1351 1094 1714 1138 mordicationes.

101 1180 145 1216 et
168 1173 353 1215 aliarum
375 1171 568 1228 partium
592 1185 766 1222 manus,
789 1170 863 1212 vbi
887 1171 1023 1226 recipi
1046 1171 1185 1227 possit
1208 1170 1474 1214 mordicatio
1496 1179 1526 1214 ἃ.

190 1251 252 1293 Vt
281 1256 476 1292 voueant
506 1247 709 1290 difficiles
738 1247 1011 1302 disciplinas,
1038 1247 1072 1290 si
1097 1247 1356 1299 inciderint,
1388 1255 1432 1290 et
1463 1248 1606 1292 cilicia
1639 1263 1722 1304 ge-

101 1334 238 1370 stare.
298 1348 301 1349 ⁷

193 1407 253 1449 Vt
277 1401 476 1457 quotidie
501 1402 691 1443 offerant
709 1407 829 1452 vota,
857 1415 972 1456 quae
995 1402 1163 1443 habent
1186 1400 1439 1452 Societatis,
1465 1402 1536 1445 vel
1558 1402 1724 1444 confir-

106 1487 230 1523 ment
252 1478 533 1534 propositum
557 1485 666 1521 suae
687 1477 951 1529 vocationis,
977 1474 1138 1520 si'vota
1160 1492 1249 1519 non
1272 1479 1486 1522 habeant.

193 1557 364 1599 Curare
386 1570 465 1610 per
495 1554 819 1597 confessarium
848 1561 892 1595 et
929 1553 1219 1609 superiorem,
1245 1561 1291 1595 vt
1321 1554 1405 1596 sibi
1434 1554 1658 1598 orationes
1680 1563 1724 1598 et

106 1634 266 1676 missae
289 1631 583 1691 applicentur.

199 1711 342 1753 Orare
364 1715 413 1750 vt
437 1707 521 1750 sibi
540 1707 767 1750 orationes
785 1715 828 1751 et
846 1707 1064 1750 sacrificia
1080 1707 1268 1762 prosint,
1290 1722 1406 1762 quae
1423 1723 1503 1763 pro
1526 1723 1574 1751 se
1592 1709 1722 1751 fiunt.
1765 1740 1769 1744 -

197 1786 400 1829 Educere
424 1784 593 1827 animas
616 1799 671 1827 ex
696 1783 954 1839 purgatorio
976 1798 1031 1826 ex
1053 1783 1306 1840 priuilegio.

199 1864 328 1905 quat
345 1862 390 1903 in
414 1861 631 1917 grauibus
655 1861 801 1903 carnis
825 1860 1145 1903 tentationibus
1168 1868 1212 1903 et
1234 1846 1515 1904 illusionibus
1533 1861 1728 1905 dormire

107 1939 337 1982 vestitum.

202 2018 348 2066 quat,
374 2015 449 2057 vbi
474 2014 675 2070 grauiter
699 2021 837 2056 noctu
861 2021 1059 2057 tentatur
1087 2013 1201 2070 quiS,
1233 2020 1301 2060 281
1326 2015 1496 2058 habere
1518 2030 1729 2059 excusso—

114 2093 228 2135 rium
253 2092 388 2148 ignis,
414 2099 458 2133 et
481 2106 672 2134 excusso
695 2090 816 2146 igne,
841 2091 1005 2133 dedere
1026 2105 1074 2133 se
1106 2091 1286 2133 lectioni
1314 2091 1494 2135 diuinae
1523 2093 1730 2136 attentis-

115 2170 225 2213 sime
247 2176 292 2212 et
314 2168 503 2211 orationi
525 2167 814 2211 deuotissime
842 2183 896 2211 ex
919 2167 1076 2210 timore
1099 2175 1143 2210 et
1165 2169 1260 2210 zelo
1282 2167 1316 2211 b.

204 2247 334 2288 quat
356 2245 549 2287 dormire
572 2244 618 2286 in
641 2243 851 2286 cubiculo
879 2244 1135 2299 superioris,
1161 2245 1232 2287 vel
1260 2245 1521 2289 confessarii
1543 2253 1575 2299 0,
1600 2246 1732 2288 mini-

118 2321 213 2373 stri,
237 2322 311 2384 yel
333 2321 521 2364 alicuius
545 2319 766 2376 grauioris
790 2319 936 2362 Patris
959 2327 1013 2384 et.
1025 2321 1283 2364 venerandi.

208 2399 359 2453 Opera
382 2397 696 2453 probationum
719 2396 955 2440 Societatis
978 2404 1144 2452 petere.

208 2475 390 2517 Immitti
413 2482 561 2530 potest
584 2473 766 2516 afflictio
795 2488 850 2516 ex
880 2474 1166 2518 accusatione
1196 2475 1267 2517 vel
1297 2475 1735 2531 reprehensionibus,

120 2560 169 2593 vt
192 2551 248 2594 sit
271 2552 393 2606 quod
415 2551 560 2607 magis
583 2558 740 2606 vrgeat
763 2565 897 2606 quam
921 2550 1124 2593 tentatio.

212 2627 487 2670 Exercitium
520 2628 772 2683 corporale.
809 2627 954 2670 Maius
988 2636 1164 2683 tempus
1202 2628 1432 2673 orationis.
1467 2630 1527 2670 Vt
1565 2629 1744 2684 legatur

125 2704 286 2759 aliquis
308 2704 422 2747 liber
446 2705 642 2746 deuotus
667 2703 984 2759 et*app0situs.
1018 2704 1243 2758 Reliquias
1274 2704 1453 2747 visitare
1482 2712 1526 2747 et
1554 2704 1746 2747 sanctis-

126 2781 287 2823 simum
310 2787 656 2824 sacramentum.

215 2857 473 2900 Mendicare
500 2871 600 2899 cum
626 2856 789 2899 saccis.

199 2973 215 2990 a
264 2963 371 2997 Haec
390 2962 410 2996 8
430 2963 550 2997 verba
570 2961 699 2997 addita
718 2962 925 3008 posterius.
983 2964 1048 2988 —¹›
1076 2963 1182 2996 Haec
1200 2961 1220 2996 8
1240 2962 1357 2996 verba
1377 2960 1504 2995 addita
1531 2961 1741 3007 posterius.

87 3023 89 3027 ⁴
128 3030 194 3048 -0
219 3022 327 3056 Haec
347 3030 366 3055 2
385 3022 504 3055 verba
524 3019 652 3055 addita
674 3020 879 3066 posterius.
