2028 3426
285 192 353 235 894
861 190 998 226 Eprsr.
1029 189 1070 227 P.
1101 189 1251 225 NADAL

235 291 550 337 Cliristopliorus,
571 291 913 336 Wurtternbergae
925 290 1018 335 dux,

284 350 371 394 773·

235 410 430 452 Christus,
451 411 582 455 Jesus,
603 409 802 445 bominum
827 415 1014 456 servator,

284 469 579 514 potentissimus
598 469 727 503 omnia
752 480 909 514 regens,
932 469 1016 512 6823

282 528 462 563 solatium
480 534 669 571 nostrum,
685 526 768 573 683,
784 537 868 572 7οο;
884 539 1017 563 ascen-

281 587 378 622 dens
404 587 441 622 in
467 588 618 622 caelum
645 598 710 621 cor
730 593 904 622 nostrum
929 588 1017 622 abs-

283 645 396 689 tulit,
431 644 520 686 683;
560 645 597 680 in
633 645 798 691 singulis
834 646 1016 691 operibus

283 704 423 739 nostris
455 703 682 750 imitandus,
711 703 796 749 6843
829 705 867 739 in
899 703 1016 740 missa

284 764 386 798 Patri
415 763 652 809 offerendus,
679 763 769 808 6863
796 764 921 810 gratia
947 775 1016 799 sua

281 823 405 858 salvat
429 834 564 858 omnes
590 828 758 866 sanctos,
778 822 863 867 6863
888 823 967 869 jam
995 834 1016 857 a

282 893 349 916 sua
377 881 632 927 conceptione
657 892 814 916 crucem
840 887 1014 928 exoptat,

281 939 366 984 6903
393 939 477 985 ejus
497 940 698 984 sanguinis
724 940 911 983 efficacia,
930 941 1014 986 692,

282 999 366 1044 ejus
392 1011 595 1045 personam
625 999 830 1034 induamus
847 1004 1014 1045 oportet,

279 1059 363 1104 697,
381 1059 465 1104 ejus
482 1059 552 1095 SS.
569 1058 708 1094 Cordis
724 1070 863 1094 sensus
879 1059 921 1095 P.
943 1059 1016 1094 Na-

283 1118 348 1153 tali
373 1118 501 1160 datus,
527 1127 611 1164 701,
632 1119 716 1164 ejus
742 1119 871 1165 passio
890 1119 929 1154 in
949 1119 1017 1154 So-

280 1177 423 1212 cietate
444 1177 628 1212 imitanda
648 1189 716 1224 per
739 1178 1013 1225 poenitentias,

280 1235 366 1282 703,
386 1237 433 1271 ad
459 1249 547 1271 eum
577 1238 613 1272 in
640 1244 883 1273 sacramento
910 1249 1016 1284 prae·

280 1302 431 1331 sentem
451 1295 772 1342 confugiendum,
789 1304 829 1332 ut
849 1297 1016 1344 discipu—

280 1355 306 1390 li
327 1367 372 1390 eo
392 1356 552 1391 vivente
577 1356 785 1400 faciebant,
807 1366 891 1402 7053
913 1357 1015 1393 vitae

279 1415 475 1450 interioris
496 1415 742 1461 principium,
758 1425 842 1462 7093
858 1428 1017 1463 quomo-

280 1474 330 1508 do
362 1485 383 1508 a
409 1475 522 1510 nobis
555 1474 789 1520 induendus,
814 1484 897 1522 710,
931 1475 1016 1522 ejus

284 1533 561 1578 misericordia,
588 1542 670 1580 711,
698 1535 782 1579 ejus
810 1535 913 1570 vitae
940 1546 1014 1570 me-

278 1591 429 1635 ditatio,
462 1600 550 1638 717,
582 1592 666 1638 ejus
698 1593 901 1635 nativitas,
930 1602 1015 1639 720,

279 1649 449 1695 723-7253
475 1651 669 1697 quomodo
696 1651 780 1697 ejus
805 1652 909 1687 vitae
937 1664 1018 1699 my-

277 1710 394 1744 steria
411 1710 515 1745 vitae
531 1711 723 1757 spirituali
741 1719 916 1757 prosunt,
932 1721 1015 1756 722;

279 1770 363 1816 ejus
383 1771 616 1806 resurrectio
637 1771 755 1806 vitam
775 1773 1017 1818 spiritualem

278 1841 347 1864 nos
367 1830 521 1875 edocet,
543 1839 627 1875 722;
647 1831 826 1866 ascensio
844 1837 1014 1867 contem·
1067 1867 1070 1872 ,

277 1888 500 1934 plationem3
518 1888 594 1924 Cor
613 1891 709 1935 Jesu
723 1889 908 1925 fulcimen
928 1901 1016 1925 cor·

276 1946 335 1981 dis
355 1947 492 1991 nostri,
512 1956 689 1992 721-722.

230 2006 545 2051 Clirysostomus,
565 2018 602 2041 ν.
619 2007 807 2052 Joannes,
827 2006 937 2043 Stus.

229 2063 437 2098 Ciaconius
491 2064 715 2110 (Chac6n)‚
769 2066 1014 2113 Alphonsus,

276 2122 323 2159 O.
343 2123 400 2168 1³„
422 2124 570 2169 script.,
594 2125 672 2169 184.

229 2182 372 2228 Cibus,
404 2183 528 2228 qualis
564 2183 666 2230 apud
697 2190 891 2220 nostrates
927 2195 1014 2219 esse

275 2241 430 2284 ‹iebeat3
448 2242 577 2276 variae
593 2242 641 2277 de
657 2254 703 2277 eo
719 2243 1011 2288 instructiones,

275 2300 358 2345 239,
379 2310 464 2345 240,
485 2310 567 2345 251,
589 2311 672 2345 252,
706 2304 790 2348 256,
814 2303 896 2348 285,
928 2312 1010 2349 290,

277 2360 358 2405 298,
390 2359 473 2406 312,
494 2359 578 2403 318,
600 2360 684 2406 322,
712 2360 797 2407 330,
823 2361 906 2408 334,
928 2370 1012 2407 500,

278 2418 359 2464 560,
386 2421 468 2464 561,
500 2419 673 2467 605-609,
704 2420 781 2455 cibi
813 2421 1013 2467 prohibiti,

278 2477 357 2521 543-

229 2537 382 2580 Cicero,
406 2539 555 2573 Marcus
575 2539 741 2584 Tullius,
762 2539 912 2586 script,
926 2540 1010 2585 645,

277 2596 360 2640 055,
379 2597 464 2639 657,
487 2596 568 2639 858-

231 2654 429 2698 Cipriano,
451 2667 485 2690 v,
507 2655 744 2701 Cyprianus.

230 2713 413 2748 Clemens
434 2715 536 2758 VIII,
566 2716 608 2750 P.
639 2717 706 2760 M„
726 2721 766 2751 et
800 2716 1012 2762 Gregorius

277 2771 324 2805 de
346 2773 537 2809 Valentia.
558 2775 640 2817 7263
668 2781 708 2809 et
739 2775 1012 2811 meditationes

281 2831 324 2864 P.
351 2831 513 2874 Natam,
539 2833 709 2880 726-728,
730 2833 813 2880 369,
832 2845 915 2879 402.

230 2888 355 2922 ('1ivia
387 2891 539 2933 (Cleve,
575 2892 725 2937 Κ1ον0),
757 2904 863 2940 opp.,
898 2900 1013 2941 caput

278 2948 439 2983 ducatus
459 2951 667 2993 clm-«nnsis,
683 2952 765 2995 814,
785 2955 867 2997 815.

1093 290 1353 336 Coadjutores
1369 292 1592 338 spirituales
1608 292 1646 327 in
1661 292 1875 338 Societate,

1139 349 1200 397 34,
1223 352 1300 398 176,
1326 352 1407 399 180,
1431 352 1512 398 187,
1531 353 1614 397 482.

1092 409 1348 457 Coadjutores
1380 413 1633 458 temporales,
1676 412 1756 458 178,
1795 413 1875 458 187,

1143 470 1224 515 189,
1244 478 1326 514 215,
1347 470 1429 514 258,
1452 471 1535 515 260,
1565 471 1647 517 319,
1676 471 1759 517 334,
1790 471 1872 513 361,

1138 537 1318 573 452-454,
1352 530 1436 575 481,
1473 538 1555 575 517,
1588 529 1758 577 531-532‚
1792 530 1874 576 5343

1137 588 1221 632 621,
1240 588 1323 633 622,
1340 588 1423 622 626.

1090 647 1365 694 Cocquefines,
1386 647 1561 692 Carolus,
1577 647 1724 694 script.,
1743 647 1826 694 390.

1090 706 1232 752 Cocus,
1251 706 1310 751 87,
1332 706 1414 751 258,
1433 705 1518 751 319,
1538 715 1620 751 572.

1090 765 1284 801 Codacius
1297 765 1515 810 (Codacio),
1534 766 1577 800 P.
1594 767 1748 811 Petrus,
1764 766 1804 801 S.
1821 767 1875 812 J.,

1137 825 1220 870 875.

1089 884 1284 920 Codurius
1298 884 1543 930 (Coduri),P.
1561 886 1749 932 joannes,
1764 886 1804 921 S.
1821 887 1875 932 J.,

1136 943 1197 990 36,
1220 943 1298 989 137.

1088 1003 1234 1047 Coena,
1256 1012 1338 1049 291,
1358 1002 1442 1049 348,
1461 1003 1546 1049 513,
1563 1005 1738 1051 605-609,

1088 1061 1276 1108 Coenula,
1299 1063 1360 1097 vel
1377 1063 1548 1111 collatio,
1575 1073 1659 1110 245,
1680 1064 1761 1112 543,
1788 1066 1875 1111 605,

1135 1121 1218 1158 621.

1088 1179 1330 1226 Cognomina
1348 1180 1387 1215 in
1406 1181 1604 1217 Societate
1630 1184 1771 1219 mutari
1791 1195 1876 1230 pos-

1136 1244 1242 1284 sunt,
1261 1247 1345 1274 201.
1431 1234 1433 1236 ’

1088 1296 1342 1344 Cogordanus
1361 1298 1613 1344 (Cogordan),
1633 1300 1676 1335 P.
1697 1301 1875 1347 Pontius,

1136 1357 1178 1396 S.
1214 1359 1268 1404 J.,
1297 1369 1384 1393 cum
1417 1358 1617 1395 Bobadilla
1635 1359 1873 1396 Societatem

1137 1417 1351 1463 perturbat,
1389 1426 1474 1459 Χν1,
1510 1425 1680 1464 107-112,
1708 1427 1874 1465 114-117,

1140 1485 1308 1522 119-12,2‚
1331 1485 1412 1522 125,
1434 1475 1514 1523 132,
1541 1488 1562 1512 a
1590 1478 1792 1514 Bobadilla
1810 1479 1874 1514 de-

1137 1533 1321 1578 fenditur,
1337 1534 1421 1580 733.

1089 1594 1285 1641 Coimbra,
1308 1606 1345 1629 v.
1363 1593 1624 1631 Conimbrica.

1089 1653 1326 1690 Collationes
1354 1655 1402 1691 de
1433 1657 1551 1704 rebus
1577 1656 1625 1692 ad
1656 1657 1874 1704 profectum

1136 1713 1296 1759 spiritus
1308 1715 1593 1760 spectantibus,
1603 1715 1775 1762 553-554,
1790 1716 1874 1752 680.

1090 1772 1266 1819 Collegia
1284 1773 1323 1808 in
1355 1773 1567 1810 Societate.
1599 1776 1741 1811 Eorum
1768 1775 1875 1811 insti-

1137 1833 1252 1878 tutio,
1277 1833 1594 1879 constitutiones,
1620 1836 1794 1882 regulae,
1816 1844 1874 1880 25,

1137 1900 1194 1936 29,
1215 1890 1275 1934 33,
1294 1892 1352 1937 48,
1387 1901 1444 1937 5-1,
1474 1891 1533 1938 62,
1560 1893 1621 1938 64,
1647 1902 1705 1937 7ο,
1732 1902 1792 1940 71,
1813 1902 1873 1941 79,

1136 1950 1300 1996 89,176,
1331 1951 1408 1996 178,
1443 1961 1524 1996 215,
1559 1953 1642 1996 216,
1675 1961 1758 1998 279,
1789 1953 1871 1998 316,

1135 2007 1219 2053 372,
1238 2009 1322 2053 623,
1341 2010 1424 2055 628,
1449 2010 1533 2057 633,
1555 2022 1688 2046 eorum
1714 2012 1875 2058 penuria

1135 2079 1211 2113 quo
1241 2076 1354 2114 pacto
1385 2069 1641 2115 sublevanda,
1672 2079 1756 2117 502,
1783 2071 1876 2106 ordo

1135 2128 1344 2173 generalis,
1377 2128 1546 2175 513-514,
1577 2129 1782 2165 instructio
1806 2141 1874 2176 pro

1136 2187 1200 2230 iis,
1233 2186 1300 2233 qui
1330 2187 1420 2222 novi
1442 2189 1603 2223 veniunt
1621 2188 1668 2223 ad
1693 2188 1870 2235 collegia,

1135 2246 1313 2290 546-5473
1346 2246 1554 2292 collegium
1587 2247 1872 2292 germanicum,

1136 2316 1172 2341 v.
1191 2304 1327 2339 Roma.
1511 2347 1514 2351 ¹

1088 2363 1290 2410 Colloquia
1316 2363 1478 2410 privata,
1516 2376 1699 2410 magnum
1731 2375 1872 2411 praesr-

1133 2421 1239 2456 dium
1266 2421 1313 2456 ad
1341 2422 1535 2468 proximos
1558 2422 1768 2468 juvandos,
1787 2423 1873 2458 661-

1134 2481 1217 2526 665.

1087 2540 1294 2576 Colmenar
1314 2540 1437 2586 Viejo,
1457 2552 1562 2586 opp.,
1582 2540 1665 2576 803.

1086 2598 1249 2634 Colonia
1265 2598 1481 2645 Agrippina
1493 2599 1622 2644 (Coln,
1634 2601 1763 2645 ΚόΙη),
1781 2612 1870 2647 opp.

1135 2658 1418 2693 Instructiones
1445 2669 1466 2692 a
1498 2658 1626 2694 Natali
1658 2658 1711 2694 ibi
1741 2658 1870 2706 datae,

1133 2716 1302 2763 312320,
1317 2719 1364 2752 ab
1380 2717 1516 2752 eodem
1532 2717 1741 2753 Societatis
1756 2719 1871 2753 colle-

1133 2777 1241 2822 gium
1261 2776 1456 2820 invisitur,
1470 2775 1641 2821 788-7893
1661 2777 1870 2822 collegium

1135 2835 1251 2871 trium
1287 2846 1533 2880 coronarum,
1571 2833 1653 2881 3173
1694 2844 1750 2879 12,
1787 2836 1869 2882 326,

1135 2894 1219 2940 333,
1238 2894 1320 2939 355,
1338 2893 1420 2938 356;
1437 2894 1594 2940 collegii
1614 2894 1654 2931 S.
1676 2896 1712 2940 J.
1728 2900 1866 2941 rector,

1138 2965 1176 2988 v.
1198 2954 1414 2990 Kesselius.
