2028 3426
310 199 379 245 324
782 200 934 234 Partus
961 199 1203 233 HfflRoNYm
1229 196 1380 232 NADAL

263 309 364 344 ceat
387 303 575 344 Romam
599 301 795 353 mittere,
823 299 898 355 qui
923 299 1132 344 mittendi
1149 298 1365 350 dicuntur
1381 315 1436 344 ex
1454 300 1631 344 ratione
1648 299 1768 343 ill'ius
1786 315 1905 344 con-—

266 378 526 422 tributionis
547 380 603 422 ad
627 379 812 421 alendos
835 376 1048 428 nouitios‚
1075 391 1190 431 quae
1215 378 1403 420 Romam
1433 377 1569 421 missa
1598 385 1682 422 est.

352 457 463 500 Item
488 456 713 499 scribatur
734 456 791 497 de
815 456 866 497 Ρ.
894 455 1016 496 Fahe
1040 454 1262 498 mittendo
1291 454 1573 511 Herbipolim
1605 471 1662 499 ex
1685 456 1900 501 Polonia..

353 534 462 576 Item
487 534 542 576 de
564 534 699 575 docto
721 532 1008 588 philosopho,
1033 530 1110 585 qui
1134 531 1276 586 possit
1304 533 1580 587 respondere
1603 540 1648 576 et
1672 532 1788 576 tueri
1810 547 1895 576 au-

266 610 523 653 thoritatem
544 618 816 652 nostrorum.
839 610 877 651 T
882 609 1076 664 heologo
1094 609 1210 652 bene
1227 609 1417 652 fundato
1437 617 1558 654 esset
1577 625 1710 666 opus,
1723 617 1767 655 et
1782 625 1896 654 con-

265 687 428 730 sultius
448 695 570 730 esset
592 687 706 728 duos
729 685 844 727 mitti
868 685 1161 741 philosophos
1184 693 1228 729 et
1253 687 1492 743 theologos
1515 688 1573 729 ob
1598 687 1895 731 consuetudi-

266 779 368 808 nem
392 763 633 808 Societatis
656 763 957 814 retinendam,
977 772 1022 805 et
1040 777 1098 806 ne
1114 763 1260 806 nostri
1282 762 1328 805 in
1351 770 1664 819 contemptum
1689 763 1893 807 veniant.

267 841 334 895 3.⁰
358 856 414 885 ne
437 855 553 896 opus
575 841 631 883 sit
655 840 851 895 pendere
873 854 928 882 ex
952 839 1194 892 adiunctis,
1219 847 1264 883 et
1287 841 1434 884 varias
1457 842 1513 884 ab
1536 841 1624 884 illis
1653 841 1896 884 difficulta-

269 926 336 960 tes
359 918 526 969 subire,
552 917 627 972 qui
652 917 761 960 satis
785 916 970 969 morosi,
996 923 1041 959 et
1064 916 1110 959 in
1133 916 1407 973 disputando
1445 918 1641 971 molesti,
1668 918 1798 962 nobis
1828 919 1895 961 vi-

268 996 433 1037 dentur
458 995 612 1037 futuri.

356 1074 529 1116 Interea
557 1073 664 1114 dum
693 1072 966 1127 profitentur
991 1074 1042 1115 Ρ.
1071 1074 1236 1116 Torres
1263 1074 1272 1094 ¹
1304 1073 1541 1129 epistolam
1571 1074 1626 1116 ad
1655 1073 1822 1116 Timot.
1856 1086 1894 1126 1,

268 1158 312 1193 et
350 1151 402 1192 P.
446 1149 549 1191 Pisa
588 1148 820 1193 materiam
859 1150 915 1191 de
945 1158 1232 1194 sacramento
1267 1149 1569 1194 eucharistiae
1607 1157 1653 1194 et
1688 1150 1898 1206 vbiquei-

269 1234 375 1278 tate,
397 1233 552 1282 posset
573 1225 737 1282 attingi
761 1226 805 1268 in
825 1226 1106 1282 praefatione
1129 1227 1453 1283 augustiniana
1475 1228 1490 1248 ²
1514 1227 1669 1271 breuis
1687 1227 1900 1270 tractatio

269 1310 426 1347 contra
455 1303 618 1345 librum
653 1303 974 1359 tubingensem
1004 1305 1018 1325 ³
1043 1311 1087 1347 et
1116 1304 1351 1348 Smidelini
1380 1305 1413 1357 ⁴,
1439 1319 1530 1348 non
1559 1305 1704 1348 solum
1739 1305 1783 1347 in
1814 1319 1898 1361 ge-

269 1396 391 1431 nere,
412 1382 507 1431 sed,
533 1381 569 1423 si
593 1380 689 1423 fieri
713 1388 881 1435 posset,
904 1382 1268 1437 respondendum
1292 1390 1412 1426 esset
1434 1383 1490 1425 ad
1512 1383 1603 1425 duo
1623 1383 1694 1426 uel
1718 1382 1802 1425 tria
1825 1396 1898 1424 ar-

267 1465 485 1513 gumenta
507 1457 773 1510 difficiliora,
799 1465 843 1501 et
866 1472 989 1501 nunc
1013 1459 1122 1502 satis
1144 1474 1244 1503 esse
1265 1474 1345 1515 per
1367 1459 1682 1516 Augustinum
1714 1474 1902 1516 respon-

268 1535 390 1586 dere,
423 1542 468 1578 et
495 1537 582 1577 hoc
611 1535 738 1578 breui
764 1535 1048 1591 compendio:
1074 1536 1335 1579 huiusmodi
1364 1536 1750 1593 importunitatem
1774 1538 1900 1580 calu-

269 1611 553 1664 mniantium,
594 1619 639 1655 et
675 1612 910 1655 stultitiam
950 1613 1138 1656 istorum
1177 1613 1327 1669 potius
1364 1615 1740 1658 contemnendam
1780 1629 1897 1668 esse,

269 1688 385 1731 sicut
408 1688 509 1744 pius
531 1690 801 1746 peregrinus
824 1705 914 1733 non
937 1698 1066 1733 curat
1089 1691 1276 1734 latratus
1299 1706 1463 1734 canum
1487 1691 1817 1735 insultantium.

358 1767 597 1809 Consultet
620 1767 909 1822 prouincialis
931 1781 1034 1810 cum
1058 1768 1244 1812 delectis
1267 1769 1536 1824 quibusdam
1555 1770 1612 1814 de
1629 1769 1803 1813 ratione
1820 1783 1902 1812 va-

269 1843 496 1886 cationum
522 1843 565 1885 in
590 1844 798 1899 collegiis
820 1844 1094 1889 Germaniae
1122 1845 1404 1890 vniformiter
1425 1847 1726 1899 obseruanda3
1754 1846 1822 1890 2.⁰
1845 1847 1910 1890 de·

267 1919 507 1973 conuiuiis,
533 1935 590 1963 an
614 1927 659 1964 et
682 1935 773 1976 quo
797 1928 930 1977 pacto
953 1921 1027 1964 illa
1055 1922 1251 1967 debeant
1281 1923 1418 1975 adire,
1453 1924 1526 1966 uel
1554 1923 1600 1965 in
1631 1923 1718 1966 illis
1746 1937 1795 1967 se
1818 1936 1902 1979 ge-

270 2010 366 2040 rere
390 1997 531 2040 nostri
555 2006 586 2041 ²¹.

355 2074 430 2118 Sic
460 2075 715 2131 corrigatur
736 2075 974 2119 instructio
997 2075 1015 2102 ¹³
1043 2076 1325 2132 dilingensis.
1352 2077 1445 2133 Qui
1475 2078 1530 2120 ad
1558 2077 1906 2122 vniuersitatem

268 2151 473 2203 veniunt,
517 2153 745 2196 moderate
783 2152 933 2209 potius
967 2155 1073 2209 <non
1103 2153 1408 2211 indulgenter)
1447 2169 1582 2210 quam
1621 2169 1780 2199 seuere
1810 2161 1904 2198 tra-

268 2235 465 2272 ctentur.

357 2306 621 2362 Ingolstadii
640 2308 950 2361 quaerendum
968 2323 1024 2352 ex
1046 2315 1221 2352 rectore
1238 2309 1360 2364 quod
1376 2323 1466 2352 non
1485 2308 1595 2352 satis
1619 2308 1908 2352 meminimus

271 2397 408 2437 quare
433 2383 655 2439 accipiant
684 2399 823 2427 vnum
853 2386 1073 2429 florenum
1098 2400 1178 2442 pro
1209 2387 1376 2429 famulo
1412 2386 1745 2440 conuictorum,
1771 2393 1815 2430 et
1839 2394 1906 2429 ta-

273 2474 375 2503 men
400 2475 490 2502 non
517 2461 639 2503 alant
675 2475 796 2506 eum.
838 2463 948 2506 Item
972 2475 1053 2504 cur
1091 2462 1290 2518 quinque
1317 2463 1474 2506 floreni
1511 2470 1617 2506 sunt
1639 2478 1723 2520 pro
1746 2463 1905 2508 eodem

343 2607 359 2622 ³¹
387 2597 428 2630 In
449 2597 624 2641 margine
644 2597 801 2633 Polanci
822 2610 948 2636 manu:
988 2599 1202 2634 Videamus
1219 2600 1324 2644 quod
1342 2599 1407 2634 illi
1435 2601 1625 2636 sentiant.
1702 2602 1768 2627 —b
1794 2600 1911 2636 Prius

274 2667 419 2697 ennon,-
438 2655 528 2690 dein
550 2656 699 2691 Natalis
719 2668 833 2691 manu
853 2657 1116 2704 emendatum,
1138 2663 1179 2692 ut
1198 2669 1326 2704 supra.

348 2772 357 2792 ¹
411 2773 453 2807 P.
483 2774 747 2820 Hieronymus
766 2775 922 2820 Turres,
943 2776 1065 2811 lector
1085 2776 1319 2822 theologiae.
1345 2776 1405 2813 Cf.
1433 2777 1562 2823 Epist.
1590 2778 1639 2813 P.
1666 2778 1818 2820 Nadal,
1839 2778 1911 2817 111.

275 2840 306 2864 2(
324 2831 359 2865 8.

304 2843 320 2873 )
344 2893 356 2910 ²
410 2889 471 2924 Cf.
497 2891 624 2937 Epist.
647 2892 695 2926 P.
717 2891 868 2936 Ναάαί,
888 2893 957 2938 111,
978 2901 1036 2939 213
1053 2899 1092 2929 et
1111 2905 1242 2940 supra,
1260 2905 1376 2941 pagg.
1398 2894 1483 2941 260,
1502 2895 1584 2930 261.

346 2950 358 2966 ·“·
411 2950 469 2983 De
489 2951 561 2985 hoc
582 2950 682 2985 libro
700 2950 750 2986 cf.
778 2952 908 2998 Epist.
931 2953 978 2987 Ρ.
1000 2953 1151 2995 Natant,
1172 2954 1238 2997 ΙΙΙ,
1257 2962 1339 2999 772.

346 3010 360 3028 ⁴
412 3008 470 3043 Cf.
495 3009 627 3055 Epist.
654 3011 701 3044 P.
722 3010 873 3052 nadal,
895 3012 960 3057 III,
983 3020 1038 3058 25,
1063 3014 1120 3049 26.
