2028 3426
602 259 874 295 MONUMENTA
899 259 1167 302 ITALIAE-14
1583 257 1643 292 131

34 347 35 350 Ἴ
69 363 150 414 tio,
176 361 427 417 praeposito
451 358 691 403 Societatis
706 361 833 416 Jesu,
860 358 1131 414 gubernatio
1154 361 1211 401 sit
1235 358 1291 401 de
1318 357 1415 400 iure
1438 371 1576 411 penes
1606 357 1697 412 pri-

16 481 20 488 „
70 453 169 482 vmos
195 440 352 480 Patres
375 436 656 488 fundatores,
683 450 740 478 an
762 449 902 490 penes
925 436 1150 490 quendam
1180 434 1491 476 introductum
1515 441 1592 476 aut
1616 448 1699 475 no—

70 514 291 569 minatum
314 512 547 564 vicarium,
574 526 718 566 usque
741 512 798 554 ad
819 511 1086 555 electionem
1111 510 1356 566 praepositi
1374 509 1617 565 generalis.

164 590 432 644 Priusquam
457 590 513 631 ad
536 595 659 630 tuam
681 602 863 631 causam
886 603 990 630 cum
1012 587 1183 630 iustitia
1212 594 1257 630 et
1287 586 1511 629 charitate
1550 587 1612 642 (vt
1652 593 1702 628 tu

73 666 286 723 loqueris)
311 674 328 690 a
346 666 528 718 accedo,
551 667 626 707 Pr.
650 664 913 722 Bo[badilla]
931 666 1017 707 hoc
1036 663 1143 706 mihi
1162 664 1434 719 respondeas
1451 662 1601 714 velim,
1622 677 1702 704 cur

78 751 172 787 toto
195 744 283 785 hoc
306 749 386 784 tuo
407 742 595 797 scripto,
620 748 756 796 atque
775 742 890 803 >adeo
908 741 1117 783 omnibus
1135 740 1231 783 aliis
1248 747 1339 782 tam
1357 739 1510 781 multis
1527 754 1701 782 sermo-

74 819 224 871 nibus,
252 818 472 874 epistolis,
498 817 828 873 chyrographis
865 818 921 859 de
946 827 1051 861 tuae
1082 816 1392 860 aristocratiae
1420 823 1557 870 atque
1589 816 1701 858 adeo

19 888 30 891 ⁷⁷
74 897 395 938 monarchatus
418 908 552 937 causa
576 893 751 945 aeditis,
779 901 872 936 tota
896 901 973 936 tua
1003 901 1071 938 est
1100 893 1218 936 actio
1255 892 1470 935 secularis
1507 907 1560 934 ac
1596 907 1702 947 pro-

75 973 243 1031 phana?
268 974 355 1014 Per
379 970 595 1013 iustitiam
619 970 769 1025 inquis
806 970 916 1012 mihi
954 970 1169 1014 conuenit
1207 977 1256 1012 ut
1289 969 1373 1012 sim
1403 970 1699 1025 gubernator3

74 1049 179 1091 volo
201 1048 340 1104 igitur
364 1061 464 1091 esse
487 1048 779 1103 gubernator.
807 1047 908 1089 Alia
932 1047 1106 1101 omitto,
1132 1061 1249 1102 quae
1270 1046 1420 1089 omnia
1443 1047 1575 1101 plena
1597 1053 1703 1089 sunt

74 1125 264 1181 spiritus
288 1123 521 1177 mundani,
548 1131 598 1165 ut
622 1139 677 1166 ne
700 1123 939 1166 scintillam
962 1123 1143 1179 quidem
1166 1123 1399 1179 religionis
1428 1124 1703 1177 praeseferre

79 1201 334 1250 uideantur,
361 1200 512 1243 omnia
530 1214 639 1244 uero
663 1200 978 1244 contentiones
996 1200 1243 1242 carnalium
1266 1199 1500 1242 hominum
1523 1199 1702 1241 imitan-

46 1269 165 1332 ⁸tur3
196 1279 306 1320 illud
344 1279 489 1320 solum
523 1265 627 1334 ago,
659 1279 781 1332 quod
811 1285 858 1319 tu
888 1292 1120 1333 nunquam
1160 1292 1252 1320 non
1290 1277 1405 1333 agis.
1453 1276 1607 1330 «Mihi,
1633 1277 1702 1319 in-

74 1355 195 1411 ·quis,
236 1354 452 1397 conuenit
484 1369 564 1410 per
602 1354 834 1405 iustitiam,
870 1361 916 1396 ut
954 1354 1036 1396 sim
1076 1355 1399 1410 gubernator»,
1441 1361 1528 1397 etc.
1571 1355 1704 1396 Hanc

81 1432 295 1475 rationem
334 1431 370 1474 si
403 1431 629 1487 patiamur
660 1432 716 1473 ad
750 1431 984 1487 religiosos
1018 1431 1229 1486 irrepere,
1267 1432 1341 1473 Pr.
1380 1433 1482 1483 Bo„
1510 1445 1600 1473 uno
1633 1431 1704 1473 die

81 1508 229 1551 interit
251 1523 385 1552 omne
401 1507 657 1550 institutum
677 1507 992 1550 monasticum.
1014 1509 1119 1551 Non
1138 1515 1207 1551 est
1225 1507 1460 1551 contentio
1479 1509 1536 1550 ad
1552 1507 1680 1563 digni
1695 1533 1704 1539 -

81 1593 215 1629 tatem
239 1585 285 1627 in
309 1600 418 1628 uero
447 1583 770 1636 monachismo,
804 1586 957 1637 Pater,
990 1586 1074 1627 hac
1106 1592 1184 1626 tua
1221 1584 1396 1628 ratione
1425 1592 1700 1640 comparata;

80 1663 158 1706 sed
188 1676 266 1717 per
297 1661 621 1714 humilitatem,
653 1676 734 1716 per
762 1660 832 1703 sui
867 1661 1172 1717 cognitionem
1202 1676 1254 1703 ac
1291 1668 1622 1716 contemptum,
1656 1668 1704 1704 ut

17 1742 20 1786 ζ
75 1746 234 1782 contra
252 1739 496 1782 contendat
520 1737 710 1792 quisque
735 1752 783 1780 se
811 1738 924 1796 adeo
947 1752 1045 1781 esse
1074 1737 1295 1793 ineptum,
1322 1739 1433 1781 adeo
1462 1739 1629 1780 malum
1660 1746 1704 1782 et

43 1802 207 1856 ”nihili
239 1815 483 1866 hominem,
511 1822 561 1856 ut
590 1814 714 1856 nulla
746 1829 836 1856 non
870 1814 1055 1866 iustitia,
1089 1815 1167 1856 sed
1201 1830 1257 1858 ne
1293 1814 1493 1869 equitate
1521 1814 1703 1870 quidem

21 1900 23 1930 3
83 1891 153 1933 uel
190 1890 361 1933 ratione
388 1890 530 1946 possit
568 1905 667 1934 esse
697 1890 916 1946 superior.
949 1892 1020 1932 Tu
1060 1897 1210 1933 tamen
1249 1890 1512 1942 conniteris,
1549 1898 1594 1933 et
1625 1906 1705 1947 per

76 1966 294 2010 ‘iustitiam
325 1967 522 2022 quidem,
549 1981 646 2009 esse
684 1967 888 2022 superior
920 1967 1230 2012 Aristarchus.
1263 1967 1508 2023 Quidnam,
1535 1982 1704 2022 quaeso

23 2033 26 2071 '-
54 2056 55 2061 ¹
83 2051 141 2097 te,
166 2053 233 2088 est
256 2045 377 2099 quod
407 2044 518 2086 uelis
557 2058 636 2099 per
664 2043 883 2086 iustitiam
919 2058 1019 2088 esse
1050 2045 1344 2100 gubernator,
1377 2043 1462 2086 nisi
1491 2045 1612 2099 quod
1636 2044 1707 2086 di-

22 2119 28 2164 ’ῗ
78 2128 221 2177 gnum
246 2128 293 2165 te·
312 2120 557 2173 existimes,
578 2120 653 2163 illo
671 2121 833 2176 gradu,
854 2120 965 2163 alios
981 2120 1211 2176 indignos;
1233 2121 1355 2176 quod
1374 2127 1422 2162 tu
1441 2120 1705 2176 sapientiam

29 2227 30 2230 η
85 2197 286 2239 obtineas
309 2196 582 2252 religiosam,
609 2196 682 2239 alii
711 2211 802 2239 non
831 2196 954 2249 item;
982 2203 1030 2238 tu
1059 2196 1178 2239 nosti
1211 2196 1470 2239 institutum
1503 2197 1700 2241 Societa-

81 2271 156 2334 τίς,
176 2273 249 2315 alii
271 2288 359 2316 non
383 2273 610 2326 nouerint3
639 2280 686 2316 tu
711 2273 780 2315 uir
801 2273 862 2316 sis
885 2272 902 2298 b
924 2274 1088 2326 bonus,
1114 2273 1184 2315 uir
1205 2274 1390 2329 probus,
1416 2273 1489 2316 alii
1512 2275 1568 2316 ad
1585 2281 1706 2316 tuam

81 2349 350 2404 probitatem
375 2357 418 2393 et
442 2349 691 2392 bonitatem
715 2364 805 2391 non
829 2350 1066 2393 accedant?
1091 2350 1220 2392 Haec
1250 2357 1373 2401 sunt,
1399 2364 1515 2405 quae
1544 2358 1592 2392 tu
1616 2365 1707 2392 non

79 2425 225 2467 solum
248 2425 377 2478 dicis,
404 2427 483 2470 sed
505 2427 695 2481 probare
718 2425 852 2469 etiam
876 2433 1012 2481 atque
1035 2425 1245 2469 euincere
1269 2427 1506 2470 contendis
1530 2440 1607 2482 per
1630 2427 1706 2468 ad-

26 2490 35 2541 Ϊ
86 2509 285 2554 uocatos,
312 2518 389 2558 per
414 2510 747 2558 procuratores,
774 2517 856 2558 per
885 2503 1093 2545 Bartolos
1116 2510 1161 2546 et
1190 2504 1398 2559 JasoneS.
1429 2504 1592 2546 Nonne
1621 2504 1707 2544 hoc

82 2584 153 2620 est
173 2579 375 2621 seculare
398 2592 450 2621 ac
468 2580 657 2621 uanum?
674 2580 839 2622 Nonne
857 2578 994 2633 pestis
1011 2580 1122 2622 haec
1141 2585 1209 2620 est
1226 2578 1492 2631 certissima,
1514 2594 1604 2621 non
1623 2580 1707 2622 So-

82 2651 258 2698 cietatis
280 2656 444 2707 solum,
471 2656 550 2698 sed
572 2654 842 2710 religionum
866 2654 1088 2696 omnium?
1110 2656 1273 2697 Nonne
1294 2657 1381 2697 hoc
1406 2662 1474 2699 est
1498 2655 1708 2697 omnibus

35 2767 38 2770 .
87 2727 276 2784 iudiciis,
294 2731 525 2786 exemplis,
547 2730 1015 2773 animaduersionibus
1032 2730 1377 2773 uindicandum?
1401 2731 1532 2784 Vide,
1555 2732 1704 2781 Pater,

34 2854 39 2867 ἦ
86 2819 177 2860 quo
206 2815 249 2850 te
289 2815 364 2850 tua
401 2807 656 2863 importuna
688 2808 765 2864 (ne
803 2807 925 2849 aliud
957 2806 1126 2863 dicam)
1156 2807 1447 2862 persuasione
1475 2807 1708 2862 dignitatis

0 2884 2 2903 ³
34 2887 46 2904 ²
87 2882 465 2939 praecipitaueris!
493 2885 555 2927 At
579 2883 796 2925 clamabis
819 2890 867 2925 tu
891 2890 1014 2925 tuam
1034 2889 1078 2926 te
1095 2884 1277 2925 causam
1301 2898 1438 2938 agere
1457 2897 1559 2924 cum
1578 2883 1709 2924 iusti-

155 3003 172 3020 a
221 2994 328 3029 Haec
353 2994 424 3030 tria
450 2996 568 3029 verba
594 2994 744 3030 Natalis
770 3006 886 3029 manu
916 2993 1046 3029 addita
1077 2999 1181 3029 sunt.
1236 2996 1299 3021 —b
1327 2994 1438 3028 Prius
1471 3005 1526 3036 es;
1558 2994 1709 3028 Natalis

37 3067 44 3116 -Ι
87 3051 310 3087 emendavit
328 3053 392 3088 sit.
