2028 3426
305 219 375 254 860
883 219 1020 255 EP1ST.
1050 219 1092 254 Ρ.
1121 219 1272 256 NADAL

253 336 360 364 narn
384 322 448 377 (vt
470 321 590 364 soles
615 321 722 375 fere)
746 320 808 364 ita
832 321 921 363 hoc
945 321 1044 364 loco
1067 321 1305 366 confestim
1329 322 1476 366 exeris
1500 329 1627 366 tuum
1660 325 1892 377 affectum,

254 397 449 453 quinon
479 399 671 441 obscure
702 406 746 440 te
775 398 892 441 male
920 399 1058 441 habet
1090 399 1312 443 aduersus
1344 407 1498 442 nostra
1532 400 1760 453 exercitia,
1797 400 1895 446 siue

257 476 382 519 zelus
406 474 480 518 ille
514 481 600 520 est.
631 474 760 517 Vana
792 482 876 526 est,
913 474 1079 530 inquis,
1111 476 1451 532 contemplatio.
1483 476 1608 532 Quid
1641 484 1686 521 te
1723 479 1897 522 mouet?

254 554 390 607 Quae
412 559 482 594 est
506 559 583 593 tua
612 551 742 603 ratio,
768 552 890 606 quod
919 558 1258 608 argumentum,
1285 558 1334 595 vt
1357 559 1403 595 et
1430 552 1437 609 Ι
1465 561 1665 597 nostram
1688 562 1866 597 contem
1884 579 1893 585 ·

257 628 503 684 plationem
527 635 573 672 et
594 643 677 671 nos
706 628 831 672 dicas
859 645 966 687 εφη,
998 643 1088 672 non
1113 629 1311 673 verearis
1344 644 1400 673 ne
1434 644 1538 673 reus
1572 631 1654 673 fias
1687 631 1896 674 consilio?

256 706 348 750 Sed
373 720 463 760 quo
487 712 621 761 pacto
643 705 822 763 colligis
843 706 1127 759 vanitatem?,
1157 706 1328 762 «Quasi
1358 709 1484 750 Deus
1516 707 1591 751 illo
1624 708 1795 762 labore,
1829 708 1896 750 in-

255 782 375 837 quis,
397 782 690 826 afflictionem
709 791 754 826 et
772 783 1087 840 fatigationem
1105 784 1315 827 sentiat.»
1338 785 1440 827 Non
1459 786 1710 841 respondeo
1729 786 1893 836 adhuc3

259 861 339 904 sed
364 859 497 903 video
520 860 714 916 primum
739 861 848 916 quid
872 868 919 903 tu
951 875 1030 917 pro
1059 861 1190 904 nobis
1221 862 1512 918 respondeas,
1548 870 1593 905 et
1626 862 1763 905 fulcio
1798 871 1898 906 tuas

256 937 575 993 responsiones
594 936 694 986 (nisi
711 938 866 982 videar
884 938 1088 982 fortassis
1107 939 1458 994 praeuaricator‚
1475 939 1551 994 qui
1571 947 1693 982 tuam
1713 954 1895 984 causam

257 1015 541 1069 sustentem).
571 1016 695 1059 Bene
725 1030 932 1068 excusas,
967 1017 1118 1068 Pater,
1151 1016 1270 1060 illius
1299 1017 1694 1073 contemplationis
1722 1017 1899 1060 vanita-

258 1099 365 1144 tem3
393 1093 521 1135 Deus
544 1092 664 1136 enim
688 1092 733 1134 in
757 1092 890 1136 Esaia
912 1094 1086 1136 laborat
1109 1102 1126 1119 ἃ
1147 1093 1378 1138 sustinens
1406 1096 1433 1146 ¹,
1460 1108 1594 1149 quem
1618 1095 1767 1137 locum
1798 1109 1895 1150 my-

255 1168 368 1212 stice
407 1169 717 1225 Hieronymus
754 1170 907 1222 vertit,
938 1178 983 1213 et
1014 1170 1275 1214 doctissime
1309 1170 1509 1226 quidem:
1552 1173 1895 1227 «Nequaquam,

257 1246 425 1301 inquit,
467 1246 689 1289 dimittam
728 1255 915 1303 peccata
952 1255 1161 1300 vestra»,
1203 1249 1325 1303 quod
1370 1247 1549 1293 videtur
1591 1264 1646 1293 ex
1691 1249 1898 1292 versione

255 1324 520 1379 Symmachi
557 1324 808 1380 accepisse:
855 1331 1062 1372 «ἐκοπὼοην
1095 1328 1347 1376 ἱλασκόμενος»
1368 1329 1371 1332 ’
1395 1325 1531 1369 vertit
1576 1327 1897 1382 Symmachus

261 1401 448 1444 «Defeci
472 1401 570 1445 siue
593 1401 798 1445 laboraui
820 1402 1065 1446 miserans»
1098 1402 1184 1443 226
1211 1410 1260 1444 vt
1289 1403 1498 1445 ostendat
1527 1417 1575 1446 se
1607 1417 1894 1459 nequaquam

257 1479 372 1521 vltra
394 1479 509 1521 velle
527 1478 745 1522 misereri.
773 1480 864 1524 Sed
882 1479 1142 1523 huiusmodi
1161 1493 1249 1536 ego
1267 1479 1372 1522 alibi
1391 1487 1661 1535 prosecutus
1679 1495 1795 1532 sum,
1818 1495 1897 1536 pro

256 1569 355 1598 mea
379 1555 780 1608 mediocritate„et
803 1571 1051 1613 prosequar
1078 1563 1136 1597 σὺν
1154 1562 1309 1610 Χριστῷ.
1336 1559 1372 1600 si
1397 1565 1559 1600 nactus
1590 1558 1717 1601 fuero
1746 1557 1894 1601 ocium

257 1631 515 1687 aliquando,
548 1641 594 1677 et
632 1648 748 1688 quae
786 1634 974 1690 concepi
1012 1635 1152 1677 multa
1191 1649 1247 1678 ex
1287 1634 1475 1678 veritate
1514 1634 1740 1686 hebraica,
1781 1649 1896 1690 quae

261 1710 527 1766 theologum
551 1710 710 1755 iuuare
732 1711 923 1767 possint,
948 1711 1089 1754 literis
1113 1713 1302 1755 tradam.
1329 1713 1465 1755 Nunc
1490 1719 1639 1756 tamen
1669 1713 1725 1754 ad
1748 1713 1895 1755 locum

255 1785 382 1828 illum
417 1788 504 1829 hoc
538 1788 684 1830 solum
718 1788 865 1830 dicam
902 1788 1091 1832 solidam
1130 1802 1230 1832 esse
1263 1803 1315 1831 ac
1349 1803 1500 1832 veram
1539 1789 1772 1845 vulgatam
1811 1789 1897 1832 loci

254 1862 518 1915 editionem,
552 1864 775 1920 siquidem
806 1876 882 1911 tet-:³
904 1868 1044 1912 ἠ’κὶυ,
1076 1873 1145 1909 est
1177 1865 1391 1910 hebraice
1412 1867 1574 1923 fessus
1602 1880 1703 1908 sum
1726 1867 1895 1924 feren—

256 1940 325 1982 do.
362 1940 486 1996 Quid
515 1943 730 1985 tandem?
757 1943 954 1986 Laborat
992 1944 1135 1996 Deus,
1172 1942 1396 1995 irascitur,
1438 1943 1561 1996 furit,
1589 1943 1795 1999 tangitur
1817 1944 1896 1986 do-

256 2017 352 2060 lore
391 2017 539 2061 cordis
578 2018 870 2071 intrinsecus,
904 2019 1097 2074 quiescit
1136 2020 1193 2062 ab
1222 2019 1458 2076 operibus?
1488 2021 1593 2075 Quo
1622 2027 1756 2076 pacto
1793 2035 1896 2064 eum

258 2094 475 2149 poenitet,
496 2097 725 2149 quomodo
743 2096 1054 2149 contristatur,
1075 2096 1218 2152 gemit
1236 2096 1482 2152 gemitibus
1500 2096 1898 2140 inenarrabilibus?

258 2170 334 2214 Sic
359 2179 403 2215 et
426 2171 545 2214 enim
576 2174 687 2215 haec
718 2173 870 2216 omnia
903 2173 1171 2229 accipienda
1200 2173 1206 2229 Ι
1234 2182 1341 2216 sunt
1373 2184 1509 2229 atque
1542 2174 1894 2230 interpretanda,

261 2262 351 2290 non
384 2250 507 2303 quod
537 2249 639 2293 illae
667 2249 919 2305 passiones,
956 2250 1058 2295 illae
1090 2250 1456 2307 imperfectiones
1488 2265 1539 2294 ac
1577 2251 1819 2295 varietates
1851 2252 1894 2293 in

259 2326 406 2368 Deum
431 2325 676 2382 attingant:
704 2327 836 2370 absit:
864 2328 944 2370 sed
966 2327 1294 2383 benignissime.
1317 2328 1554 2371 nobiscum
1579 2328 1675 2385 agit
1697 2329 1896 2372 clemen-

259 2401 458 2444 tissimus
481 2401 618 2446 Pater
641 2403 868 2456 coelestis,
895 2404 972 2459 qui
997 2404 1127 2447 nobis
1149 2419 1231 2460 pro
1255 2412 1435 2449 nostrae
1464 2405 1737 2448 infirmitatis
1761 2413 1895 2461 captu

258 2478 473 2533 loquitur,
499 2480 554 2522 ad
584 2488 783 2524 nostram
813 2480 1013 2537 phrasim
1043 2496 1093 2525 se
1130 2481 1389 2534 demittens,
1421 2489 1471 2524 vt
1499 2481 1692 2538 ineptos,
1733 2482 1897 2538 quibus

259 2554 551 2609 spiritualiter
580 2558 719 2600 verba
755 2557 890 2600 faciat
919 2572 998 2614 per
1029 2566 1210 2601 nostrae
1239 2558 1454 2602 orationis
1485 2558 1744 2610 dictionem,
1770 2559 1826 2601 ad
1848 2573 1897 2602 se

259 2644 454 2686 suasque
491 2634 777 2689 operationes
815 2635 1192 2691 contemplandas
1224 2635 1496 2680 suauissime
1525 2650 1578 2678 ac
1608 2635 1896 2680 securissime

260 2710 539 2753 manuducit.
563 2711 724 2765 Neque
741 2726 869 2763 vero,
883 2711 959 2754 vbi
978 2712 1052 2755 illa
1067 2713 1123 2755 de
1141 2727 1190 2756 se
1207 2712 1423 2768 loquitur,
1439 2712 1500 2755 ita
1519 2727 1544 2755 a
1562 2727 1610 2756 se
1629 2712 1725 2769 geri
1745 2720 1896 2756 osten-

260 2784 325 2825 dit
349 2786 491 2838 Deus,
519 2788 900 2842 quemadmodum
926 2803 951 2831 a
975 2789 1107 2832 nobis
1130 2788 1393 2845 imperfecte
1416 2803 1469 2832 ac
1499 2789 1584 2830 227
1615 2790 1892 2846 perturbate;

330 2931 346 2948 a
397 2921 570 2957 Confuse
590 2922 791 2970 scripturn.

335 3029 341 3047 ¹
396 3028 559 3073 ISA1.‚I,
583 3037 637 3073 14.
