2028 3426
329 233 428 259 xvm
980 222 1225 257 PRAEFATIO

284 325 363 367 tim
403 324 699 380 collegiorum
740 324 1024 376 fundatores,
1051 321 1290 375 tractandi;
1322 321 1488 376 quibus
1526 321 1761 364 industriis
1798 323 1916 365 bona

285 402 440 458 opinio
479 400 720 446 Societatis
748 401 1061 444 conservanda
1092 407 1136 443 et
1161 399 1370 451 fovenda3
1396 398 1590 454 aliaque,
1623 399 1679 441 ad
1716 398 1916 441 studium

279 480 511 535 juvandae
528 477 803 522 Germaniae
821 477 866 520 in
885 477 1112 522 Societate
1130 476 1450 531 adaugendum
1469 482 1590 530 apta,
1611 475 1916 531 prosequitur.

375 557 424 598 In
448 571 500 599 ea
525 569 633 599 vero
657 554 973 607 instructione,
999 568 1132 609 quam
1157 553 1213 595 de
1236 551 1409 595 ratione
1427 567 1530 595 cum
1553 552 1792 596 haereticis
1809 567 1918 595 con-

286 633 495 676 versandi
520 632 820 675 Vindobonae
844 630 1043 683 tradidit,
1069 629 1144 672 illo
1163 628 1442 685 potissimum
1466 629 1693 683 collineat,
1721 637 1786 684 ut,
1811 631 1917 673 dum

285 709 396 753 socii
419 708 662 752 haereticis
684 709 899 764 prodesse
922 707 1145 758 nituntur,
1172 705 1217 748 in
1241 705 1330 749 fide
1351 720 1404 748 ac
1433 706 1640 750 doctrina
1667 708 1919 751 orthodoxa

285 786 608 830 detrimentum
633 786 806 828 nullum
831 785 1075 841 patiantur;
1102 783 1203 826 ideo
1227 791 1327 844 post
1357 783 1539 826 brevem
1565 783 1777 826 catholici
1806 785 1920 841 dog-

287 863 418 906 matis
441 870 600 905 contra
622 862 876 907 haereticos
899 860 1171 917 apologiam,
1198 859 1334 903 animi
1358 860 1670 904 fortitudinem
1688 875 1792 903 cum
1811 862 1920 904 cha-

289 940 423 984 ritate
445 947 490 983 et
513 955 668 984 eorum
694 938 1006 995 compassione
1030 937 1321 990 induendam3
1348 952 1503 982 eorum
1532 938 1672 980 libros
1700 945 1835 981 caute
1857 939 1920 981 le·

287 1018 480 1073 gendos3
507 1016 754 1073 potentiam
789 1015 973 1059 minime
1001 1014 1426 1070 pertimescendam;
1453 1028 1556 1057 cum
1579 1014 1737 1058 iisdem
1761 1014 1921 1071 spiritu

289 1108 396 1137 vere
419 1093 685 1145 christiano,
712 1093 884 1136 scilicet
913 1093 1134 1144 modeste,
1166 1090 1362 1144 fortiter,
1394 1098 1671 1144 constanter,
1698 1091 1922 1148 patienter

291 1172 543 1227 agendum3
585 1185 741 1214 eorum
775 1169 1003 1213 erroribus
1035 1167 1148 1210 nihil
1183 1182 1380 1223 unquam
1412 1168 1765 1221 connivendum3
1804 1169 1922 1212 inte-

289 1247 500 1304 gritatem
541 1247 662 1300 fidei,
698 1248 982 1302 dogmatum,
1019 1245 1329 1298 traditionum,
1361 1245 1750 1290 caeremoniarum
1774 1247 1922 1290 eccle-

291 1326 402 1379 siae,
429 1332 516 1369 etc.
543 1323 845 1367 sincerissime
869 1323 1224 1367 conservandam
1249 1330 1419 1366 monet.
1452 1323 1580 1365 Haec
1611 1329 1762 1365 autem
1794 1337 1923 1378 egre·

289 1402 367 1459 gia
396 1400 651 1452 instructio,
684 1400 863 1443 tametsi
892 1414 982 1455 quo
1011 1407 1215 1455 tempore
1243 1400 1480 1441 lucubrata
1513 1399 1646 1443 fuerit
1676 1415 1766 1442 non
1796 1408 1923 1442 certo

291 1486 485 1530 constet,
513 1493 565 1522 ex
586 1477 774 1533 epistola
800 1485 949 1520 tamen
973 1476 1164 1530 Natalis,
1191 1477 1217 1518 ί)
1234 1476 1343 1534 Julii
1372 1487 1480 1530 1555
1515 1477 1637 1530 data,
1663 1491 1717 1520 eo
1745 1476 1924 1519 circiter

290 1564 493 1611 tempore
515 1554 683 1610 scripta
707 1554 846 1597 fuisse
869 1553 1048 1598 videtur
1077 1556 1103 1595 ¹.

377 1633 642 1687 Sequuntur
679 1645 748 1683 ea,
789 1645 906 1686 quae
935 1645 1014 1686 pro
1045 1630 1236 1686 singulis
1267 1629 1630 1686 germanicarum
1660 1629 1921 1686 provincia--

289 1724 388 1752 rum
413 1708 617 1765 collegiis
639 1724 665 1751 a
687 1707 837 1751 Natali
866 1708 995 1750 annis
1035 1718 1161 1761 1555,
1210 1707 1481 1761 1562—1564‚
1521 1708 1776 1761 1566-1568
1800 1707 1923 1750 ordi-

291 1794 397 1829 nata
420 1793 542 1838 sunt3
568 1786 612 1828 in
636 1785 801 1841 quibus
824 1785 965 1827 multa
987 1798 1190 1840 prorsus,
1218 1791 1307 1827 tam
1331 1785 1388 1827 de
1411 1785 1563 1836 rebus,
1584 1799 1719 1839 quam
1741 1785 1797 1827 de
1822 1799 1924 1840 per-

290 1863 412 1906 sonis
428 1862 604 1905 illarum
624 1861 974 1918 provinciarum,
995 1863 1053 1904 ad
1070 1860 1301 1903 historiam
1324 1860 1446 1903 utilia
1465 1861 1770 1916 reperiuntur:
1793 1864 1925 1916 Quae

291 1948 441 1984 autem
466 1941 522 1982 ad
540 1939 793 1982 studiorum
818 1939 1035 1983 rationem
1060 1937 1270 1990 attinent,
1289 1938 1383 1993 jani
1407 1954 1433 1980 a
1462 1937 1593 1980 nobis
1615 1938 1732 1980 inter
1760 1938 1924 1981 Alonta-

292 2021 442 2059 menta
465 2017 794 2073 Paedagogica
827 2016 952 2072 prelo
983 2015 1238 2068 commissa,
1270 2016 1326 2058 ab
1357 2017 1447 2058 hoc
1480 2015 1710 2059 volumine
1747 2031 1924 2072 expun-

290 2095 442 2149 genda
465 2093 562 2136 visa
585 2100 707 2145 sunt,
729 2108 920 2148 quorum
943 2093 1041 2135 loca
1063 2092 1108 2134 in
1131 2092 1324 2147 singulis
1346 2091 1652 2135 monumentis
1670 2092 1794 2135 hisce
1812 2107 1922 2148 pun·

290 2170 375 2213 ctis
399 2171 484 2227 (...)
507 2169 780 2223 indicantur;
808 2170 997 2226 paginas
1026 2183 1148 2221 vero,
1177 2168 1250 2211 ubi
1285 2168 1359 2211 illa
1387 2168 1507 2212 edita
1537 2169 1737 2222 fuerunt,
1763 2169 1925 2225 singu-

290 2248 433 2290 larum
457 2246 806 2290 instructionum
832 2246 974 2302 prima
996 2245 1228 2288 annotatio
1250 2245 1447 2290 docebit.

381 2327 490 2367 Post
513 2324 787 2368 Germaniae
809 2332 854 2368 et
872 2323 1109 2367 Flandriae
1126 2322 1464 2375 instructiones,
1486 2323 1687 2367 codicem
1722 2325 1862 2368 Vatia
1885 2335 1925 2377 7,

291 2402 347 2445 (le
370 2416 460 2457 quo
483 2416 619 2457 supra
641 2409 711 2444 sat
734 2402 876 2444 multa
897 2401 1018 2444 dicta
1035 2408 1158 2453 sunt,
1179 2407 1222 2443 et
1241 2400 1407 2444 selecta
1423 2401 1662 2455 quaedam,
1689 2416 1745 2444 ex
1767 2401 1925 2444 lauda—

292 2478 348 2520 tis
372 2478 606 2521 codicibus
624 2479 908 2534 deprompta,
931 2485 1227 2534 reponuntur,
1254 2491 1368 2533 quae
1391 2476 1436 2519 in
1459 2477 1661 2533 generali
1685 2477 1822 2533 hujus
1844 2492 1925 2520 vo-

293 2555 475 2598 luminis
512 2555 661 2599 indice
700 2555 1004 2611 reperientur3
1043 2570 1191 2611 neque
1223 2554 1341 2598 enim
1379 2555 1435 2597 de
1473 2553 1667 2609 singulis
1705 2554 1926 2598 disserere

289 2639 436 2675 vacat.

383 2710 604 2762 Tandem,
631 2725 685 2753 ex
710 2709 865 2754 codice
885 2711 1069 2752 Natalis
1087 2709 1312 2765 opuscula,
1332 2716 1543 2764 excerpta
1561 2711 1780 2752 nonnulla
1796 2709 1925 2752 exhi-

294 2788 400 2829 bere
439 2801 530 2829 non
568 2787 648 2829 abs
681 2801 727 2829 re
756 2788 851 2829 fore
880 2786 1109 2829 duximus.
1146 2787 1196 2828 In
1227 2785 1351 2829 hisce
1379 2784 1496 2828 enim
1527 2786 1757 2841 opusculis
1786 2787 1928 2842 primo

292 2865 394 2907 loco
419 2863 592 2906 notavit
616 2863 788 2906 Natalis
812 2864 978 2907 selecta
1002 2865 1224 2919 quaedam
1250 2864 1297 2907 S.
1327 2861 1489 2919 Ignatii
1518 2869 1563 2905 et
1592 2863 1780 2906 aliorum
1804 2863 1927 2906 viro-

363 3028 370 3048 ¹
426 3026 485 3062 Cf.
510 3027 638 3072 Epist.
662 3027 709 3061 P.
735 3026 880 3070 Nadal,
904 3026 932 3068 I,
954 3026 1036 3065 311.
