2028 3426
692 249 869 283 Norirm
896 255 1085 283 eomeum
1605 246 1647 282 31

72 357 200 406 primo
221 355 285 391 hie
305 353 443 390 titulus
464 354 621 400 positus
642 357 714 388 est:
748 350 896 396 Ordo,
923 361 1045 397 quem
1071 350 1110 386 P.
1138 348 1293 385 Natalis
1319 349 1480 395 reliquit
1505 350 1697 398 magistro

70 427 349 465 nouitiorum.»
376 425 449 461 Est
468 424 613 460 eadem
634 423 857 467 instructio,
879 433 983 468 quae
1010 422 1049 457 in
1073 420 1216 457 codice
1237 419 1378 457 Natal.
1406 420 1522 457 instr.
1552 419 1696 464 Lusit„

9 488 13 492 .
73 499 139 536 fol.
165 507 250 546 4-7‚
277 497 449 544 hispano
470 506 656 531 sermone
676 494 885 541 reperitur,
907 492 1030 529 latino
1052 503 1239 528 sermone
1267 502 1476 536 conversa,
1498 496 1539 527 et
1560 492 1697 538 paucis

57 569 219 606 ,additis
239 567 511 616 paragraphis,
533 577 637 613 quae
657 566 696 602 in
718 565 860 602 codice
881 564 1054 600 lusitano
1075 562 1367 599 desiderantur.
1390 562 1434 598 In
1455 563 1532 598 hoc
1554 573 1696 598 exem-

47 650 53 659 ·
71 641 138 690 plo
159 639 297 676 nullibi
318 643 485 686 apparet
504 637 656 674 Natalis
676 648 831 673 manus.
854 636 939 672 Fol.
960 647 1026 681 4v,
1053 635 1116 671 hie
1143 634 1292 670 titulus:
1326 651 1337 664 -<
1347 634 1443 670 Post
1468 633 1699 669 renouatio-

73 722 164 748 nem
184 715 374 747 uotorum
395 709 575 756 proderit
593 708 632 744 in
653 707 919 754 sequentibus
940 705 1159 742 meditari.»
1187 705 1269 741 Ine.
1296 722 1308 735 «τ
1324 714 1354 741 1.
1376 703 1699 752 Agnoscendum

30 784 33 786 ’
72 782 180 820 unde
200 793 264 818 me
285 781 493 818 uocauerit
514 778 751 816 Christus...-
786 778 881 814 Des.
902 778 941 814 in
963 777 1107 813 eadem
1128 775 1297 824 pagella:
1399 775 1620 811 animarum
1637 787 1700 811 sa-

73 855 230 892 lutem.»
258 852 343 889 Fol.
368 859 421 898 5r‚
442 857 504 888 est
528 850 767 887 «Instructio
788 861 860 897 pro
883 850 956 894 his,
984 848 1051 895 qui
1080 852 1174 884 sunt
1199 848 1238 884 in
1264 847 1391 895 prima
1418 846 1695 893 probatione:-

16 948 18 950 ν
73 927 155 962 Ine.
182 924 331 960 Erunt
351 923 437 959 soli.
458 922 651 959 Visentur
670 926 804 957 tamen
826 919 1043 966 aliquando
1065 930 1087 955 a
1107 918 1362 967 magistro...»
1383 917 1478 954 Des.
1500 917 1538 953 in
1556 916 1700 953 eadem

72 995 239 1045 pagella:
346 994 528 1039 consilio,
549 994 711 1030 hortatu
732 998 772 1028 et
792 992 943 1040 gratia.r
979 991 1064 1027 Fol.
1090 990 1225 1036 5v-6v‚
1251 988 1452 1025 habentur
1478 989 1699 1036 interroga-

71 1068 202 1104 tiones
228 1084 239 1097 ⁴<
249 1067 323 1102 Pro
345 1064 582 1112 accipienda
603 1064 743 1100 notitia
764 1062 1036 1099 eonscientiae
1058 1066 1098 1097 et
1118 1060 1373 1097 confessione
1394 1058 1606 1108 generali..n
1629 1058 1702 1094 Est

73 1138 365 1174 documentum
386 1135 515 1172 simile
535 1135 650 1179 illius,
671 1134 782 1180 quod
804 1133 977 1170 habetur
992 1133 1030 1168 in
1057 1130 1150 1168 Cod.
1179 1130 1298 1168 Vatic.
1322 1138 1354 1180 7,
1374 1141 1493 1179 pagg.
1511 1139 1699 1177 291-303.

4 1213 13 1235 f
73 1210 154 1246 Ine.
180 1207 393 1256 «Quandiu
414 1212 475 1243 est
495 1206 606 1253 quod
627 1205 871 1242 Societatem
891 1205 1158 1252 ingressus...»
1184 1202 1280 1238 Des.
1313 1219 1369 1238 «...
1398 1200 1609 1247 aequalem
1637 1200 1701 1236 uel

21 1314 23 1316 .
74 1280 270 1316 minorem
290 1290 412 1325 quam
432 1282 562 1314 antea.
584 1276 693 1312 Laus
714 1275 833 1312 Deo„
866 1274 1097 1321 Sequuntur
1117 1273 1199 1309 duo
1221 1273 1313 1309 folia
1333 1284 1443 1319 pura.

151 1350 271 1387 Num.
296 1357 329 1395 5.
386 1348 492 1386 Octo
523 1348 626 1384 foliis
653 1346 856 1391 coalescit,
883 1347 922 1382 in
951 1344 1099 1392 quibus
1121 1349 1183 1381 est
1207 1344 1505 1390 transumptum
1533 1342 1701 1378 alterum

41 1461 44 1464 .
77 1421 178 1458 illius
213 1421 460 1465 documenti,
490 1419 601 1466 quod
630 1419 669 1455 in
699 1417 842 1454 codiee
871 1416 1011 1453 Natal.
1041 1417 1158 1452 instr.
1189 1414 1333 1459 Lusit„
1365 1413 1545 1451 secunda
1575 1418 1701 1460 parte,

74 1493 114 1530 ff.
141 1492 380 1537 120v-128v‚
401 1491 608 1539 reperitur.
629 1490 743 1535 Sunt,
765 1489 929 1534 scilieet,
950 1488 1102 1524 monita
1121 1487 1247 1524 Patris
1268 1486 1470 1523 Roderieii
1492 1497 1564 1533 pro
1586 1495 1700 1532 pere-

73 1564 196 1613 grinis
222 1562 243 1600 ¹.
265 1563 350 1600 Fol.
378 1573 428 1608 1r,
448 1567 605 1598 tanturn
625 1562 688 1598 hic
708 1560 847 1597 titulus
867 1560 1022 1607 positus
1039 1564 1110 1595 est:
1134 1580 1141 1585 -ν
1155 1559 1177 1601 †
1194 1557 1342 1594 Auisos
1359 1557 1410 1593 de
1427 1556 1696 1604 peregrinos.»

73 1635 119 1671 In
141 1635 243 1671 foliis
266 1634 345 1679 2·8,
367 1639 460 1670 sunt
485 1633 650 1678 monita,
680 1643 783 1679 quae
811 1643 903 1668 eum
934 1630 1126 1678 exemplo
1154 1641 1274 1676 supra
1301 1628 1410 1665 dieto
1439 1627 1702 1672 concordant,

13 1699 27 1737 s
73 1710 248 1753 excepta
267 1710 424 1741 tantum
445 1704 508 1740 illa
527 1704 794 1752 paragrapho,
816 1713 933 1749 quae,
955 1701 1020 1738 fol.
1048 1710 1146 1737 122v
1168 1700 1320 1736 codicis
1340 1699 1513 1744 lusitani,
1535 1699 1588 1734 ita
1605 1698 1702 1734 inei-

73 1777 141 1824 pit:
168 1776 225 1812 «A
245 1776 303 1812 las
324 1780 542 1824 preguntas
564 1786 644 1822 que
663 1774 700 1810 le
721 1774 955 1811 hizieren...»
982 1772 1078 1808 Des.
1105 1794 1107 1797 -
1184 1771 1382 1808 ordenase
1403 1770 1439 1806 el
1467 1770 1659 1817 superior.
1674 1779 1700 1814 Η;

75 1859 177 1895 quae
207 1847 372 1894 quidem
403 1847 678 1895 paragraphus
706 1846 745 1882 in
779 1846 856 1881 hoe
888 1843 1079 1891 exemplo
1109 1843 1374 1879 desideratur.
1405 1841 1550 1877 Manus
1583 1840 1702 1876 nobis

72 1919 211 1968 ignota
231 1929 360 1965 usque
381 1918 432 1954 ad
453 1917 519 1954 fol.
540 1917 605 1962 ov,
626 1917 695 1953 ubi
715 1916 855 1963 incipit
875 1926 1018 1951 manus
1039 1914 1163 1950 Patris
1181 1914 1360 1960 Jim'enez
1380 1911 1431 1948 ab
1459 1912 1532 1948 illis
1552 1911 1699 1947 verbis:

23 2022 26 2023 ν
81 1990 278 2038 «Quando
299 2001 342 2025 se
363 1989 524 2025 sintiere
544 2000 622 2025 con
642 1988 821 2024 tristeza»
847 1991 888 2022 et
908 1986 1037 2034 pergit
1057 1996 1187 2032 usque
1207 1984 1258 2029 ad
1279 1984 1413 2020 finem.
1436 1983 1517 2019 Ine.
1560 1982 1619 2018 El
1647 1981 1700 2017 fin

15 2076 18 2078 ’
75 2061 127 2098 de
147 2061 183 2098 la
203 2061 570 2109 peregrinacion...2›
595 2059 690 2096 Des.
715 2075 774 2095 ‹<...
791 2058 951 2094 delante
967 2057 1003 2093 la
1020 2056 1230 2105 magestad
1247 2056 1396 2092 diuina.
1414 2055 1523 2091 Laus
1539 2058 1703 2090 aeterna

76 2132 178 2178 Deo,
199 2132 324 2181 gloria
346 2132 395 2167 sit
415 2136 455 2167 et
475 2132 618 2167 honos.
637 2152 641 2156 -

155 2202 274 2240 Num.
305 2203 341 2239 6.
399 2203 444 2238 In
474 2203 551 2238 hoc
580 2212 749 2237 numero
779 2199 979 2236 habentur
1008 2198 1157 2245 duplici
1188 2197 1284 2233 folio
1311 2196 1514 2244 quaedam
1540 2194 1702 2243 regulae

75 2275 251 2323 magistri
274 2273 531 2318 novitiorum,
551 2272 677 2321 ignoti
699 2271 886 2315 auctoris,
908 2281 999 2306 eum
1021 2268 1222 2305 nonnullis
1244 2265 1609 2311 emendationibus,
1631 2265 1700 2301 Po-

21 2364 23 2367 ·
75 2345 178 2382 lanei
198 2356 321 2381 manu
341 2344 467 2389 faetis3
488 2355 605 2390 quae,
627 2344 730 2379 sieut
750 2348 789 2379 et
814 2342 966 2388 reliqua
992 2341 1031 2377 in
1058 2341 1135 2376 hoc
1163 2351 1331 2375 numero
1360 2338 1411 2374 de
1440 2337 1600 2374 novitiis
1622 2336 1702 2372 eol-

23 2464 27 2466 ,
76 2416 191 2462 lecta,
212 2427 305 2452 cum
325 2415 376 2452 ad
398 2427 471 2451 nos
492 2426 574 2451 non
596 2418 795 2462 spectent,
816 2411 1174 2460 praetermittenda
1194 2410 1485 2446 existimamus.

157 2487 275 2523 Num.
308 2496 342 2535 7.
399 2486 473 2522 Est
498 2485 667 2522 alterum
701 2484 936 2532 exemplum
969 2483 1123 2519 illarum
1157 2481 1399 2530 regularum,
1435 2490 1536 2526 quas
1571 2478 1704 2514 officio

29 2582 32 2583 ν
78 2558 318 2595 consultoris
351 2557 510 2594 additas
536 2556 711 2593 vidimus
738 2557 777 2592 in
804 2555 948 2592 codiee
968 2553 1107 2590 Natal.
1135 2553 1253 2590 instr.
1281 2551 1426 2595 Lusit„
1455 2550 1521 2586 fol.
1550 2559 1584 2593 2,
1612 2560 1704 2585 cum

79 2641 173 2676 quo,
208 2630 239 2666 si
269 2640 397 2677 pauca
427 2629 693 2675 excipiantur,
721 2619 953 2663 coneordat.
973 2616 1064 2662 Ine.
1100 2624 1177 2660 «Vt
1211 2622 1464 2660 consultores
1491 2631 1698 2669 magna...»

30 2741 31 2744 Ἰ
79 2700 173 2737 Des.
199 2718 257 2738 «τε...
278 2699 402 2736 habet
420 2699 716 2736 admonitorem
735 2697 946 2747 generalis.
965 2720 967 2723 .
994 2697 1046 2733 Et
1065 2697 1128 2732 hie
1149 2694 1315 2742 quidem
1336 2693 1503 2741 explicit
1522 2703 1613 2739 pars
1634 2692 1704 2726 hu—

76 2772 141 2818 jus
161 2771 326 2816 codicis,
347 2782 450 2817 quae
471 2770 522 2807 ad
543 2770 582 2807 P.
604 2769 789 2806 Natalem
809 2769 942 2815 aliqua
962 2767 1115 2804 ratione
1137 2770 1320 2814 spectare
1341 2764 1512 2800 videtur.

156 2927 164 2946 ¹
215 2925 275 2959 De
292 2923 399 2958 hisce
419 2922 576 2957 monitis
596 2921 685 2956 vide
704 2921 809 2956 dicta
827 2920 867 2955 in
886 2921 933 2955 P.
957 2918 1162 2954 Rodericii
1186 2917 1462 2957 Monumenta,
1488 2923 1604 2959 pagg.
1623 2910 1706 2955 448,

83 2993 167 3028 449·
