2028 3426
576 658 1230 713 SUPPLEMENTUM

883 847 912 889 1

438 940 494 980 P.
546 937 902 980 NICOLAUS
957 936 1269 979 BOBADIL
1284 936 1369 978 LA

580 1029 874 1067 CARDINALI
893 1029 1154 1066 CARPENSI
1172 1028 1218 1074 (Ρ)

672 1122 831 1158 ROMAE,
848 1122 964 1149 ANNO
986 1120 1077 1157 1557
1097 1112 1122 1150 ⁴.

84 1198 290 1239 Lamiam,
313 1198 534 1233 Polancum
553 1200 588 1232 et
607 1197 794 1232 Natalem
819 1199 991 1238 accusat,
1011 1197 1115 1241 quod
1138 1195 1182 1230 in
1200 1195 1446 1241 Hispaniam
1475 1197 1534 1231 ire
1559 1198 1713 1231 conten-

458 1258 557 1291 dant
575 1259 620 1291 αἱ
634 1256 837 1302 pontificis
853 1256 1135 1290 auctoritatem
1150 1255 1332 1291 eludant.

170 1348 310 1389 Illmo.
337 1354 382 1389 et
404 1348 534 1389 Rmo.
561 1345 826 1401 monsignor
849 1345 938 1387 mio
962 1352 1105 1388 oss.¹¹¹⁰

171 1424 332 1467 Gratia
359 1431 405 1466 et
441 1438 529 1479 pax
558 1422 729 1466 Christi
757 1422 925 1464 domini
955 1421 1012 1464 sit
1049 1436 1226 1477 semper
1252 1420 1507 1463 nobiscum.
1543 1420 1707 1463 Amen.

83 1500 332 1544 Verissima
353 1501 411 1543 he
433 1501 476 1542 la
499 1499 722 1543 sententia
746 1498 986 1552 ordinaria,
1013 1505 1139 1541 tanto
1162 1498 1383 1548 naturale,
1409 1511 1536 1540 come
1558 1496 1711 1539 diuina

85 1587 131 1622 et
154 1579 367 1629 humana,
394 1579 478 1619 che
507 1577 679 1619 affirma
708 1590 798 1618 non
832 1590 1014 1631 possete
1043 1575 1132 1618 mai
1155 1574 1326 1617 curarsi
1355 1575 1471 1616 bene
1503 1588 1592 1615 una
1617 1573 1711 1628 pia-

85 1657 194 1711 gha,
221 1655 259 1697 si
280 1669 328 1697 se
350 1654 511 1710 ignora
536 1668 562 1696 o
586 1668 679 1696 non
708 1652 745 1695 si
776 1667 825 1695 sa
853 1668 878 1696 e
907 1665 1134 1708 cognosce
1162 1653 1278 1695 bene
1307 1652 1349 1693 la
1371 1650 1616 1706 principale
1639 1665 1710 1692 ra-

77 1733 180 1775 dice
209 1748 233 1776 e
265 1746 404 1774 causa
434 1731 539 1773 dell’
569 1729 798 1772 infirmita.
826 1729 934 1772 Cosi
958 1728 1151 1772 aduiene
1180 1729 1340 1770 adesso
1379 1727 1424 1769 in
1453 1726 1600 1782 questi
1636 1741 1710 1767 ru-
1763 1751 1767 1755 -

85 1808 201 1851 mori
224 1807 441 1864 publicati
464 1808 520 1851 de
543 1808 585 1849 la
607 1806 890 1862 Compagnia
912 1805 956 1848 di
973 1807 1101 1863 Jessi,
1128 1805 1249 1853 doue,
1269 1806 1326 1847 V.
1349 1796 1463 1848 Siia.
1486 1805 1614 1846 Rma.
1636 1818 1711 1846 ve-

80 1884 189 1929 dera
213 1885 605 1927 manifestamente
629 1897 757 1926 come
781 1891 847 1926 tre
870 1884 926 1926 de
949 1882 978 1924 li
1001 1882 1143 1925 nos‘tri
1166 1896 1277 1924 sono
1306 1881 1410 1924 stati
1441 1881 1483 1922 la
1507 1895 1644 1923 causa
1667 1887 1710 1922 et

79 1963 208 2018 colpa
230 1961 274 2003 di
298 1968 461 2016 questo
491 1959 719 2004 disordine
748 1974 827 2015 per
854 1959 885 2001 il
916 1960 1032 2002 malo
1061 1973 1265 2014 governo
1294 1959 1405 2009 loro,
1433 1964 1475 2001 et
1506 1957 1547 1998 le
1577 1970 1711 1998 cause

79 2038 314 2093 principali
335 2053 416 2093 per
438 2038 480 2079 16
503 2037 634 2092 quale
657 2050 912 2080 cercavano
937 2050 1022 2078 con
1046 2035 1306 2090 importune
1328 2034 1535 2077 istantiae
1559 2032 1602 2074 di
1626 2047 1707 2075 an—

75 2116 185 2158 dare
229 2115 323 2157 fora
367 2129 389 2156 a
433 2115 528 2157 fare
569 2113 599 2155 il
641 2113 840 2168 capitulo
883 2113 1095 2168 generale
1138 2112 1182 2153 in
1222 2112 1421 2167 Spagna.
1464 2112 1511 2152 In
1552 2108 1707 2164 primis

7 2217 12 2222 -
79 2193 136 2234 V.
162 2191 275 2236 Sria.
303 2193 435 2234 Rma.
460 2205 510 2233 sa
532 2191 620 2233 che
648 2190 704 2231 ad
735 2204 826 2231 uno
849 2190 1004 2232 effetto
1035 2187 1244 2244 sogliono
1274 2201 1543 2230 concorrere
1575 2185 1711 2227 molte

76 2282 230 2320 cause,
256 2275 301 2311 et
319 2269 470 2323 quello
493 2268 580 2310 che
602 2282 659 2310 ne
681 2267 782 2310 dice
801 2281 890 2309 una
913 2273 958 2309 et
982 2273 1080 2308 tace
1102 2264 1130 2307 l'
1154 2265 1266 2308 altre
1290 2263 1483 2306 iustifica
1505 2264 1546 2304 la
1571 2275 1705 2303 causa

75 2360 160 2388 sua
186 2352 232 2388 et
260 2352 423 2401 guasta
460 2345 502 2386 13
531 2358 668 2386 causa
695 2343 767 2387 del
805 2356 1059 2398 compagno
1087 2340 1426 2396 sophisticando
1464 2340 1506 2381 13
1542 2337 1703 2380 verita.

12 2472 15 2480 y
79 2423 253 2477 Imperi)
281 2421 318 2463 si
347 2421 505 2463 ordina
534 2419 607 2462 ch'
629 2420 672 2462 el
701 2419 849 2463 iudice
879 2433 970 2461 non
1003 2418 1076 2461 dia
1105 2417 1331 2462 sententia
1365 2415 1449 2458 nisi
1480 2422 1572 2457 tota
1600 2414 1703 2469 lege

77 2506 329 2553 perspecta3
356 2497 447 2540 cosi
474 2497 641 2539 accade
663 2496 709 2538 in
733 2502 894 2551 questo
917 2495 1118 2551 negotio,
1144 2495 1261 2537 dove
1282 2494 1345 2535 fin
1368 2493 1528 2536 adesso
1551 2493 1705 2532 hanno

75 2573 316 2616 informato
339 2575 425 2617 0116
449 2573 485 2616 si
507 2574 668 2616 voleva
691 2573 858 2616 andare
882 2572 926 2614 in
951 2573 1137 2627 Spagna
1160 2585 1237 2626 per
1260 2568 1431 2612 charita
1456 2575 1500 2611 et
1523 2581 1603 2622 per
1622 2581 1707 2609 ne-

149 2691 159 2712 ¹
211 2692 269 2726 Ex
301 2692 544 2738 apographo,
576 2691 616 2726 in
646 2690 803 2726 archivo
833 2688 1153 2735 archiepiscopali
1185 2685 1465 2722 mediolanensi
1497 2687 1710 2727 asservato,

76 2751 221 2788 «Arch.
243 2750 375 2797 Spirit.
398 2752 485 2785 Se‘z.
514 2751 598 2796 XII,
627 2751 704 2785 vol.
727 2758 761 2794 2,
785 2761 823 2784 n.
853 2757 934 2784 21».
963 2748 1038 2783 Cui
1057 2747 1189 2782 datum
1210 2746 1261 2781 sit
1280 2747 1351 2780 hoc
1372 2745 1557 2790 scripturn
1577 2747 1616 2777 et
1634 2753 1711 2788 quo

75 2813 267 2855 tempore,
288 2821 336 2844 ex
361 2809 498 2844 eodem
525 2820 601 2844 non
619 2813 786 2844 constat.
806 2808 864 2842 Ex
887 2806 1003 2842 dictis
1024 2812 1156 2841 autem
1174 2816 1301 2851 supra,
1324 2815 1412 2849 pag.
1436 2811 1502 2845 104
1527 2807 1566 2835 et
1584 2812 1708 2846 seqq.‚

79 2867 118 2902 in
144 2873 294 2903 aestate
326 2868 416 2903 anni
449 2876 538 2912 1557
562 2869 658 2903 haec
683 2869 827 2913 scripta
852 2865 974 2901 fuisse
1000 2866 1169 2907 eruitur,
1197 2869 1236 2898 et
1259 2862 1417 2909 quidem
1442 2862 1504 2895 vel
1525 2859 1711 2894 cardinali

76 2926 266 2973 Carpensi
286 2929 348 2963 vel
364 2927 644 2971 Alexandrino,
663 2920 804 2977 quibus
818 2937 909 2961 cura
928 2924 1031 2960 illius
1046 2923 1193 2968 negotii
1213 2920 1460 2957 examinandi
1479 2918 1710 2954 demandata

77 2985 166 3021 fuit.
186 2987 294 3021 Haec
313 2992 443 3021 autem
462 2986 688 3022 Bobadillae
707 2985 962 3021 deliramenta
980 2983 1125 3029 optime
1144 2994 1165 3017 a
1189 2981 1318 3016 Natali
1343 2979 1542 3014 confutata
1562 2983 1653 3012 sunt
1672 2977 1711 3011 in

76 3045 233 3092 scriptis
252 3057 379 3092 supra,
401 3057 517 3091 pagg.
542 3053 710 3091 127-147,
732 3044 862 3080 editis.
