2028 3426
345 275 414 311 326
819 278 972 312 PA‘rms
999 276 1242 311 Hffinom'm
1268 275 1421 312 ΝΑοΑῐ,

298 379 430 421 cedat
460 377 503 421 in
528 393 636 422 cura
665 379 843 434 collegii
869 381 922 421 D.
953 376 1238 432 Hieronymi.
1271 376 1346 421 Sic
1381 378 1432 420 P.
1461 376 1704 421 Rauestein
1729 384 1829 433 post
1854 392 1940 433 pa·—

295 456 407 498 scha
427 456 578 500 ueniet
602 456 900 512 Herbipzssim,
928 462 977 496 ut
1000 454 1243 510 episcopus
1265 460 1391 510 optat
1415 455 1726 507 uehementer,
1753 468 1806 498 ac
1829 469 1932 511 par-

299 532 376 575 tim
399 533 763 584 concionabitur,
791 532 950 588 partim
976 530 1150 587 parabit
1174 530 1430 575 necessaria
1447 531 1657 588 collegio.

387 612 490 653 Non
514 610 598 654 erit
627 610 823 661 difficile,
866 610 988 652 iuxta
1027 609 1148 664 quod
1188 615 1416 664 postremo
1453 608 1565 651 dixit
1593 608 1853 664 episcopus,
1880 617 1940 651 ut·

296 687 413 730 idern
437 687 694 730 subscribat
718 687 982 742 scripturae,
1010 701 1143 742 quam
1167 685 1229 727 illi
1247 674 1553 730 exhibuimus.
1576 685 1720 742 Igitur
1741 685 1931 742 diligen-

297 772 363 807 ter
385 767 505 820 apud
523 780 625 807 eum
651 772 758 820 agat
781 763 1086 819 prouincialis,
1114 769 1162 806 ut
1180 762 1325 819 primo
1355 777 1536 818 quoque
1555 770 1758 819 tempore
1781 763 1932 806 mittat

295 841 389 897 ipse
412 841 627 897 scriptum
654 843 740 883 hoc
764 842 819 884 ad
845 842 1026 883 Patrem
1049 840 1327 896 generalem;
1349 839 1434 883 nisi
1464 839 1584 884 enim
1607 839 1818 883 videatur
1840 841 1928 882 hoc

293 918 511 974 scriptum
536 920 720 971 Romae,
752 932 843 960 non
874 925 980 972 aget
1005 918 1140 961 Pater
1168 916 1285 960 serio
1307 917 1364 960 de
1387 916 1566 973 collegii
1586 916 1855 960 fundatione
1883 925 1929 961 et

293 995 566 1051 prouisione,
594 1010 709 1049 quae
734 994 939 1037 facienda
962 1001 1030 1037 est
1053 993 1097 1036 in
1123 1000 1338 1050 tempore.
1367 995 1423 1036 Et
1446 995 1534 1036 hoc
1553 993 1770 1049 scriptum
1790 1008 1934 1036 manu*v

292 1086 373 1115 sua
396 1071 590 1114 firmabit
613 1071 869 1127 episcopus,
890 1078 935 1114 et
958 1085 982 1113 a
1001 1070 1185 1127 publico
1209 1070 1384 1114 notario
1405 1071 1767 1114 confirmandum
1791 1085 1924 1114 cura-

291 1148 356 1191 bit
381 1148 617 1205 legittime.

378 1227 431 1268 Itz
457 1230 619 1281 qzcarto
632 1227 754 1283 folio
775 1227 875 1280 (70)
896 1230 1073 1268 tantum
1096 1229 1328 1281 sequentes
1347 1226 1666 1282 inscriptiones
1683 1227 1920 1282 reperiun-

289 1308 380 1346 tur.
409 1304 567 1356 Prior,
591 1304 645 1345 ab
668 1305 763 1359 ipSO
788 1304 1000 1360 Jimenez
1021 1308 1227 1356 exarata,
1261 1304 1322 1345 z‘la
1353 1303 1496 1345 habet:
1533 1304 1666 1359 Quae
1689 1303 1933 1360 Herbipoli'

287 1380 399 1422 dixit
423 1382 474 1423 P.
502 1380 677 1424 Natalis
701 1380 825 1423 Patri
849 1379 1049 1424 Canisio.
1075 1381 1235 1423 Altera
1257 1384 1321 1423 est
1343 1380 1622 1436 hujusmodi:
1643 1381 1696 1424 C,
1723 1395 1783 1423 m.
1811 1395 1855 1437 p.
1881 1393 1923 1424 e.

1062 1488 1140 1531 5⁴

949 1567 1085 1623 Jesus
1113 1564 1256 1609 Maria

870 1663 891 1699 7
936 1663 1178 1697 JANUARII
1220 1653 1342 1699 1567.

493 1737 666 1794 QUAE
699 1739 878 1783 RDUS.
919 1741 973 1783 P.
1015 1739 1408 1783 HIERONIMUS
1444 1739 1716 1783 NATALIS

840 1842 977 1872 DIXIT
1013 1842 1300 1872 MOGUNTIAE
1337 1829 1364 1871 ¹.

373 1923 593 1979 Magister
617 1924 812 1966 Iudocus
835 1923 1039 1966 mittatur
1061 1922 1314 1974 Coloniam,
1340 1931 1389 1965 vt
1412 1922 1650 1979 prouideat
1679 1921 1763 1966 sibi
1787 1921 1922 1965 viati-

284 2015 403 2052 cum,
431 2015 521 2055 quo
547 2002 736 2043 Romam
761 2002 818 2043 ad
836 1999 1078 2056 collegium
1104 1999 1418 2057 germanicum
1443 1999 1772 2055 proficiscatur.

372 2078 604 2133 Georgius
629 2077 902 2122 treuerensis
925 2077 1169 2134 recipiatur
1190 2076 1408 2129 nouitius,
1429 2084 1474 2121 et
1491 2083 1727 2132 separetur
1744 2077 1801 2119 ab
1821 2076 1929 2119 aliis:

285 2154 516 2208 fratribus,
542 2154 667 2197 iuxta
697 2169 870 2198 rnorem
899 2153 1144 2198 Societatis
1173 2155 1205 2196 Ξ;
1233 2161 1280 2196 vt
1305 2161 1455 2198 autern
1481 2153 1526 2196 id
1554 2154 1632 2195 fiat
1654 2153 1812 2205 breue,
1838 2168 1910 2196 ve·

283 2231 376 2274 niet
400 2231 616 2287 magister
638 2231 914 2274 nouitiorum
939 2232 994 2274 ad
1017 2233 1070 2274 R.
1102 2233 1151 2274 P.
1178 2231 1383 2274 Natalem
1415 2246 1441 2273 a
1469 2229 1656 2274 meridie
1685 2244 1788 2273 cum
1813 2244 1919 2286 pro—

284 2308 459 2350 uintiali
484 2315 528 2351 et
548 2316 722 2353 rectore
745 2308 926 2365 collegii
948 2309 979 2351 ⁵.

352 2438 361 2458 ¹
414 2440 470 2473 Ex
490 2440 712 2485 apographo
737 2449 894 2485 coaevo,
914 2450 935 2473 a
965 2438 1118 2474 duobus
1144 2437 1311 2473 librariis
1330 2443 1504 2484 exarato,
1535 2437 1574 2473 in
1599 2437 1735 2473 codice
1768 2435 1910 2473 Natat.

280 2498 395 2533 instr.
421 2500 573 2539 Germ„
593 2504 757 2540 quatuor
781 2497 883 2533 foliis
906 2497 1018 2542 75-78
1045 2497 1199 2543 (89-92).
1230 2497 1339 2532 Prior
1369 2496 1548 2532 librarius
1568 2497 1640 2532 tria
1666 2496 1790 2543 priora
1808 2495 1915 2540 folia,

278 2557 375 2591 alter
396 2557 572 2592 ultimum
593 2557 765 2603 scripsit.
790 2557 940 2592 Natalis
958 2568 1095 2592 manus
1113 2556 1251 2591 nullibi
1270 2561 1443 2602 apparet.
1469 2556 1577 2591 Haec
1602 2555 1806 2591 instructio
1826 2554 1914 2590 data

278 2622 338 2651 est
355 2615 418 2650 die
435 2624 457 2660 7
477 2616 648 2661 Januarii
668 2616 758 2651 anni
780 2616 869 2661 1567
901 2615 1141 2661 Moguntiae,
1174 2615 1240 2650 ubi
1272 2614 1422 2650 Natalis
1453 2620 1632 2650 versatus
1663 2620 1724 2650 est
1742 2625 1764 2649 a
1787 2613 1850 2649 die
1872 2622 1916 2658 17

278 2675 506 2710 Decembris
524 2676 614 2710 anni
633 2675 722 2720 1566
742 2675 788 2710 ad
807 2673 910 2710 diem
931 2684 975 2710 zo
991 2674 1148 2710 circiter
1166 2673 1368 2709 Februarii
1391 2674 1493 2718 1567.
1514 2673 1575 2709 Cf.
1599 2674 1727 2719 Epist.
1757 2673 1808 2708 P.
1833 2672 1917 2708 Na·

275 2734 359 2774 dal,
379 2734 439 2779 111,
462 2733 545 2780 396,
565 2734 648 2778 785.
670 2734 730 2770 Cf.
752 2740 883 2770 nostra
902 2735 1083 2769 Monum.
1113 2734 1308 2780 Paedag„
1332 2743 1420 2779 pag.
1437 2741 1522 2778 795,
1542 2732 1607 2768 ubi
1629 2743 1752 2779 pauca
1771 2743 1819 2767 ex
1840 2733 1915 2767 hoc

278 2799 529 2828 monumento
548 2793 594 2828 ad
614 2793 743 2829 studia
764 2792 981 2840 spectantia
1001 2792 1209 2828 edidimus.

345 2854 357 2872 ²
410 2852 452 2886 In
472 2853 649 2897 catalogo
668 2852 824 2898 collegii
845 2851 1077 2898 moguntini,
1097 2863 1198 2887 anno
1220 2851 1309 2897 1568
1328 2850 1486 2897 scripto,
1506 2851 1673 2886 habetur
1692 2849 1920 2896 «Georgius

274 2908 434 2952 Lanius,
456 2910 710 2956 treuerensis,
726 2910 869 2956 janitor
887 2910 1081 2956 collegii».

343 2969 356 2986 ³
409 2969 662 3004 Provincialis
677 2975 760 3004 erat
780 2970 824 3004 P.
852 2970 1048 3005 Antonius
1067 2969 1209 3015 Vinck3
1230 2974 1357 3004 rector
1376 2969 1630 3014 moguntinus
1655 2968 1697 3007 P.
1727 2968 1915 3003 Lamber-

271 3031 332 3060 tus
354 3027 508 3062 Auerus
527 3028 667 3073 (Auer)
686 3034 725 3063 et
746 3028 931 3074 magister
956 3028 1191 3063 novitiorum
1212 3029 1254 3064 P.
1288 3028 1452 3063 Michael
1471 3027 1649 3065 Ruetius.
1683 3026 1745 3062 Cf.
1766 3027 1916 3062 catalo—

268 3095 360 3129 gum
382 3086 538 3131 collegii
560 3086 796 3132 moguntini,
814 3098 914 3122 anno
939 3088 1026 3131 1567
1047 3087 1251 3134 scriptum.

1988 3088 2028 3426 Q-*esstss-ss*
1996 2994 2026 3076 ,ν’-«ῥυ
2002 2472 2028 2987 ²:421··*==ffie-rnu-.-....
2018 2447 2028 2462 f
