2028 3426
339 200 411 246 480
813 202 966 238 PA‘rms
993 203 1237 238 H1ERONYM1
1263 202 1414 239 NADAL

375 303 451 345 An
474 302 717 358 aliquando
740 310 1014 359 segregatus
1042 302 1179 346 fuerit
1202 304 1265 359 (vt
1287 305 1482 348 habetur
1504 317 1602 360 cap.
1633 317 1674 358 3,
1700 310 1814 360 part.
1850 312 1928 347 Lae

284 379 452 434 const.)
481 394 506 422 a
537 380 740 436 graemio
769 388 953 423 sanctae
982 379 1201 424 ecclesiae
1230 380 1364 424 fidem
1394 381 1680 436 abnegando,
1707 380 1824 424 inter
1855 381 1929 423 in-

284 456 456 509 fideles,
485 458 554 501 vel
579 457 819 500 incidendo
843 457 886 498 in
910 471 1101 508 errores,
1127 464 1285 500 contra
1307 471 1424 510 eam,
1451 457 1496 499 in
1519 457 1685 513 quibus
1710 458 1925 513 reproba-

286 540 358 576 tus
381 533 516 577 fuerit
540 548 618 589 per
643 534 866 589 publicam
891 534 1180 586 sententiam,
1205 534 1275 577 vel
1299 549 1348 578 se
1378 547 1500 577 more
1529 534 1925 577 schismaticorum

283 610 340 652 ab
362 611 579 655 ecclesiae
602 611 771 654 vnitate
795 610 1057 655 seiunxerit.

374 689 447 730 An
479 687 806 744 perpetrauerit
838 687 1151 739 homicidium,
1182 688 1255 732 vel
1285 687 1342 731 sit
1372 696 1554 745 propter
1587 687 1786 732 enormia
1819 701 1922 744 pec-

284 772 385 807 cata
409 764 603 807 infamis.

374 843 446 884 An
482 841 772 897 assumpserit
805 841 1037 898 religionis
1068 841 1291 895 habitum,
1327 843 1398 885 vel
1431 841 1649 886 heremita
1683 841 1927 904 aliquando

284 932 389 961 cum
415 919 582 961 vestitu
606 918 861 961 monachali
881 918 1031 963 fuerit.

373 996 448 1038 An
473 995 742 1038 matrimonii
766 995 963 1048 vinculo,
990 996 1062 1040 vel
1079 995 1312 1039 seruitutis
1334 995 1564 1051 legitimae
1587 995 1756 1051 ligatus
1779 995 1852 1038 sit.

373 1072 444 1114 An
468 1072 627 1128 capitis
655 1071 960 1116 infirmitatem
988 1073 1203 1129 patiatur,
1235 1074 1355 1117 vnde
1384 1072 1561 1116 accidat
1593 1072 1842 1124 obscurari,
1881 1080 1926 1115 et

284 1165 443 1206 parum
466 1165 626 1193 sanum
648 1164 749 1194 esse
771 1149 1004 1205 iudicium,
1031 1151 1102 1203 vel
1125 1150 1162 1194 si
1183 1150 1429 1194 notabilem
1450 1151 1615 1194 habeat
1633 1150 1689 1192 ad
1709 1150 1753 1192 id
1772 1150 1924 1206 dispo-

284 1227 510 1271 sitionem.

373 1310 446 1351 341
482 1304 569 1347 Hic
602 1304 932 1361 circumspecte
964 1312 1186 1362 rogentur
1217 1320 1297 1361 per
1329 1305 1612 1362 negationes,
1648 1304 1775 1360 quasi
1816 1319 1926 1361 sup-

286 1390 479 1438 ponatur
507 1381 552 1424 in
582 1382 757 1424 nullum
787 1396 943 1426 eorum
973 1382 1397 1439 impedimentorum
1427 1397 1505 1426 eos
1533 1381 1761 1434 incidisse,
1795 1397 1840 1427 V.
1874 1396 1923 1438 g.

288 1461 416 1502 «Non
448 1459 572 1502 fuisti
603 1455 900 1516 segregatus»
933 1468 1020 1503 etc.
1058 1461 1188 1503 «Non
1217 1459 1470 1503 homicida»
1506 1466 1613 1511 etc.,
1647 1460 1719 1503 vel
1751 1459 1790 1503 si
1816 1458 1925 1514 quid

286 1536 579 1581 moderatius.

373 1614 509 1669 Quod
533 1613 570 1656 si
599 1613 751 1668 aliquo
779 1612 969 1656 istorum
1000 1620 1183 1656 notatus
1215 1613 1367 1665 fuerit,
1399 1612 1786 1657 animaduertatur
1816 1626 1923 1655 num

285 1690 528 1746 praeclaris
549 1690 733 1733 dotibus
762 1689 994 1746 praeditus
1022 1689 1096 1742 sit,
1128 1705 1185 1732 an
1216 1704 1322 1744 non,
1354 1697 1399 1733 et
1428 1689 1614 1733 vlterius
1643 1689 1688 1731 in
1718 1688 1927 1733 examine

285 1782 375 1810 non
401 1767 750 1824 progrediendo,
778 1768 1090 1819 admoneatur,
1118 1775 1166 1809 vt
1184 1766 1397 1823 postridie
1421 1766 1721 1823 regrediatur,
1743 1774 1787 1810 et
1805 1766 1924 1811 inte-

288 1845 368 1886 rim
392 1845 470 1887 fiat
498 1844 706 1900 superior
735 1843 903 1887 certior
932 1845 987 1887 de
1017 1843 1114 1888 eius
1149 1843 1492 1900 impedimento,
1519 1845 1575 1886 de
1597 1843 1796 1895 dotibus,
1823 1842 1926 1898 qui-

285 1923 371 1964 hus
396 1921 626 1976 praeditus
648 1928 733 1974 est,
759 1928 807 1963 vt
830 1920 903 1964 ille
926 1920 1095 1965 iudicet
1117 1920 1226 1976 quid
1247 1921 1304 1964 de
1326 1936 1380 1964 eo
1411 1921 1703 1981 statuendum
1728 1920 1800 1962 sit.

374 1998 422 2043 Si
446 1998 818 2054 impedimentum
842 1998 1018 2040 nullum
1043 1997 1252 2041 habuerit
1274 1997 1530 2049 essentiale,
1551 1997 1634 2040 erit
1654 1997 1760 2040 vtile
1777 1998 1833 2041 de
1851 1996 1922 2047 iis,

286 2090 401 2130 quae
436 2076 593 2119 eodem
623 2089 723 2130 cap.
758 2082 1028 2130 sequuntur,
1054 2074 1326 2131 intelligere,
1361 2075 1441 2117 sed
1470 2073 1599 2118 breui
1633 2073 1922 2130 compendio,

288 2152 417 2207 quasi
441 2151 602 2203 obiter,
630 2152 719 2194 vim
744 2166 910 2195 rerum.

376 2230 513 2285 Quod
542 2229 598 2271 ad
630 2228 843 2271 interiora
877 2228 1036 2272 attinet
1069 2228 1408 2285 impedimenta,
1444 2237 1551 2271 sunt
1588 2228 1819 2284 passiones
1853 2228 1925 2271 vel

285 2308 490 2358 affectus,
516 2305 590 2361 qui
614 2305 785 2348 domari
810 2320 900 2347 non
924 2320 1057 2361 posse
1078 2306 1334 2357 videantur,
1367 2306 1438 2350 vel
1469 2313 1760 2362 peccatorum
1794 2304 1923 2348 habi-

287 2393 375 2435 tus,
416 2384 472 2427 de
511 2383 677 2438 quibus
714 2396 804 2425 non
843 2383 956 2425 adeo
989 2396 1155 2438 magna
1184 2382 1441 2426 emendatio
1471 2390 1693 2438 speretur.
1727 2381 1924 2425 Intentio

286 2461 435 2505 minus
459 2469 583 2505 recta
605 2475 739 2515 quam
765 2475 844 2516 par
867 2467 987 2503 esset
1009 2465 1091 2505 342
1115 2461 1172 2503 ad
1190 2459 1421 2516 religionis
1443 2460 1718 2516 ingressum,
1740 2466 1788 2500 vt
1805 2473 1924 2514 quae

285 2553 389 2582 cum
414 2540 614 2581 humano
638 2536 788 2592 aliquo
811 2537 900 2580 fine
924 2536 981 2579 sit
1010 2537 1221 2579 admixta.
1258 2537 1371 2579 Illud
1395 2544 1544 2580 tamen
1573 2539 1660 2579 hoc
1689 2537 1788 2579 loco
1821 2534 1923 2577 dili-

286 2623 448 2672 genter
478 2615 815 2670 inquirendum,
847 2628 1068 2668 quaenam
1100 2613 1212 2656 ratio
1241 2613 1298 2655 sit
1329 2613 1426 2658 eius
1457 2613 1725 2666 vocationis,
1753 2612 1921 2667 quibus

286 2692 440 2746 initiis,
467 2707 556 2748 quo
581 2705 840 2748 progressu,
867 2690 1031 2745 quibus
1054 2689 1197 2746 signis
1220 2698 1413 2742 constet,
1440 2705 1531 2745 quo
1559 2689 1710 2732 animo
1740 2697 1922 2745 recepta

286 2784 339 2812 ea
361 2770 435 2821 sit,
462 2777 506 2812 et
529 2769 812 2819 confirmata,
838 2775 925 2810 etc.

373 2845 687 2890 Inconstantia
709 2845 779 2887 vel
803 2843 1004 2887 remissio
1032 2843 1166 2886 animi
1194 2843 1419 2895 notabilis,
1436 2859 1501 2886 ex
1529 2859 1635 2899 qua,
1662 2843 1738 2899 qui
1765 2845 1820 2887 de
1852 2842 1923 2885 in-

286 2938 446 2979 gressu
471 2923 581 2979 agit,
608 2921 779 2965 inutilis
803 2922 1017 2964 credatur
1039 2921 1095 2963 ad
1120 2920 1359 2964 Societatis
1383 2935 1572 2965 munera
1591 2921 1821 2964 obeunda.

376 3001 648 3045 Indiscretae
671 2999 953 3053 deuotiones,
988 3012 1105 3053 quae
1137 2998 1261 3053 ipsae
1294 2997 1337 3039 in
1371 3012 1508 3040 causa
1541 3012 1640 3042 esse
1674 2999 1836 3049 solent,
1872 3004 1922 3038 vt
1966 3043 1970 3047 ,
