2028 3426
377 211 446 255 560
852 212 1005 247 PATms
1032 212 1276 247 Hmnouvffl
1302 212 1453 248 NADAL

1980 0 2028 227 l

2009 245 2024 301 Ξ

417 313 466 357 Si
490 314 566 369 qui
590 313 750 358 leuiter
773 315 887 356 male
913 314 1127 364 habeant,
1155 327 1238 357 nec
1269 313 1477 356 videatur
1500 316 1794 358 aduocandus
1822 317 1939 361 medi
1954 309 1972 347 -’
2017 325 2023 369 ζ

327 404 424 442 cus,
451 392 831 445 quemadmodum
864 390 892 431 ii
918 390 1139 432 tractandi
1162 390 1252 432 sint
1274 392 1584 435 consulendus
1606 394 1745 437 semel
1768 400 1853 448 est3
1880 408 1964 437 no·
2015 396 2021 419 '⁵

326 467 529 510 minatim
552 483 659 512 vero
681 476 830 510 Vtrum
855 467 975 509 dieta
998 466 1084 509 illis
1113 467 1169 509 sit
1193 468 1388 512 tenenda
1417 477 1463 511 et
1493 483 1730 524 quaenam:
1764 485 1872 522 num
1905 470 1964 514 sit
2018 475 2020 478 ’

325 544 445 588 Vtilis
470 546 637 596 futura,
664 560 797 600 quam
821 544 979 587 dicunt
1002 544 1101 586 Itali
1125 545 1395 600 panatellam
1421 546 1577 601 vulgo,
1605 554 1649 590 et
1671 547 1721 588 fit
1743 562 1800 591 ex
1830 549 1963 603 panis
2011 543 2028 606 ᾗ

326 622 480 665 frustis
502 631 519 647 ’Ἰ
543 622 589 664 in
612 623 707 665 iure
731 622 951 674 carnium,
974 623 1045 665 vel
1069 621 1114 664 in
1132 636 1248 676 aqua
1271 623 1439 667 oleo.et
1456 623 1548 666 sale
1567 623 1782 679 paulatim
1802 624 1957 668 coctis:

323 707 391 743 est
414 699 533 742 enim
564 706 844 754 compertum
869 700 987 741 hanc
1021 699 1252 754 prodesse,
1286 705 1330 742 et
1359 699 1718 743 dissimulatione
1747 699 1764 725 b
1793 701 1960 757 alioqui
2026 728 2028 730 -

322 776 443 831 abigi
469 791 600 831 posse
624 776 826 818 infirmae
850 775 1124 818 valetudinis
1145 790 1308 818 vanam
1333 775 1610 832 opinionem.

412 853 664 908 Diligenter
687 860 904 896 curentur
928 852 1090 894 infirmi
1115 852 1276 904 nostri,
1303 860 1348 895 et
1371 853 1513 895 multo
1535 853 1800 909 diligentius
1823 869 1956 910 quam

320 931 514 973 antehac
538 943 756 984 vnquam,
777 929 813 972 si
833 929 948 972 forte
966 928 1022 971 sit
1047 928 1215 984 aliquid
1234 930 1512 985 neglectum;
1535 930 1805 973 adhibeatur
1822 931 1957 974 etiam

320 1021 471 1062 opera,
498 1007 706 1048 consulto
730 1006 922 1058 medico,
948 1010 1017 1052 521
1042 1006 1078 1048 si
1102 1021 1191 1061 qua
1220 1006 1393 1050 ratione
1428 1007 1523 1049 fieri
1546 1007 1706 1062 possit,
1733 1016 1780 1049 vt
1805 1009 1956 1064 proui-

318 1085 476 1126 deatur
499 1098 549 1126 ac
573 1091 899 1139 praecaueatur
921 1083 1163 1139 diligenter
1185 1099 1244 1128 ne
1265 1083 1535 1140 sanguinem
1555 1085 1695 1127 nostri
1720 1095 1953 1138 euomant,

317 1175 368 1203 ac
391 1176 448 1204 ne
471 1161 515 1202 in
545 1160 728 1216 pthisim
757 1160 959 1203 incidant
989 1161 1059 1204 vel
1088 1161 1290 1205 dolorem
1320 1160 1481 1216 capitis
1511 1161 1581 1204 vel
1616 1161 1852 1214 stomachi,
1884 1157 1956 1206 vel

319 1238 361 1279 in
388 1237 705 1280 melancholias
728 1237 826 1281 siue
849 1236 1100 1290 tristiciam;
1128 1237 1174 1279 hi
1199 1237 1319 1282 enim
1338 1237 1483 1279 morbi
1502 1237 1668 1280 nostris
1686 1239 1833 1282 solent
1856 1253 1956 1283 esse

318 1315 486 1358 infesti.

403 1393 552 1436 Curae
576 1407 683 1436 vero
713 1392 994 1435 infirmorum
1025 1400 1070 1434 et
1099 1391 1346 1435 infirmario
1377 1391 1462 1448 ipsi
1491 1392 1837 1448 superintendat
1869 1392 1952 1435 mi-

315 1469 471 1522 nister,
498 1477 542 1513 et
567 1476 676 1511 tunc
700 1469 910 1521 maxime,
943 1469 1019 1511 vbi
1049 1483 1138 1511 non
1171 1476 1239 1512 est
1268 1467 1431 1524 aliquis
1463 1470 1721 1524 praefectus
1749 1470 1952 1513 infirmo-

315 1561 428 1588 rum.
456 1546 689 1602 Singulari
711 1546 846 1589 etiam
871 1545 1022 1589 studio
1045 1553 1153 1603 agat
1176 1553 1324 1589 rector
1346 1552 1395 1588 vt
1418 1560 1528 1589 cura
1555 1549 1668 1590 haec
1691 1562 1823 1590 suum
1853 1561 1951 1590 sor-

315 1622 452 1665 tiatur
476 1624 707 1667 effectum.

403 1700 590 1754 Infirmi,
616 1701 693 1756 qui
722 1715 816 1752 eos,
852 1700 929 1755 qui
963 1714 1066 1743 cum
1100 1699 1208 1756 ipsis
1240 1707 1402 1756 agunt,
1439 1714 1529 1742 non
1562 1700 1818 1752 aedificant,
1852 1716 1949 1743 mo-

312 1786 504 1821 neantur
536 1793 640 1821 cum
673 1778 908 1829 charitate,
935 1785 984 1820 vt
1016 1777 1107 1820 sint
1141 1777 1334 1821 modesti
1367 1784 1411 1820 et
1442 1777 1733 1830 aedificatiui;
1767 1778 1887 1834 quod
1910 1779 1946 1821 si

310 1870 401 1898 non
434 1855 640 1908 fecerint,
667 1862 891 1910 seponant
921 1855 1021 1898 illos
1051 1854 1096 1897 in
1122 1869 1259 1897 vnum
1291 1854 1570 1906 cubiculum,
1602 1863 1647 1898 et
1679 1869 1771 1898 non
1805 1855 1947 1898 intro-

310 1932 491 1975 mittant
525 1933 582 1974 ad
614 1946 691 1975 eos
726 1932 810 1974 nisi
839 1932 1096 1987 deputatos,
1123 1931 1200 1986 qui
1232 1931 1331 1973 illos
1355 1931 1514 1975 iuuare
1537 1930 1729 1986 possint,
1756 1946 1841 1974 nec
1863 1931 1947 1988 ipsi

310 2010 615 2053 offendantur.
645 2011 700 2051 Et
723 2009 760 2052 si
784 2023 840 2051 ne
864 2010 949 2050 hoc
973 2008 1220 2060 suffecerit,
1247 2022 1299 2051 ea
1322 2016 1391 2052 est
1421 2008 1642 2051 seueritas
1670 2008 1943 2062 adhibenda,

309 2101 425 2142 quae
449 2086 626 2129 illorum
651 2085 828 2142 spiritui
862 2085 1019 2141 prosit,
1056 2085 1233 2128 etiarnsi
1267 2085 1443 2141 corpori
1477 2085 1710 2129 timeretur
1741 2085 1943 2128 nonnihil

307 2163 533 2206 nocitura.
1426 2209 1428 2211 ,

396 2246 480 2287 522
514 2241 712 2282 Curetur
735 2239 887 2294 itaque
912 2239 1118 2283 suauiter
1141 2247 1186 2283 et
1210 2239 1468 2291 efficaciter,
1501 2246 1549 2281 vt
1573 2238 1736 2281 infirmi
1759 2246 1942 2282 seruent

308 2319 511 2375 regulam
536 2316 755 2359 examinis
778 2324 823 2359 et
848 2324 929 2371 3:³0
960 2316 1098 2372 partis
1129 2315 1524 2367 constitutionum,
1556 2315 1599 2358 id
1623 2323 1706 2366 est,
1733 2323 1781 2356 vt
1813 2314 1941 2358 debi-

305 2404 395 2437 tam
435 2402 618 2438 seruent
652 2393 1020 2442 submissionem,
1057 2392 1380 2444 obedientiam,
1415 2407 1468 2435 ac
1500 2394 1662 2435 bonam
1697 2392 1941 2448 praebeant

303 2472 679 2516 aedificationem.
721 2471 998 2513 Consulatus
1038 2478 1191 2514 autern
1226 2469 1429 2514 medicus
1465 2469 1741 2513 familiariter
1773 2469 1817 2511 in
1851 2470 1939 2511 hoc

303 2557 490 2593 euentu.

392 2626 778 2670 Conualescentes
821 2632 865 2668 et
908 2623 1080 2668 debiles
1131 2630 1384 2667 tractentur
1432 2623 1558 2666 iuxta
1606 2622 1936 2666 ordinationem

302 2703 478 2747 medici.

390 2781 526 2824 Nulla
549 2793 843 2835 personarum
867 2777 1074 2833 exceptio
1105 2776 1151 2818 in
1174 2776 1275 2819 cibo
1298 2783 1342 2820 et
1366 2783 1475 2832 potu
1498 2776 1591 2828 fiat,
1617 2775 1702 2818 nisi
1718 2789 1798 2832 per
1814 2775 1934 2819 ordi-

301 2858 529 2900 nationem
554 2855 732 2900 medici.
760 2856 917 2909 Itaque
941 2854 1091 2896 nullus
1120 2852 1320 2909 potiatur
1342 2852 1599 2908 priuilegio,
1631 2851 1767 2895 officii
1795 2852 1934 2921 alicu-

367 3036 383 3052 a
426 3024 601 3070 frustris
620 3035 690 3060 ms.
743 3023 808 3050 —b
834 3020 1174 3056 dissimulationes
1193 3030 1268 3055 ms.
