2028 3426
366 209 436 257 396
837 209 991 244 Parius
1018 209 1261 244 H1ERONYMI
1287 209 1437 245 NADAL

316 312 456 365 lendi,
492 312 569 368 qui
597 312 643 355 id
671 312 838 355 fuerint
867 310 1113 367 promeriti,
1145 311 1226 354 sed
1254 325 1386 354 Vsum
1416 311 1550 354 etiam
1575 311 1694 355 illius
1724 311 1956 357 facultatis

317 389 490 446 vigere,
516 403 567 432 ac
590 403 688 432 eam
713 403 811 433 esse
835 387 987 432 dicent
1009 393 1179 430 certam
1200 388 1394 431 salutem
1413 387 1670 441 Societatis,
1691 389 1728 432 si
1746 389 1888 445 possit
1904 386 1972 436 se'

317 479 590 523 expurgare,
615 480 698 509 nec
722 479 799 508 eos
822 471 1013 519 cogatur
1035 464 1247 517 retinere,
1273 464 1351 519 qui
1372 465 1554 509 laedant
1577 465 1728 521 potius
1746 465 1952 524 Societa-
1979 457 1993 462 Η

318 551 408 587 tem
438 558 572 598 quam
603 543 779 586 iuuent.
812 542 973 595 Neque
996 541 1116 585 enim
1148 542 1315 585 frustra
1337 541 1468 584 nobis
1490 541 1688 598 prouidit
1709 544 1836 587 Deus
1859 551 1972 588 25²¹*

319 629 491 676 partem
529 619 926 669 constitutionum,
958 632 1106 673 neque
1145 625 1193 660 vt
1230 626 1334 661 vota
1373 619 1571 663 habeant
1609 619 1829 676 simplicia
1862 627 1954 664 tam

318 697 463 739 multi.
486 695 719 752 Sapientia
737 695 878 751 igitur
896 695 1050 738 diuina
1067 697 1236 738 facturn
1256 697 1344 738 hoc
1362 704 1446 748 est,
1468 703 1516 738 vt
1533 695 1772 753 integritas
1789 709 1834 741 et
1851 712 1952 754 per·
1971 690 1981 702 '¹

321 775 456 819 sectio
489 773 730 817 Societatis
762 779 1077 825 conseruetur;
1109 780 1154 815 et
1187 772 1370 828 quidem
1409 772 1639 818 videretur
1676 774 1843 830 alioqui
1882 789 1955 817 ar-
1983 795 1985 798 ⁴

319 851 529 907 rogantia
553 858 706 892 nostra
728 863 827 892 esse
850 856 896 892 et
918 849 1176 901 insolentia,
1197 849 1235 892 si
1259 849 1522 893 miraremur
1544 865 1568 894 e
1586 859 1740 894 nostra
1757 865 1955 907 congre·
1974 846 1979 853 ’

319 928 533 985 gatio[ne]
560 927 631 970 vel
653 927 847 970 deficere
869 925 1060 981 aliquos,
1085 940 1189 969 cum
1213 926 1329 970 inter
1358 927 1586 983 apostolos
1616 927 1783 971 Christi
1819 927 1974 972 fueritv

320 1006 466 1056 Iudas,
508 1004 623 1047 inter
662 1015 685 1057 7
726 1003 940 1046 diaconos
978 1002 1209 1046 Nicolaus.
1253 1008 1390 1051 Certe
1428 1005 1482 1048 P.
1513 1004 1735 1060 Ignatius,
1777 1012 1826 1047 vt
1859 1012 1956 1048 erat
1967 1038 1978 1062 ‚v

319 1081 528 1124 omnibus
546 1081 592 1123 in
611 1082 747 1125 rebus
765 1080 1102 1137 magnanimus,
1116 1080 1178 1123 ita
1195 1080 1240 1124 in
1259 1080 1556 1133 dimittendis,
1574 1082 1632 1125 75
1650 1081 1686 1124 si
1705 1082 1783 1137 qui
1799 1089 1951 1126 essent

320 1158 363 1200 id
381 1158 646 1210 commeriti,
667 1164 820 1201 erecto
836 1165 932 1200 erat
950 1143 1275 1211 etconfidenti,
1295 1158 1425 1200 hilari
1443 1158 1578 1202 etiam
1601 1158 1767 1202 animo.
1790 1159 1954 1204 Memi-

319 1235 485 1287 nimus,
511 1250 613 1277 cum
638 1234 884 1279 dimitteret
908 1249 1074 1279 nouem
1099 1235 1259 1278 fratres
1290 1250 1346 1278 ex
1369 1235 1563 1292 collegio
1586 1251 1788 1288 romano,
1822 1227 1970 1280 vsum'

319 1313 454 1355 animi
474 1312 758 1355 iucunditate
776 1319 819 1355 et
839 1313 1111 1355 constantia.
1133 1300 1366 1356 Laudasse
1382 1313 1516 1356 etiam
1537 1314 1588 1356 Ρ.
1612 1315 1898 1358 Leonardum
1924 1316 1954 1367 ¹,

319 1397 538 1433 rectorem
563 1388 885 1441 coloniensem,
912 1389 989 1445 qui
1012 1389 1146 1432 simul
1175 1403 1226 1433 10
1250 1391 1412 1434 fratres
1435 1390 1681 1435 dimiserat.
1713 1391 1817 1434 Non
1847 1405 1956 1447 pro-

318 1477 471 1523 pterea
493 1466 660 1509 deserit
689 1480 772 1508 nos
794 1468 936 1518 Deus,
968 1467 1090 1521 quod
1118 1466 1294 1523 aliquos
1323 1467 1543 1523 permittit
1565 1481 1590 1510 e
1613 1467 1851 1511 vocatione
1872 1483 1956 1511 sua

318 1543 541 1595 excidere,
568 1544 648 1587 sed
671 1551 853 1599 purgat,
879 1542 1044 1596 erudit,
1069 1543 1283 1600 prouehit
1305 1558 1357 1587 ac
1379 1544 1556 1601 perficit
1578 1545 1870 1608 Societatem.
1895 1546 1956 1589 Vt
1983 1550 1987 1555 '

315 1620 453 1677 igitur
475 1621 732 1664 cauendum
761 1627 830 1663 est
860 1635 916 1664 ne
947 1621 1019 1664 vel
1047 1620 1092 1663 in
1122 1621 1346 1665 desiderio
1370 1621 1732 1678 recipiendorum
1763 1623 1952 1666 fratrum

315 1697 454 1739 simus
472 1697 650 1741 abiecto
673 1696 824 1739 animo
847 1698 919 1741 vel
942 1696 1171 1749 imbecilli,
1193 1697 1321 1754 quasi
1346 1698 1508 1742 misere
1529 1699 1798 1752 ambientes,
1824 1706 1873 1741 vt
1898 1699 1955 1742 ad

316 1789 396 1816 nos
415 1774 598 1818 veniant
621 1773 798 1826 nouitii,
824 1775 905 1817 sed
924 1775 1063 1819 fortes
1082 1775 1232 1831 potius
1248 1783 1293 1818 et
1310 1776 1608 1828 confidentes,
1630 1783 1678 1818 vt
1697 1775 1956 1833 intelligant

315 1851 391 1905 qui
415 1851 712 1906 recipiuntur,
734 1851 937 1907 accipere
960 1866 1009 1896 se
1033 1852 1305 1896 beneficium
1329 1867 1354 1894 a
1377 1853 1507 1896 nobis
1529 1853 1778 1909 singulare,
1806 1868 1954 1909 neque
1983 1896 1986 1899 ,

315 1943 399 1969 nos
422 1943 578 1971 eorum
602 1942 737 1983 opera
760 1942 913 1984 egere,
939 1929 1019 1973 sed
1037 1929 1137 1972 illos
1155 1936 1309 1973 nostra
1327 1929 1372 1972 in
1392 1930 1592 1983 Christo3
1614 1930 1679 1973 sic
1697 1930 1952 1982 vitandum,
1986 1939 1987 1942 ’

315 2020 369 2047 ne
402 2004 447 2046 in
486 2004 766 2048 dimittendis
800 2005 940 2048 simus
978 2005 1165 2049 nimium
1204 2006 1369 2050 soliciti
1401 2007 1472 2050 vel
1505 2006 1643 2059 anxii,
1685 2007 1772 2050 vei·
1791 2006 1951 2060 timidi,

315 2081 441 2135 quasi
466 2095 547 2123 nos
571 2081 626 2124 76
650 2081 800 2124 omnia
822 2082 1053 2135 deficiant,
1078 2082 1115 2126 si
1140 2082 1334 2138 aliquem
1364 2083 1661 2127 dimittamus.
1694 2084 1955 2141 Intelligant
1988 2127 1990 2129 ,

313 2172 435 2208 vero,
463 2158 538 2212 qui
557 2157 812 2201 dimittendi
834 2167 957 2211 sunt,
983 2159 1256 2204 beneficium
1280 2161 1377 2205 fieri
1400 2161 1617 2205 Societati
1635 2177 1691 2206 ex
1709 2161 1784 2204 illa
1801 2162 1954 2205 dimis-
1992 2165 1996 2169 ’

314 2233 441 2277 sione
466 2249 552 2275 non
579 2236 981 2280 contemnendum.
1006 2237 1071 2279 Ita
1094 2237 1173 2280 fiet
1195 2244 1242 2279 vt
1272 2237 1590 2294 magnificetur
1619 2238 1765 2295 gratia
1795 2238 1954 2283 Socie-
1978 2231 1998 2303 ξ’

315 2310 435 2362 tatis,
466 2319 509 2353 et
540 2313 664 2353 Deus
694 2311 738 2353 in
767 2312 864 2367 ipsa
892 2312 1188 2368 glorificetur:
1225 2315 1302 2358 fiet
1331 2314 1464 2357 etiam
1494 2322 1541 2357 vt
1570 2316 1722 2371 plures
1750 2329 1850 2360 sese
1873 2330 1952 2372 ap·
1975 2313 1996 2367 ¹,

314 2387 479 2442 plicent
503 2388 557 2429 ad
585 2388 947 2442 Societatem3et
971 2390 1151 2445 quidem
1176 2391 1413 2445 firmiores3
1435 2400 1495 2447 et,
1524 2393 1601 2448 qui
1624 2392 1808 2436 admissi
1827 2399 1951 2445 sunt,
1979 2384 1999 2438 ζ’

315 2465 517 2506 futurum
543 2472 626 2517 est,
654 2480 710 2508 ne
733 2465 1007 2510 insolescant
1032 2482 1181 2523 neque
1204 2469 1450 2511 abutantur
1481 2469 1720 2512 timiditate
1747 2455 1999 2535 superio-⁸..⁶

315 2545 412 2583 rum
441 2540 486 2583 in
516 2540 794 2583 dimittendis
824 2543 1006 2595 nostris,
1033 2545 1113 2589 sed
1142 2545 1294 2600 potius
1324 2545 1409 2588 sibi
1439 2553 1633 2588 caueant
1666 2554 1711 2590 et
1744 2546 1948 2590 timeant.

315 2617 459 2661 Simul
478 2617 587 2659 illud
611 2617 1008 2671 considerandum,
1024 2621 1121 2666 fieri
1139 2622 1358 2666 ecclesiae
1374 2623 1667 2675 beneficium,
1689 2622 1764 2665 vbi
1787 2622 1954 2666 nostris
1978 2624 2002 2666 ,·.’

314 2694 543 2736 laboribus
565 2701 609 2738 et
632 2694 846 2749 impensis
869 2695 1104 2740 institutos
1128 2698 1414 2750 dimittimus,
1441 2699 1517 2754 qui
1541 2698 1715 2743 etiamsi
1740 2714 1832 2743 non
1862 2699 1953 2743 sint

316 2771 452 2812 futuri
476 2770 675 2827 religiosi
699 2770 868 2822 clerici,
894 2782 1028 2816 erunt
1053 2776 1148 2819 fere
1171 2775 1466 2818 modestiores
1489 2775 1639 2818 clerici
1663 2790 1796 2831 quam
1825 2790 1951 2819 com-

314 2847 508 2891 muniter
532 2847 604 2889 alii
627 2847 793 2899 solent,
815 2856 859 2890 et
882 2848 1197 2894 instructiores
1220 2852 1277 2894 ad
1300 2851 1606 2896 ecclesiastica
1625 2851 1888 2897 ministeria.
1986 2850 1999 2906 ζ

1977 2442 1992 2478 h..

1980 2591 1999 2636 sk&
1979 2538 1998 2586 ⁷⁰⁴-

1979 2670 1999 2698 -s

386 3013 395 3033 ¹
450 3014 490 3048 P.
513 3011 737 3048 Leonardus
757 3011 959 3050 Kesselius
975 3016 1161 3060 (Kessel).
1179 3017 1239 3053 Cf.
1261 3017 1510 3063 POLANCUM‚
1530 3016 1694 3065 Chron„
1709 3017 1756 3063 11,
1780 3017 1949 3062 279-280.
1973 2998 2005 3071 {5-
