2028 3426
322 246 398 281 404·
796 237 949 273 ans
976 237 1218 273 Humonnu
1243 236 1394 272 NADAL

366 337 719 382 Animaduertat
748 345 910 391 rector,
935 338 1119 392 quando
1147 337 1204 381 de
1232 336 1454 393 ministro,
1480 339 1775 384 subministro
1798 349 1816 367 ⁸
1838 342 1914 385 vel

275 415 332 457 de
357 414 460 467 alio,
488 415 564 470 qui
589 415 731 458 vicem
758 415 952 469 aliquam
983 422 1151 470 gerunt
1175 414 1441 477 superioris,
1468 417 1524 459 ad
1562 415 1710 473 ipsum
1740 418 1913 475 aliquid

273 492 495 545 defertur,
522 507 579 536 ne
601 507 693 535 rem
718 499 942 547 aggrauet
959 490 977 516 b
994 505 1148 534 coram
1166 492 1383 546 delatore,
1404 508 1463 537 ne
1479 492 1537 536 sit
1555 507 1692 538 causa
1715 502 1907 538 conten-

275 568 412 611 tionis
433 569 615 612 maioris
632 569 748 612 inter
766 567 997 611 subditum
1016 575 1061 612 et
1073 568 1368 624 superiorem,
1383 570 1454 613 vel
1472 569 1570 614 eius
1586 571 1911 615 authoritatem·

273 645 566 690 infirmiorem
591 645 775 689 efficiat:
802 646 881 688 sed
904 644 1056 701 potius
1078 651 1122 688 et
1142 659 1252 697 rem,
1273 645 1310 688 si
1333 645 1376 688 id
1395 646 1582 702 patitur,
1603 655 1805 701 excuset,
1830 656 1910 693 aut

271 722 500 779 significet
534 738 582 766 se
608 737 699 764 rem
735 721 913 778 plenius
946 721 1281 766 intellecturum
1305 723 1457 767 debita
1480 724 1712 781 indagine:
1742 733 1787 768 et
1811 741 1904 771 rem

272 800 454 856 quidem
479 799 670 852 notabit,
692 799 726 841 si
746 798 952 842 excusari
971 813 1060 842 non
1078 798 1236 855 possit,
1256 800 1457 843 nondum
1478 807 1629 845 tamen
1647 803 1703 845 de
1724 802 1912 847 homine

270 876 530 920 iudicando.
561 878 703 921 Curet
732 883 883 919 autem
913 891 969 920 ne
999 875 1177 921 facilem
1204 891 1254 921 se
1291 878 1504 933 praebeat
1537 879 1594 922 ad
1623 879 1901 924 credendum

271 953 486 1009 quicquid
520 954 708 997 aliorum
733 954 877 998 relatu
901 960 979 996 aut
1001 953 1228 997 delatione
1250 955 1307 997 de
1329 954 1427 998 aliis
1447 955 1657 1002 audierit.
1682 956 1779 999 Erit
1799 972 1912 1002 vero

269 1047 405 1087 opere
428 1031 648 1088 precium,
675 1038 811 1086 atque
833 1031 947 1075 adeo
970 1031 1292 1084 necessarium,
1314 1031 1693 1087 animaduertere,
1718 1049 1776 1078 ne
1793 1035 1902 1077 sub-

267 1108 348 1152 diti
373 1108 428 1153 95
453 1123 560 1151 suos
582 1108 838 1164 superiores
861 1107 1210 1152 calumnientur.
1237 1109 1366 1153 Haec
1395 1124 1534 1164 quum
1573 1110 1635 1153 ita
1666 1110 1772 1164 sint,
1797 1126 1902 1168 pro-

267 1186 419 1230 uideat
452 1194 600 1228 tamen
630 1185 975 1241 circumspecte,
1006 1193 1054 1227 vt
1085 1185 1290 1229 minister
1320 1200 1373 1229 ac
1410 1186 1720 1240 subminister,
1746 1196 1835 1234 etc.
1874 1205 1904 1233 a

266 1264 360 1306 suis
383 1262 639 1307 defectibus
662 1263 979 1314 emendentur,
1005 1269 1050 1305 et
1073 1262 1283 1306 omnibus
1311 1263 1400 1306 sint
1430 1263 1747 1309 aedificationi.

354 1340 562 1385 Rectoris
586 1347 654 1384 est
678 1340 876 1392 efficere,
902 1346 951 1381 vt
974 1354 1148 1394 omnes,
1174 1340 1250 1395 qui
1269 1340 1315 1382 in
1333 1340 1527 1398 collegio
1545 1356 1630 1384 suo
1648 1342 1747 1385 aliis
1763 1358 1898 1399 prae-

261 1426 385 1469 sunt,
412 1417 657 1460 efficaciter
690 1417 783 1460 suis
813 1418 1065 1473 fungantur
1096 1417 1275 1472 officiis,
1302 1431 1353 1461 ac
1376 1417 1438 1460 illi
1461 1419 1506 1461 in
1535 1418 1707 1474 primis,
1733 1420 1901 1475 quibus

261 1502 411 1539 rector
433 1495 528 1551 ipse
551 1494 809 1537 immediate
838 1501 1032 1551 praeest,
1059 1493 1331 1550 quibuscum
1361 1510 1498 1553 agere
1526 1496 1734 1552 amplius,
1761 1511 1900 1552 quam

261 1586 364 1615 cum
388 1571 502 1624 aliis,
530 1573 682 1624 debet;
708 1570 912 1614 omnium
934 1571 1108 1614 animos
1131 1571 1422 1615 nihilominus
1446 1572 1592 1629 erigat
1614 1573 1660 1615 in
1678 1574 1894 1628 Domino,

261 1650 630 1704 consoleturque3
659 1647 947 1705 peculiariter
968 1663 1077 1692 vero
1095 1662 1267 1701 eorum,
1289 1648 1366 1704 qui
1384 1648 1550 1692 auxilio
1568 1650 1715 1706 magis
1737 1659 1894 1707 egent.

258 1726 327 1771 Sit
353 1727 506 1782 itaque
530 1725 759 1782 refugium
783 1725 1009 1778 omnibus,
1035 1732 1084 1767 vt
1107 1725 1259 1768 debita
1288 1725 1531 1779 suauitate,
1558 1727 1895 1783 dispensatione

258 1812 303 1847 et
326 1803 568 1860 prudentia
591 1803 792 1845 omnium
816 1801 1180 1859 aegritudinibus
1207 1803 1457 1846 medeatur.
1491 1803 1713 1846 Vltimum
1742 1812 1896 1849 autem

257 1881 443 1925 remedii
475 1895 624 1937 genus
653 1880 754 1933 erit,
787 1887 1004 1933 statuere,
1030 1894 1138 1922 num
1177 1880 1254 1935 qui
1291 1895 1429 1936 aeger
1460 1888 1529 1924 est
1567 1881 1735 1934 animo,
1761 1881 1819 1924 sit
1847 1882 1892 1925 in

256 1959 484 2003 Societate
509 1957 791 2011 retinendus,
811 1973 868 2000 an
892 1957 1188 2000 dimittendus
1207 1957 1374 2013 potius,
1395 1972 1475 2002 seu
1495 1958 1550 2000 ad
1568 1958 1896 2014 prouincialem

255 2037 556 2092 ablegandus,
580 2041 657 2077 aut
681 2034 738 2078 96
763 2033 1049 2079 xenodochio
1071 2041 1117 2077 et
1138 2049 1388 2090 pauperum
1413 2034 1612 2079 seruitiis
1635 2035 1691 2078 ad
1725 2037 1894 2092 proba-

261 2114 433 2157 tionem
457 2111 769 2163 destinandus,
793 2111 958 2166 quibus
979 2112 1035 2155 de
1053 2112 1189 2154 rebus
1207 2111 1468 2155 admonebit
1484 2111 1828 2168 prouincialem.

344 2189 602 2244 Diligenter
626 2188 1083 2244 circumspiciendum
1104 2194 1189 2240 est,
1215 2187 1252 2231 si
1275 2187 1352 2243 qui
1376 2188 1525 2232 idonei
1555 2188 1796 2233 videantur
1819 2191 1894 2234 fu—

256 2266 362 2320 turi,
390 2266 555 2321 quibus
577 2265 787 2321 primaria
809 2265 1048 2309 Societatis
1070 2264 1221 2308 officia
1241 2271 1338 2308 tuto
1355 2265 1527 2321 possint
1547 2265 1593 2308 in
1613 2266 1764 2322 aliqua
1782 2282 1887 2323 pro-

259 2343 408 2387 uincia
430 2342 647 2386 committi
672 2357 754 2385 suo
779 2350 996 2398 tempore,
1024 2341 1276 2386 cuiusmodi
1306 2349 1412 2385 sunt
1441 2342 1643 2396 rectoris,
1675 2343 1889 2398 ministri,

258 2420 534 2463 nouitiorum
560 2419 790 2475 praefecti,
817 2427 861 2463 et
882 2419 997 2471 eius,
1023 2418 1099 2475 qui
1133 2419 1282 2462 valeat
1314 2419 1541 2463 exercitiis
1577 2419 1892 2476 spiritualibus

254 2498 366 2541 alios
381 2511 665 2554 promouere,
688 2496 1078 2548 concionatorum,
1100 2495 1495 2548 confessariorum,
1515 2504 1882 2552 procuratorum,

252 2577 492 2626 lectorum,
518 2581 626 2626 etc.;
655 2581 699 2616 et
724 2572 950 2628 designati
981 2573 1200 2617 deberent
1232 2572 1433 2617 exerceri
1462 2575 1698 2617 commode
1730 2573 1774 2616 in
1803 2588 1886 2617 sua

253 2652 482 2695 facultate.
511 2652 610 2694 Hac
642 2658 792 2693 tamen
822 2650 866 2692 in
905 2664 951 2693 re
990 2649 1099 2692 illud
1129 2655 1199 2692 est
1236 2650 1508 2702 cauendum,
1541 2665 1599 2694 ne
1629 2652 1685 2693 ab
1723 2651 1884 2695 studiis

250 2730 343 2772 suis
367 2730 438 2771 vel
461 2727 627 2783 alioqui
663 2726 926 2769 necessariis
948 2726 1323 2782 occupationibus
1346 2735 1645 2770 amoueantur
1673 2734 1882 2784 propter-

247 2822 316 2858 ea,
343 2807 414 2850 vel
443 2819 599 2848 eorum
628 2818 839 2860 magnam
870 2803 1035 2845 faciant
1065 2803 1299 2846 iacturam.
1333 2804 1437 2847 Hoc
1463 2810 1614 2849 tamen
1651 2804 1882 2860 specimen

248 2883 441 2926 liberius·
455 2883 512 2926 de
540 2881 594 2924 iis
622 2879 787 2937 poterit
816 2879 931 2935 capi,
963 2879 1039 2934 qui
1072 2880 1290 2923 absolutis
1318 2879 1479 2923 studiis
1506 2880 1796 2925 instruuntur
1823 2882 1882 2924 ad

248 2959 563 3003 ministerium.

319 3059 336 3076 a
384 3049 431 3083 de
451 3048 636 3082 ministro
654 3049 689 3082 et
710 3045 895 3081 ministro
916 3056 986 3080 ms.
1039 3046 1104 3072 —b
1130 3049 1326 3092 aggreuet
1345 3057 1416 3081 ms.
