2028 3426
333 241 379 276 62
910 238 1089 274 Norrrm
1116 245 1308 273 conicUM

286 344 395 381 tione
416 355 438 380 a
454 343 574 380 sociis
596 341 900 391 pertractandis.
918 340 980 377 De
996 339 1144 377 eodem
1163 339 1258 376 vide
1279 350 1385 387 quae
1405 339 1445 376 in
1466 339 1644 377 editione
1666 338 1824 378 Codicis
1850 339 1922 378 Va-

287 415 352 452 tic.
380 422 422 469 7„
437 414 487 451 ad
509 425 629 463 pagg.
653 423 697 450 21
711 420 828 459 1-215
852 412 1036 460 ejusdem
1057 411 1224 456 codicis,
1245 410 1441 449 dicemus.
1458 411 1550 448 Hoc
1567 415 1703 448 autem
1721 417 1923 450 transum-

287 491 401 534 ptum
428 497 521 523 cum
548 486 784 533 archetypo,
805 484 945 532 paucis
966 483 1154 530 demptis,
1175 482 1410 520 concordat.

368 557 452 594 Fol.
495 557 681 602 16v-18v,
717 555 882 592 «Orden
916 554 981 591 del
1014 553 1228 590 refectorio
1266 566 1291 602 y
1325 554 1496 591 seruicio
1532 553 1633 591 del.»
1676 553 1769 592 Hoc
1807 555 1923 592 titulo
1952 566 1958 581 -·

287 629 497 677 designata
513 628 682 664 veniunt
702 627 903 674 quaedam
925 625 1172 662 documenta
1192 625 1369 672 practica
1390 630 1430 662 et
1454 625 1574 662 valde
1602 625 1755 663 minuta
1784 625 1836 662 de
1860 637 1923 663 ra·

286 700 395 736 tione
422 699 647 736 adornandi
677 698 904 742 triclinium,
931 697 982 733 dc
1010 695 1152 732 ordine
1179 696 1218 732 in
1238 695 1458 733 ministerio
1479 708 1710 734 mensarum
1731 697 1782 734 ad
1804 709 1924 746 pran-

287 771 397 808 dium
418 771 632 816 servando,
653 770 704 806 de
724 770 830 806 vasis
851 769 902 805 ad
931 774 1074 815 potum
1099 767 1356 814 adhibendis,
1385 779 1609 816 eorumque
1638 769 1817 815 materia,
1847 773 1924 807 etc.
1956 791 1963 798 »-

287 842 432 878 Manus
461 841 616 878 eadem.
649 840 765 878 Utile·
784 852 873 876 esse
904 839 1051 887 poterit
1079 839 1157 875 hoc
1184 838 1476 876 documentum
1502 839 1561 885 iis,
1587 839 1656 888 qui
1677 839 1729 876 de
1749 839 1926 888 antiquis
1981 871 1985 880 .

286 912 649 950 consuctudinilms
671 917 710 948 et
730 911 781 948 de
802 911 923 948 rebus
944 910 1178 947 domesticis
1200 909 1397 947 disserere
1412 910 1626 948 voluerint.
1641 910 1725 948 Ine.
1743 911 1924 970 «Senha-
1954 901 1966 909 '¹

287 984 391 1020 lesse
412 996 491 1020 una
511 984 683 1020 tabla...»
707 983 803 1019 Des.
828 998 888 1019 «...
910 993 954 1018 se
976 981 1127 1018 muden
1150 981 1252 1018 cada
1273 993 1474 1019 semana.›

368 1055 451 1091 Fol.
480 1056 656 1103 18v-19r,
678 1054 888 1102 catalogus
909 1052 1126 1089 exhibetur
1145 1053 1366 1090 lectionum
1387 1053 1438 1090 ad
1459 1064 1642 1090 mensam
1669 1053 1924 1102 usurpanda·
1968 1060 1976 1072 ⁵

285 1138 385 1171 rum,
407 1127 576 1174 hispano
599 1136 785 1162 sermone
806 1124 882 1161 sub
904 1125 982 1161 hoc
1003 1124 1130 1161 titulo:
1155 1123 1320 1161 «Orden
1342 1124 1394 1161 de
1415 1125 1453 1161 lo
1473 1136 1552 1172 que
1574 1136 1618 1161 se
1638 1126 1689 1162 ha
1706 1125 1759 1162 de
1775 1124 1858 1162 leer
1873 1136 1923 1162 en
1963 1150 1965 1155 «
1995 1105 1997 1118 ⁴

288 1197 323 1234 la
345 1209 466 1234 mesa.
517 1197 607 1233 Non
631 1197 796 1232 omnino
815 1207 908 1232 cum
935 1207 1044 1232 novo
1072 1195 1272 1244 catalogo,
1293 1196 1333 1232 in
1354 1195 1546 1233 [restituto
1567 1195 1776 1233 Societatis
1808 1195 1923 1241 Jesu,
1969 1238 1980 1252 a

287 1268 362 1305 sub
397 1269 544 1317 regulis
578 1267 768 1315 praefecti
803 1267 986 1304 lectionis
1016 1267 1068 1303 ad
1103 1279 1285 1304 mensam
1318 1278 1488 1313 excuso,
1523 1267 1758 1314 concordat3
1789 1268 1925 1316 plures

287 1340 392 1376 enim
414 1339 581 1376 exhibe:
603 1344 802 1384 auctores,
823 1339 891 1385 qui
912 1339 950 1375 in
973 1350 1082 1375 novo
1104 1338 1290 1387 catalogo
1314 1339 1510 1386 expuncti
1531 1344 1637 1385 sunt,
1659 1344 1699 1376 ct
1719 1350 1740 1375 e
1762 1345 1924 1376 contra·
1967 1379 1978 1390 ,-
2000 1374 2001 1386 ,

288 1411 345 1447 rio
368 1412 483 1458 pauci
507 1411 659 1457 aliquot
680 1411 743 1447 hie
765 1410 1058 1456 desiderantur,
1080 1410 1148 1457 qui
1169 1410 1220 1447 ad
1247 1411 1514 1447 recentiorem
1541 1411 1771 1460 catalogum
1799 1410 1926 1467 additi
1967 1400 1988 1447 ἶ

288 1487 380 1518 sunt
402 1480 422 1518 ¹.
445 1481 635 1518 Continet
651 1482 814 1529 insuper
829 1482 982 1518 monita
998 1481 1190 1518 nonnulla
1207 1481 1258 1518 de
1274 1482 1429 1519 ratione
1445 1481 1703 1531 expurgandi
1724 1482 1925 1530 quosdam
1983 1494 1989 1500 ·

287 1558 492 1598 tractatus,
528 1554 762 1600 priusquam
791 1553 843 1589 ad
873 1551 1077 1600 publicam
1106 1552 1323 1589 lectionem
1353 1552 1633 1590 adhibeantur.
1664 1553 1723 1590 Ita
1753 1564 1787 1590 e.
1817 1565 1855 1602 g.
1885 1554 1925 1590 in

287 1625 450 1661 historia
479 1625 751 1661 ecclesiastica
778 1624 995 1672 Nicephori
1022 1624 1304 1661 emendandos
1331 1624 1526 1661 admonet
1545 1624 1747 1672 quosdam
1768 1636 1924 1662 errores
1971 1646 2005 1692 {l

286 1697 324 1731 in
348 1695 397 1733 1.⁰
414 1702 453 1732 ct
471 1695 525 1733 2.⁰
540 1696 640 1732 libro
657 1697 696 1732 in
713 1696 773 1742 iis,
793 1707 922 1743 «quae
939 1696 1108 1732 attinent
1123 1696 1174 1732 ad
1191 1707 1432 1745 graecorum
1451 1708 1607 1733 errores
1628 1701 1667 1733 et
1687 1697 1923 1745 apocrypha

287 1767 488 1814 quaedam
510 1768 561 1803 de
590 1768 834 1816 cognatione
861 1767 1027 1817 virginis
1053 1767 1216 1813 Mariae,
1243 1773 1283 1804 et
1309 1768 1407 1814 aliis,
1434 1768 1466 1804 si
1492 1773 1602 1805 recte
1630 1768 1925 1806 commemini.»

287 1839 343 1875 lta
369 1839 520 1875 Natalis
550 1840 587 1875 in
610 1840 684 1875 liae
715 1839 992 1885 instructione,
1022 1850 1140 1886 quae,
1169 1844 1212 1876 ut
1239 1840 1480 1887 superiores,
1515 1839 1566 1876 ab
1597 1839 1745 1876 eodem
1766 1839 1928 1876 librario
1979 1835 2007 1882 Ἀ,

287 1915 453 1946 exarata
486 1909 568 1946 fuit.
602 1910 682 1947 luc.
716 1909 790 1946 «Al
817 1910 1015 1958 principio
1037 1910 1088 1946 de
1115 1910 1151 1946 la
1173 1910 1386 1948 lection...»
1408 1910 1505 1948 Des.
1611 1910 1733 1959 algt'm
1753 1910 1855 1947 libro
1876 1921 1926 1947 en

289 1992 515 2027 romanco.»

367 2051 450 2087 Fol.
470 2061 651 2097 2or-2ox·,
669 2052 785 2089 adest
801 2052 1021 2090 declaratio
1038 2053 1241 2100 quaedam
1258 2053 1361 2090 illius
1378 2050 1655 2099 ordinationis,
1671 2065 1752 2101 qua
1767 2053 1923 2101 praeci-
1977 2081 1983 2090 .

287 2122 470 2169 piebatur
489 2135 538 2159 nc
561 2123 722 2169 alumni,
743 2125 782 2160 in
802 2124 950 2160 nostris
972 2124 1115 2160 studiis
1135 2125 1274 2161 litteris
1296 2136 1462 2173 operam
1482 2130 1691 2170 navantes,
1712 2124 1764 2176 ad
1785 2124 1923 2162 Socie-

285 2198 407 2230 tatem
441 2200 739 2242 cooptarentur,
774 2196 851 2232 hoc
885 2196 1000 2232 titulo
1035 2197 1271 2244 praemisso:
1305 2195 1461 2233 «Como
1492 2207 1535 2233 se
1565 2197 1616 2233 ha
1646 2195 1874 2248 dentender
1901 2207 1924 2233 a

284 2276 399 2313 regra
419 2265 469 2301 de
492 2269 566 2301 nfio
587 2266 754 2302 rcceber
779 2267 1016 2304 estudantes
1037 2267 1088 2304 de
1118 2279 1264 2304 nossos
1294 2267 1501 2305 estudos.»
1523 2267 1642 2305 Solus
1658 2267 1797 2304 titulus
1826 2267 1922 2304 lusi-

284 2336 418 2372 tanico
453 2348 651 2382 sermone,
683 2344 842 2374 caetera
870 2339 1076 2386 hispanice
1111 2339 1260 2387 scripta
1287 2344 1391 2376 sunt:
1420 2339 1566 2376 Manus
1593 2344 1637 2376 ut
1671 2351 1804 2387 supra.
1839 2339 1923 2376 Inc-

288 2406 478 2454 «Quanto
499 2407 521 2443 a
541 2408 576 2444 la
597 2409 772 2457 regla...»
795 2409 892 2446 Des.
916 2426 976 2447 «...
998 2410 1244 2458 instituieion
1266 2410 1332 2447 del
1352 2422 1460 2459 rey.»

1979 2353 1991 2370 -s

1981 2166 2001 2249 ἦ

1988 2334 2004 2390 '22

1982 2393 2004 2445 ἐ

367 2478 452 2514 Fol.
475 2488 648 2525 εῖτ-επ,
670 2479 841 2516 habetur
861 2481 1068 2528 hispanice
1090 2482 1343 2530 conscriptus
1363 2482 1573 2531 catalogus
1593 2494 1739 2528 rerum,
1766 2483 1805 2519 in
1833 2481 1922 2530 qui·
1980 2450 2006 2522 ξ

286 2548 362 2585 bus
390 2550 536 2585 versari
564 2551 710 2597 poterit
735 2551 943 2588 meditatio
971 2552 1218 2599 quotidiana,
1246 2552 1322 2589 sub
1349 2554 1427 2590 hoc
1456 2553 1583 2590 titulo:
1614 2553 1770 2590 «Podra
1795 2565 1859 2590 ser
1884 2553 1921 2590 la
1983 2523 2007 2611 ξ

286 2620 449 2656 materia
466 2620 516 2656 (le
534 2620 568 2656 la
586 2621 828 2679 meditacioii
846 2623 1046 2659 ordinaria
1063 2623 1098 2660 la
1115 2635 1195 2671 que
1216 2635 1259 2661 se
1280 2624 1430 2674 signe.»
1456 2624 1569 2661 Idem
1590 2618 1713 2662 latino
1734 2636 1921 2662 sermone
1987 2604 2013 2664 ξ

286 2691 324 2726 in
351 2689 442 2728 Cod.
476 2691 594 2728 Vatic.
623 2700 655 2740 7,
677 2704 769 2740 pag.
795 2694 880 2739 560,
901 2695 1108 2742 reperitur.
1137 2695 1219 2732 Inc.
1250 2695 1505 2741 «Todoslos
1531 2697 1794 2734 misterios...»
1826 2696 1920 2734 Des.
1986 2668 2009 2776 ξ

290 2777 348 2799 «...
370 2763 628 2810 gouernador
649 2763 812 2801 dellas.»
1988 2775 2006 2785 '¹

309 2882 315 2889 ,
367 2833 451 2870 Fol.
475 2843 666 2879 22v-23v,
681 2840 785 2881 sunt,
802 2836 972 2883 hispano
993 2837 1086 2873 item
1108 2849 1308 2884 sermone,
1324 2839 1486 2888 regulae
1506 2839 1699 2887 praefecti
1719 2838 1918 2876 valetudi-
1982 2785 2010 2894 Ξ

286 2903 358 2948 nis,
380 2916 484 2951 quae
505 2906 611 2941 hunc
634 2905 791 2942 titulum
812 2907 1052 2957 praeferunt:
1078 2908 1251 2957 «Reglas
1272 2921 1368 2957 para
1389 2909 1425 2946 el
1447 2909 1698 2958 procurador
1717 2909 1769 2946 de
1790 2910 1826 2946 la
1854 2921 1918 2946 sa-
1987 2888 2011 2973 ξ

1982 2973 2012 3053 f,

361 3052 367 3071 ¹
421 3049 480 3086 Cf.
502 3051 739 3086 [nstitutum
760 3052 967 3088 Societatis
978 3054 1077 3099 Jesu
1099 3055 1347 3101 (Florentiae,
1375 3055 1475 3102 1892,
1500 3055 1617 3102 1893),
1638 3057 1709 3102 ΙΙΙ,
1729 3065 1811 3101 144.
