2028 3426
374 258 443 303 484
845 258 998 293 PA‘rms
1026 257 1269 293 HmRONYm
1295 257 1446 293 NADAL

1717 0 2028 331 l

2007 490 2022 534 s.

327 359 456 405 derio
479 359 763 417 ingrediendi
786 359 1059 404 Societatem
1083 359 1185 415 plus
1202 358 1371 414 aliquid
1389 359 1597 403 minusue
1614 367 1830 404 asserant.
1852 361 1962 404 Non*

329 437 553 493 oportebit
576 445 726 480 autem
753 436 1068 492 responsiones
1091 435 1228 479 huius
1250 435 1469 480 examinis
1490 436 1703 482 scribere.

415 519 498 560 349
526 516 769 569 Postquain
800 514 854 555 ad
893 512 1081 569 primam
1115 512 1425 569 probationem
1459 513 1560 570 quis
1598 513 1821 557 admissus
1855 514 1955 567 erit,
2008 572 2010 574 V

327 592 540 635 succedet
569 591 819 635 secundum
858 604 1064 642 examen,
1091 590 1210 644 quod
1240 596 1308 633 est
1346 589 1462 633 idem
1494 604 1597 633 cum
1630 605 1701 643 eo,
1727 592 1847 646 quod
1869 592 1960 635 late
2007 593 2010 597 “

328 667 586 711 continetur
605 666 732 709 initio
752 665 1133 710 constitutionum
1157 673 1201 710 et
1219 666 1392 723 incipit:
1423 668 1578 711 «Haec
1598 652 1787 710 minima
1799 667 1957 712 Socie-

327 752 394 788 tas
404 764 419 782 n
447 753 548 791 etc.:
571 745 690 799 quod
710 743 843 788 faciat
860 744 983 787 solus
1001 743 1054 796 is,
1075 743 1149 787 cui
1168 743 1367 786 officium
1386 743 1678 787 commissum
1696 751 1765 788 est
1787 745 1959 788 exami-
2006 730 2017 762 ’ἶ

326 822 511 864 natoris:
533 821 724 877 pertinet
744 820 864 864 enim
884 828 1027 863 totum
1051 823 1138 863 hoc
1158 820 1400 877 negocium
1419 821 1476 864 ad
1494 820 1591 864 eius
1609 821 1838 877 proprium
1857 836 1956 864 mu-
2004 807 2012 853 s

327 913 427 950 nus;
455 899 682 953 agendum
706 906 856 941 autem
880 906 948 940 est
970 899 1056 941 hoc
1080 912 1268 942 examen
1298 912 1388 941 non
1420 898 1618 942 breuiter
1643 899 1705 955 (vt
1732 898 1957 955 superius)
2003 919 2005 922 ·

326 977 405 1020 sed
428 975 606 1027 diffuse3
633 975 677 1017 in
701 989 754 1017 eo
778 975 896 1018 enirn
923 974 1113 1018 traditur
1143 974 1343 1031 cognitio
1373 975 1632 1028 Societatis‚
1660 974 1957 1031 imprimitur—

326 1067 414 1108 que
436 1052 533 1095 eius
555 1051 809 1094 substantia
832 1058 877 1095 et
900 1051 1066 1096 veritas
1089 1051 1135 1094 in
1164 1052 1303 1095 corde
1328 1051 1442 1104 eius,
1469 1051 1545 1106 qui
1577 1051 1755 1094 admitti
1783 1051 1957 1096 deside-

324 1137 408 1179 rat;
435 1130 568 1172 simul
591 1128 666 1184 qui
697 1128 941 1180 examinat,
975 1135 1020 1172 et
1052 1128 1249 1183 inquiret
1279 1128 1506 1185 copiosius
1533 1143 1585 1171 ac
1619 1128 1884 1185 diligentius
1907 1137 1952 1174 et
2027 1168 2028 1180 ἢ

322 1207 488 1250 clarius
510 1206 659 1249 omnia
689 1213 958 1262 cognoscet:
991 1214 1036 1248 et
1064 1212 1165 1261 post
1194 1205 1383 1261 primam
1417 1220 1473 1249 ex
1502 1205 1721 1262 superiori
1751 1199 1961 1250 examine
2002 1223 2010 1226 ’

320 1283 602 1335 relationem,
630 1291 724 1328 2:²³¹
747 1282 872 1325 dabit
895 1282 1118 1339 superiori
1141 1282 1403 1339 pleniorem.
1431 1282 1657 1325 Iudicabit
1683 1297 1793 1326 vero
1821 1297 1956 1338 supe-

321 1361 408 1402 rior
433 1375 588 1402 rursus
611 1359 879 1413 consultius,
906 1359 1022 1402 sitne
1045 1359 1081 1402 is
1105 1366 1236 1415 aptus
1259 1360 1315 1402 ad
1337 1359 1627 1410 Societatem,
1654 1374 1709 1402 an
1734 1374 1839 1402 non:
1868 1374 1944 1402 no·
1996 1380 1997 1383 ¹

319 1436 522 1479 minatim
553 1451 660 1480 vero
689 1437 767 1479 fiat
798 1436 1002 1480 exactius
1030 1451 1219 1480 examen
1258 1436 1315 1480 de
1351 1435 1562 1479 omnibus
1599 1435 1958 1492 impedimentis,

320 1528 409 1556 non
434 1514 578 1556 solum
597 1515 652 1557 de
676 1513 930 1556 necessario
953 1512 1318 1564 excludentibus,
1345 1513 1424 1555 sed
1447 1513 1503 1557 de
1525 1512 1622 1556 aliis
1645 1513 1778 1556 etiam
1803 1514 1948 1556 omni—
2002 1519 2004 1525 “

317 1593 403 1633 bus
426 1598 470 1634 et
500 1590 834 1646 impedimentis
863 1595 946 1636 350
976 1599 1022 1633 et
1050 1591 1203 1643 rebus,
1229 1591 1284 1634 de
1307 1590 1472 1645 quibus
1500 1589 1719 1646 superiori
1749 1590 1963 1634 examine*

319 1668 567 1723 attigimus.

405 1746 584 1789 Habeat
607 1744 886 1789 examinator
909 1759 1098 1788 examen
1122 1743 1164 1786 in
1190 1758 1342 1795 manu,
1363 1750 1441 1786 aut
1463 1744 1621 1787 saltem
1645 1743 1688 1786 in
1714 1743 1950 1797 memoria,

318 1830 362 1865 et
385 1822 528 1878 primo
551 1822 732 1873 referat,
759 1836 875 1876 quae
904 1820 1195 1865 continentur
1228 1820 1272 1863 in
1295 1821 1441 1877 primo
1472 1820 1633 1877 capite,
1659 1828 1874 1877 petatque
1895 1821 1959 1863 ab
1995 1850 1999 1854 ·

317 1913 387 1950 eo,
414 1898 489 1954 qui
520 1898 821 1950 examinatur,
848 1899 1114 1953 placeantne
1143 1897 1236 1950 illa,
1262 1913 1319 1940 an
1342 1912 1446 1942 non.
1469 1897 1647 1942 Deinde
1669 1897 1952 1943 examinetur
1996 1888 2005 1915 ³

316 1976 441 2018 iuxta
464 1976 555 2027 illa,
583 1990 699 2032 quae
722 1975 935 2018 dicuntur
964 1975 1008 2018 in
1034 1975 1112 2018 2.⁰
1135 1975 1297 2031 capite.
1326 1975 1462 2030 Quod
1485 1975 1522 2018 si
1551 1990 1641 2018 non
1674 1974 1842 2018 fuerint
1866 1975 1945 2017 im·
1994 1967 2000 1971 ’

318 2053 573 2108 pedimenta
598 2053 747 2108 aliqua
771 2052 1045 2105 essentialia,
1072 2052 1379 2109 interrogetur
1408 2059 1740 2108 consequenter
1768 2053 1824 2097 de
1861 2051 1948 2104 his,

318 2144 431 2184 quae
460 2130 686 2186 pertinent
715 2130 768 2172 ad
803 2138 896 2184 3.¹¹“¹
925 2140 1078 2186 caput,
1109 2137 1154 2174 et
1185 2128 1502 2186 responsiones
1529 2129 1801 2181 scribantur,
1838 2143 1950 2184 quas

318 2206 426 2250 velit
449 2206 503 2259 is,
530 2207 606 2262 qui
638 2207 962 2262 interrogatur,
989 2206 1161 2260 reliqua
1189 2220 1296 2249 vero
1324 2213 1498 2250 secrete
1529 2206 1692 2262 poterit
1721 2204 1956 2250 examina-
1989 2225 1994 2234 Δ

320 2284 404 2326 tori
423 2284 691 2339 patefacere,
713 2290 761 2325 vt
783 2283 820 2326 is
842 2284 899 2327 de
921 2298 973 2327 ea
997 2298 1044 2327 re
1068 2283 1212 2325 solum
1236 2282 1514 2339 superiorem
1538 2283 1775 2327 certiorem
1797 2282 1945 2326 faciat.
1987 2268 1999 2311 ‘-

319 2361 388 2403 De
412 2359 481 2402 his
503 2374 630 2411 vero,
657 2373 772 2414 quae
795 2359 855 2403 ita
886 2366 1060 2403 secrete
1083 2366 1127 2403 et
1156 2359 1340 2403 seorsim
1371 2360 1426 2401 ab
1454 2358 1757 2402 examinando
1781 2358 1948 2401 intelli·

320 2443 510 2493 guntur,
524 2436 689 2479 efficiet
706 2436 908 2491 superior
927 2444 943 2460 ³
960 2443 1179 2480 secretam
1199 2436 1426 2491 quandam
1445 2435 1704 2480 memoriam
1721 2449 1800 2491 per
1818 2435 1949 2491 signa
1981 2422 2007 2477 ἶ,

320 2514 557 2568 quaedam,
582 2512 643 2556 ita
664 2520 713 2555 vt
737 2511 820 2555 sibi
849 2511 931 2554 soli
964 2512 1176 2567 prodesse
1205 2511 1362 2567 possit,
1389 2526 1579 2567 eamque
1608 2518 1783 2556 secrete
1813 2511 1947 2555 etiarn

318 2598 362 2632 et
385 2590 571 2634 seorsim
593 2589 792 2640 habebit,
814 2587 1089 2643 neminique,
1111 2588 1196 2645 nisi
1219 2588 1312 2631 suis
1335 2588 1643 2644 superioribus
1659 2592 1727 2634 351
1748 2596 1826 2632 aut
1842 2602 1946 2631 suc-

317 2666 588 2715 cessoribus,
615 2664 871 2722 patefaciat.
900 2664 1008 2719 Qui,
1035 2664 1157 2706 omni
1179 2664 1414 2720 diligentia
1437 2664 1653 2718 abhibita,
1680 2680 1772 2708 rem
1797 2679 1961 2714 secre-‚

321 2751 410 2786 tarn
434 2744 553 2799 apud
576 2757 625 2786 se
647 2742 1002 2793 conseruabunt3
1029 2748 1073 2784 et
1112 2741 1292 2784 tandem
1323 2741 1559 2797 rogabitur
1587 2741 1640 2795 is,
1667 2741 1744 2798 qui
1776 2741 1946 2786 exami-

318 2828 468 2871 natur,
490 2819 658 2862 velitne
675 2818 835 2862 subiici
854 2818 923 2869 iis,
943 2832 1060 2872 quae
1078 2817 1162 2859 sibi
1181 2826 1495 2873 proponuntur
1510 2818 1554 2860 in
1572 2820 1658 2861 hoc
1676 2817 1840 2874 capite,
1855 2826 1953 2861 etc.r

319 2898 488 2938 Eodem
515 2896 667 2951 itaque
698 2895 856 2938 ordine
881 2900 1176 2951 prosequetur
1199 2893 1243 2935 in
1273 2894 1580 2949 proponendis
1607 2894 1678 2947 iis,
1704 2909 1820 2950 quae
1843 2909 1944 2950 per·

386 3071 401 3086 ει
454 3061 709 3105 superiorum
739 3071 810 3095 ms.
