2028 3426
46 139 56 145 v
32 93 54 102 '.›
32 0 72 84 ῥῖνέ.

713 192 1141 232 ΙΝεΤΒυοτιοΝΕε-ὁῐ
1623 198 1692 235 459

835 340 883 381 In
906 339 1020 381 XI.in

206 452 478 509 Intelligitur
498 451 572 494 hic
595 466 694 495 esse
716 466 848 494 casus
876 456 1150 503 reseruatus,
1176 447 1351 492 etiamsi
1373 461 1622 490 consensus
1646 461 1738 488 non

115 537 247 575 exeat
268 529 314 572 in
338 529 532 584 aliquem
555 516 640 575 263
668 535 834 578 actum,
876 533 1058 583 propter
1093 525 1344 581 periculum
1382 522 1557 579 peccati
1586 521 1740 578 grauis

117 615 162 650 et
184 622 239 650 ex
261 620 351 661 quo
375 606 467 649 fere
489 604 779 659 consequitur
796 603 996 655 infamia,
1017 610 1061 647 et
1082 602 1128 644 in
1145 607 1428 657 peccantem,
1449 607 1493 642 et
1515 599 1560 641 in
1584 598 1740 642 Socie-

118 691 270 728 tatem.
297 684 413 725 Nam
431 696 521 724 non
540 688 795 724 reseruatur
819 680 902 723 nisi
924 693 1172 723 consensus
1194 693 1248 722 eo
1272 679 1442 728 tendat,
1468 684 1516 718 vt
1538 676 1614 719 illa
1632 689 1740 718 exe-

119 767 299 815 quatur.
325 759 462 815 Quod
484 758 521 800 si
543 757 693 801 videat
716 756 1017 800 confessarius
1044 755 1293 811 periculum
1316 768 1408 797 non
1431 752 1741 797 intercessisse

118 835 292 879 externi
314 841 459 887 actus,
484 849 574 876 non
597 840 867 877 reseruatur.
895 834 1049 887 ltaque
1070 846 1247 874 morosa
1264 829 1503 874 delectatio
1528 829 1651 870 nulla
1669 841 1740 870 re-

117 919 336 955 seruatur.
361 913 475 954 Nam
498 911 535 953 si
558 925 648 953 non
672 910 819 952 solum
842 908 898 951 sit
916 923 1164 952 consensus
1180 914 1229 950 vt
1246 907 1321 950 illa
1338 913 1620 962 exequantur
1638 918 1741 947 sce-

117 990 227 1041 lera,
252 989 331 1031 sed
353 987 499 1032 media
528 987 661 1031 etiam
685 995 918 1042 quaerant,
944 993 992 1027 vt
1023 985 1096 1027 illa
1119 991 1414 1040 exequantur,
1439 983 1527 1025 iam
1549 996 1740 1026 censen—

120 1074 193 1109 tur
229 1065 350 1110 exire
387 1065 535 1120 aliquo
573 1071 705 1120 pacto
737 1063 784 1105 in
812 1070 962 1105 actum
991 1062 1274 1113 exteriorem,
1315 1075 1404 1116 quo
1426 1059 1608 1103 nomine
1632 1057 1742 1100 nihil

119 1143 280 1186 mirum
305 1141 343 1184 si
366 1148 668 1185 reseruentur.
692 1141 793 1182 Hoc
816 1146 971 1195 postea
993 1138 1211 1194 expressit
1229 1137 1453 1194 generalis
1475 1136 1521 1177 in
1545 1149 1741 1190 congre-

120 1219 305 1276 gatione
330 1217 399 1263 2.²³⁴

826 1329 876 1370 In
899 1329 1032 1370 XII.¹n

206 1449 410 1494 Venialia
431 1463 522 1490 non
551 1454 866 1490 reseruantur.
907 1445 1058 1489 Minus
1079 1452 1147 1487 est
1169 1458 1249 1486 cur
1278 1451 1570 1487 reseruentur
1594 1450 1744 1485 tenta-

119 1527 264 1570 tiones
285 1525 396 1569 citra
417 1539 702 1569 consensum.
729 1524 819 1568 Sed
847 1530 997 1566 tamen
1020 1522 1056 1564 si
1084 1536 1187 1564 cum
1210 1520 1461 1564 venialibus
1493 1520 1743 1575 periculum

120 1603 294 1658 peccati
316 1601 532 1654 mortalis,
556 1602 629 1644 vel
652 1601 913 1643 scandalum
933 1600 1118 1641 mortale
1136 1598 1191 1640 sit
1209 1598 1520 1648 coniunctum,
1550 1603 1595 1640 et
1611 1596 1745 1638 simul

121 1682 192 1723 vel
229 1680 495 1735 periculum,
529 1679 600 1722 vel
637 1678 899 1721 scandalum
927 1675 1086 1721 euitari
1116 1690 1205 1718 non
1235 1689 1367 1731 posse
1396 1674 1635 1724 iudicetur,
1661 1672 1745 1714 nisi
1804 1662 1814 1667 ³

120 1771 193 1799 res
220 1757 277 1800 ad
304 1755 581 1812 superiorem
619 1756 854 1805 referatur,
895 1752 1202 1797 reseruabitur
1238 1754 1324 1794 hac
1358 1752 1413 1794 de
1442 1765 1594 1793 causa.
1627 1750 1743 1792 Nam
1791 1759 1795 1762 ·

119 1833 226 1878 inde
247 1840 458 1877 censetur
478 1837 565 1878 264
588 1832 709 1874 exire
732 1831 778 1873 in
800 1837 950 1873 actum
973 1830 1256 1873 exteriorem:
1273 1829 1340 1870 -ad
1361 1842 1496 1883 quam
1520 1826 1741 1870 rationem

121 1917 277 1966 postea
299 1909 506 1965 exposuit
528 1908 754 1965 generalis
776 1908 821 1950 in
846 1906 914 1950 2.a
933 1905 1306 1963 congregatione.
1340 1906 1441 1947 Hoc
1470 1912 1619 1947 tamen
1650 1917 1742 1945 non

123 1995 213 2029 tam
234 1986 413 2029 videtur
435 1993 670 2042 peccatum
693 1991 972 2028 reseruatum
995 1998 1129 2039 quam
1152 1980 1508 2034 circumstantia,
1535 1994 1650 2035 quae
1668 1994 1744 2022 co—

122 2063 190 2119 git
212 2077 305 2107 rem
323 2077 422 2106 esse
439 2063 496 2105 ad
513 2061 791 2117 superiorem
810 2060 1107 2109 referendam,
1128 2066 1177 2100 vt
1194 2064 1433 2114 peccatum
1453 2057 1634 2099 vitetur.
1657 2056 1747 2099 Sed

121 2139 168 2182 id
189 2139 236 2181 in
263 2138 546 2182 confessione
583 2139 675 2180 fiat.
719 2137 856 2192 Quod
883 2136 920 2179 si
943 2136 1163 2178 iudicaret
1200 2133 1526 2186 confessarius,
1556 2133 1627 2175 vel
1656 2147 1747 2175 non

123 2215 356 2260 imminere
373 2215 621 2271 periculum
643 2221 721 2256 aut
743 2213 1022 2266 scandalum,
1048 2213 1120 2254 vel
1138 2226 1229 2254 non
1252 2225 1352 2254 esse
1367 2209 1606 2261 eiusmodi,
1628 2209 1749 2264 quod

126 2293 183 2335 ad
205 2292 482 2348 superiorem
505 2290 661 2335 referri
698 2296 918 2346 oporteat,
943 2290 1015 2332 vel
1044 2289 1165 2344 quod
1196 2294 1433 2344 propterea
1456 2286 1585 2328 vitari
1609 2284 1748 2341 possit

126 2369 247 2424 quod
268 2369 326 2411 ad
347 2367 622 2424 superiorem
644 2367 880 2417 referatur,
900 2380 990 2408 non
1008 2364 1332 2409 reseruabitur.
1363 2364 1479 2406 Nam
1503 2362 1685 2416 alioqui,
1712 2360 1748 2403 si

126 2444 374 2500 periculum
396 2444 453 2487 sit
474 2443 648 2500 peccati
670 2442 885 2495 mortalis,
911 2443 1035 2498 quod
1071 2441 1215 2485 vitare
1244 2455 1336 2483 non
1365 2440 1473 2482 velit
1506 2439 1746 2488 confitens,

127 2522 183 2563 ab
205 2509 258 2565 eo
280 2528 468 2577 peccato
490 2520 642 2562 nullus
664 2519 790 2564 illum
812 2520 1048 2562 absoluere
1065 2524 1213 2573 potest
1230 2525 1279 2558 vt
1302 2515 1610 2559 incontritum.

693 2637 808 2680 «Vbi
826 2644 975 2679 tamen
998 2650 1189 2691 graues»

218 2752 354 2807 Quod
375 2742 758 2807 intelligitur,⁴vbi
781 2751 953 2792 nullum
972 2756 1041 2792 est
1062 2747 1310 2804 periculum
1329 2744 1564 2795 eiusmodi,
1589 2745 1645 2787 de
1663 2757 1752 2798 quo

130 2827 299 2871 dictum
321 2835 405 2881 est,
445 2827 583 2872 etiam
618 2828 655 2870 si
677 2842 768 2870 non
804 2827 895 2869 sint
932 2832 1132 2881 peccata,
1160 2838 1211 2867 ac
1239 2839 1297 2867 ne
1334 2821 1525 2865 venialia
1548 2820 1746 2875 quidem.

130 2905 246 2947 Nam
266 2905 381 2948 haec
404 2903 624 2948 reseruari
646 2919 737 2946 non
760 2910 970 2959 possunt.
1002 2903 1158 2956 Itaque
1176 2897 1444 2943 exhortandi
1474 2904 1579 2939 sunt
1609 2903 1658 2938 vt
1680 2910 1751 2938 re-

132 2980 278 3023 ferant
299 2981 356 3042 de
377 2980 464 3023 illis
486 2981 544 3022 ad
561 2979 854 3036 superiorem,
875 2992 965 3034 quo
982 2977 1080 3021 eius
1097 2975 1287 3018 consilio
1307 2982 1350 3019 et
1368 2973 1585 3015 industria
1606 2971 1751 3014 iuuari
