2028 3426
819 247 1062 282 PRAEFATlo
1650 251 1705 277 vn

125 367 242 404 mus,
268 350 305 394 si
327 352 495 395 selecta
517 350 739 405 quaedam
774 348 888 391 tanti
917 347 1002 389 viri
1030 346 1211 401 scripta,
1239 352 1333 387 tum
1368 359 1423 388 ex
1454 342 1688 386 codicibus
1727 359 1751 385 a

128 428 257 472 nobis
279 428 325 470 in
347 427 491 483 primo
513 427 824 482 Epistolarum
850 424 1033 467 Natalis
1054 421 1285 465 volumine
1306 419 1555 477 productis,
1578 427 1672 462 tum
1695 435 1750 463 ex

128 505 261 548 novis
283 504 532 557 codicibus,
558 502 782 559 posterius
805 517 829 544 a
857 500 987 543 nobis
1009 498 1212 555 repertis,
1237 504 1282 541 et
1305 497 1421 540 infra
1444 496 1749 548 recensendis,

128 582 172 623 in
196 583 282 623 hoc
311 587 472 635 quarto
499 579 729 622 volumine
751 578 955 621 ordinate
977 576 1156 631 digesta
1183 574 1491 618 exhibeamus.
1520 574 1590 614 En
1613 572 1753 627 igitur

128 664 435 708 monumenta,
461 671 578 711 quae
599 670 706 711 prae
729 653 918 697 caeteris
946 651 1188 708 deligenda
1216 650 1313 693 visa
1349 656 1471 701 sunt,
1499 656 1543 692 et
1572 649 1682 691 ordo
1706 648 1751 690 in

127 735 387 777 eorumdem
411 732 612 777 editione
629 738 848 776 servatus.

217 810 368 853 Primo
390 810 490 852 loco
520 823 664 851 novos
692 807 887 858 codices,
914 813 1008 848 tum
1039 803 1278 849 Societatis
1301 805 1428 860 Jesu,
1462 810 1556 844 tum
1581 802 1627 844 in
1657 801 1754 844 aliis

128 886 359 930 tabulariis
371 885 685 928 delitescentes
703 891 747 926 et
764 884 819 926 ad
832 883 1038 926 Natalem
1055 881 1480 937 quomodocumque
1498 885 1755 934 spectantes

128 965 186 1006 ob
209 963 363 1005 oculos
400 961 580 1005 lectoris
618 961 883 1016 pandemus.
925 959 1100 1002 Deinde
1132 958 1207 999 illa
1227 964 1535 1007 monumenta,
1561 970 1677 1010 quae
1699 955 1755 997 ad

127 1039 273 1082 varias
296 1037 536 1083 Societatis
578 1036 832 1093 provincias
870 1035 1020 1090 aliquo
1049 1041 1181 1090 pacto
1209 1034 1484 1086 referuntur,
1517 1031 1755 1087 evulgabi-

127 1130 242 1159 mus.
270 1115 424 1158 Tertio
459 1115 638 1157 tandem
660 1114 762 1156 loco
785 1113 860 1154 illa
893 1111 1058 1167 scripta
1080 1117 1372 1166 reponentur,
1398 1124 1515 1164 quae
1536 1108 1583 1150 in
1608 1108 1756 1150 diver-

129 1192 188 1235 sis
211 1192 320 1234 locis
342 1207 367 1234 a
388 1190 538 1234 Natali
559 1191 796 1232 lucubrata
818 1189 874 1231 ad
896 1201 1181 1230 communem
1205 1186 1342 1229 totius
1371 1185 1611 1230 Societatis
1635 1183 1756 1227 utili-

130 1260 267 1312 tatem
291 1269 498 1312 conferre
520 1267 774 1311 videantur.

219 1347 253 1390 I.
291 1346 507 1388 NATALIS
550 1344 979 1392 COD1CEs.-Cum,
1020 1342 1213 1398 primum
1252 1340 1425 1384 Natalis
1467 1339 1757 1395 epistolarum

129 1422 342 1465 volumen
365 1435 483 1464 anno
513 1421 620 1476 1898
646 1421 769 1475 prelo
791 1420 955 1471 daturi,
978 1420 1140 1469 fontes,
1163 1419 1282 1461 unde
1304 1417 1401 1460 illas
1417 1415 1753 1466 hauriebamus,

131 1513 486 1549 recenseremus,
509 1497 761 1540 octodecim
779 1496 1062 1538 solummodo
1084 1494 1258 1538 Natalis
1280 1493 1459 1537 codices
1476 1493 1533 1536 ad
1554 1499 1756 1535 nostram

132 1575 334 1618 notitiam
361 1582 677 1630 pervenerant,
705 1588 818 1628 quos
842 1573 1023 1628 quidem
1046 1572 1211 1615 ibidem
1236 1571 1661 1626 quomodocumque
1678 1569 1758 1611 de-

130 1651 321 1708 scriptos
343 1650 634 1707 protulimus.
686 1653 849 1693 Postea
885 1664 1009 1701 vero,
1051 1649 1261 1703 antiquos
1299 1646 1540 1691 Societatis
1578 1645 1759 1688 codices

130 1727 417 1771 volventibus
441 1727 587 1778 nobis,
614 1727 735 1769 haud
764 1727 1018 1782 spernenda
1048 1731 1445 1767 monumentorum
1468 1723 1526 1765 ad
1550 1722 1756 1765 Natalem

132 1804 431 1860 spectantium
455 1817 587 1860 seges
610 1818 709 1847 sese
732 1803 913 1855 obtulit,
939 1817 1133 1858 quorum
1156 1816 1265 1844 sane
1287 1800 1436 1855 aliqua
1465 1799 1693 1841 incassum
1712 1798 1756 1839 in

130 1881 268 1924 variis
311 1880 542 1936 tabulariis
590 1880 768 1936 saepius
811 1879 1194 1935 quaesiveramus.
1242 1879 1369 1920 Haec
1414 1883 1563 1919 autem
1607 1875 1758 1918 omnia

128 1958 298 2013 scripta
326 1956 493 2013 publici
524 1956 640 2012 juris
680 1957 827 2000 facere
856 1946 1116 1999 nullatenus
1145 1953 1356 2010 expedire
1392 1952 1477 1996 rati
1506 1966 1679 2004 sumus;
1702 1966 1756 1993 eo

131 2034 251 2088 quod
276 2035 416 2076 multa
438 2033 554 2075 iniis
577 2034 649 2075 vel
671 2032 957 2088 incompleta,
994 2033 1065 2075 vel
1093 2031 1272 2087 saepius
1301 2030 1476 2080 iterata,
1512 2030 1583 2071 vel
1606 2029 1758 2070 nullae

133 2125 213 2166 pro
241 2110 426 2153 historia
455 2109 661 2152 utilitatis
698 2124 797 2152 esse
834 2109 1111 2161 viderentur;
1153 2116 1199 2151 at
1227 2121 1333 2149 vero
1366 2121 1521 2150 eorum
1556 2105 1757 2147 omnium
1814 2137 1818 2139 >

128 2188 398 2242 *completam
423 2187 731 2230 recensionem
761 2187 979 2230 adornare
1008 2185 1151 2229 nostri
1179 2199 1363 2240 prorsus
1394 2182 1532 2226 officii
1561 2196 1661 2225 esse
1691 2196 1756 2224 ar·

133 2263 284 2306 bitrati
307 2278 479 2315 sumus,
512 2270 561 2320 ¹³·ss
584 2263 718 2307 etiam
748 2263 821 2305 illa
843 2262 1016 2306 Natalis
1044 2262 1226 2318 scripta,
1260 2275 1376 2317 quae
1405 2274 1496 2302 non
1517 2259 1757 2314 divulgan-

135 2340 191 2383 da
213 2348 356 2392 erant,
383 2339 598 2382 historiae
619 2339 915 2395 scriptoribus
944 2353 1035 2382 non
1065 2338 1247 2381 omnino
1275 2337 1432 2393 ignota
1455 2342 1755 2380 remanerent.

135 2417 252 2460 Cum
276 2416 394 2460 enim
413 2423 595 2460 nostrae
612 2415 772 2459 aetatis
791 2416 1034 2472 scriptores
1053 2416 1181 2471 plura
1198 2415 1242 2456 in
1260 2414 1354 2456 suis
1372 2411 1597 2456 chronicis
1620 2410 1758 2454 attin-

136 2500 263 2549 gant,
289 2508 479 2548 quorum
503 2493 639 2549 prisci
661 2500 872 2536 auctores
894 2492 1113 2536 rationem
1143 2485 1233 2534 non
1256 2483 1758 2533 habendam‘existima-

136 2570 260 2622 bant,
300 2570 500 2612 omnium
538 2578 583 2612 et
620 2570 827 2612 codicum
866 2577 911 2613 et
948 2569 1314 2612 lucubrationum
1343 2566 1517 2610 Natalis
1555 2564 1759 2607 notitiam

133 2646 327 2700 aliquam
351 2647 564 2701 praebere
586 2647 709 2688 haud
732 2646 890 2689 inutile
915 2647 1008 2688 fore
1030 2645 1306 2689 censuimus.

224 2724 280 2764 Et
296 2736 402 2765 vero
426 2722 633 2765 hodierni
671 2722 884 2765 historiae
922 2723 1135 2773 cultores,
1162 2720 1402 2763 illustrium
1441 2719 1690 2762 facinorum
1714 2725 1759 2759 et

137 2813 285 2841 rerum
309 2798 577 2841 mirabilium
616 2798 1081 2842 narratione¹minime
1118 2797 1337 2848 contenti,
1362 2799 1660 2838 humanarum
1685 2808 1759 2835 so—

138 2874 350 2918 cietatum
370 2882 593 2927 naturam,
614 2874 835 2931 genesim,
857 2883 902 2918 et
924 2889 1101 2928 causas3
1121 2873 1454 2916 institutionum
1478 2871 1696 2927 originem
1716 2877 1760 2913 et

140 2950 390 3003 utilitatem;
411 2952 565 3007 legum
584 2952 961 3006 decretorumque
978 2952 1141 3004 fontes,
1163 2957 1387 3001 auctores3
1409 2948 1584 3002 aliaque
1602 2934 1760 3001 hujus-

140 3026 260 3069 modi
282 3027 589 3083 pervestigare
612 3028 714 3082 jure
743 3027 902 3070 merito
931 3034 1170 3070 conantur.
1197 3026 1306 3069 Inde
1336 3025 1385 3067 fit
1415 3032 1463 3066 ut
1486 3022 1761 3066 recentiores
