2028 3426
274 239 344 286 298
747 236 900 272 PATms
927 235 1169 268 HissnoNYm
1194 229 1345 265 NADAL

317 342 459 385 Curet
491 340 616 391 item,
650 345 695 382 et
723 338 903 393 quidem
934 331 1296 390 diligentissime,
1330 337 1380 372 ut
1409 327 1702 384 quotidianus
1729 326 1862 370 cibus

228 419 287 462 sit
310 432 391 474 pro
414 432 496 460 sua
520 417 695 459 ratione
717 416 883 465 bonus,
909 414 1078 453 bonum
1102 409 1237 452 etiam
1255 407 1429 458 vinum,
1449 414 1494 450 et
1513 413 1714 460 utquam
1731 419 1858 447 mun-

228 495 412 539 dissime
435 494 586 537 omnia
610 498 949 549 praeparentur.

320 573 534 621 (juretur,
562 579 609 612 ut
634 568 874 623 collegium
902 578 1143 621 puerorum
1167 562 1224 606 sit
1252 576 1387 617 quam
1417 559 1782 610 mundissimum,
1816 564 1861 602 et

229 657 471 706 propterea
494 649 614 703 quod
638 646 762 702 pueri
786 645 935 687 solent
958 656 1056 685 esse
1080 640 1343 697 putidiores,
1370 637 1571 695 quotidie
1589 652 1666 693 per
1687 637 1860 678 fumum

229 726 423 782 aliquem
449 733 725 780 expurgetur
749 726 840 772 aer,
867 734 1021 764 eorum
1041 717 1283 774 praecipue
1301 715 1630 765 cubiculorum,
1652 726 1767 768 quae
1785 711 1863 754 illo

230 802 432 845 subsidio
457 815 592 857 egere
618 800 909 841 uidebuntur.

320 879 621 922 Prouideatur
651 892 706 918 ne
740 889 864 925 cura,
897 888 1031 929 quam
1061 873 1199 916 habet
1231 871 1575 914 Bartholomeus
1603 869 1658 910 de
1687 865 1857 917 culina,

230 970 333 998 eum
353 956 586 997 abstrahat
604 951 857 1012 necessario
875 966 899 993 a
917 948 1338 1005 superintendentia
1353 948 1517 989 domus
1535 952 1580 989 et
1597 957 1858 1000 puerorum.

319 1032 510 1075 Videtur
532 1030 717 1073 omnino
742 1027 1025 1086 necessarius
1047 1026 1162 1068 alius
1185 1025 1382 1068 famulus
1404 1023 1449 1066 in
1473 1037 1526 1067 ea
1547 1023 1699 1073 domo,
1731 1034 1861 1077 prae-

231 1109 384 1153 sertim
409 1115 591 1164 propter
614 1105 894 1149 munditiem.

321 1187 484 1228 Nullus
508 1191 707 1226 mutetur
731 1184 867 1226 frater
892 1190 1046 1225 noster
1069 1181 1141 1225 uel
1171 1181 1305 1223 Pater
1334 1178 1379 1221 in
1402 1177 1597 1234 collegio
1626 1190 1746 1219 nouo
1776 1175 1862 1219 nisi

232 1279 257 1306 a
282 1261 546 1319 prouinciali
571 1261 683 1318 ipso.

321 1339 570 1389 Fratribus,
596 1338 673 1392 qui
696 1345 804 1380 sunt
825 1336 870 1379 in
894 1335 1088 1392 collegio
1111 1349 1248 1386 nouo,
1273 1335 1406 1376 detur
1434 1333 1578 1385 locus,
1604 1345 1738 1386 quam
1763 1337 1863 1386 pot-

232 1417 317 1460 erit
340 1415 747 1466 commodissimus,
773 1414 829 1456 ad
852 1413 1143 1456 studendum.

319 1493 365 1537 Si
391 1493 498 1548 quid
522 1499 591 1535 est
614 1491 937 1536 aedificaturus
960 1504 1040 1546 pro
1062 1488 1256 1545 collegio
1278 1501 1362 1531 suo
1388 1489 1439 1531 P.
1472 1484 1787 1530 Theodorieus
1816 1484 1863 1526 in

231 1585 286 1614 eo
315 1572 433 1622 loco,
459 1570 535 1625 qui
559 1569 644 1612 fuit
676 1569 717 1613 ei
745 1582 990 1611 concessus
1013 1575 1137 1610 trans
1158 1566 1435 1617 columnam,
1461 1563 1571 1606 nihil
1595 1561 1786 1618 accipiat
1809 1576 1864 1605 ex

233 1649 324 1690 hoc
348 1647 559 1704 collegio.

321 1725 437 1768 Cum
462 1724 571 1768 uelit
594 1738 649 1766 ex
671 1723 797 1765 libris
820 1721 930 1773 suis,
956 1735 1070 1776 quos
1093 1721 1232 1763 habet
1253 1718 1327 1762 hic
1358 1720 1410 1762 P.
1444 1715 1776 1768 Theodorieus,
1808 1730 1866 1759 ne

232 1802 380 1844 mittat
402 1815 583 1857 pueros,
609 1801 690 1844 sed
713 1800 908 1854 aliquem
931 1800 1114 1841 fratrem
1133 1804 1356 1848 nostrum,
1382 1809 1484 1838 cum
1509 1793 1660 1850 aliquo
1678 1793 1863 1844 famulo,

233 1879 270 1921 si
293 1878 350 1921 sit
373 1877 696 1922 necessarium.

329 2045 362 2075 1.
433 2034 568 2076 Pater
590 2031 792 2074 minister
814 2030 997 2074 uidetur
1019 2029 1267 2086 profecisse
1289 2028 1334 2070 in
1357 2027 1519 2070 studiis
1542 2024 1866 2082 philosophicis

237 2117 281 2153 et
320 2109 603 2165 theologicis,
638 2116 682 2152 et
715 2108 897 2151 casibus
929 2105 1252 2159 conscientiae,
1289 2119 1341 2148 ac
1379 2104 1515 2149 etiam
1547 2103 1592 2145 in
1625 2102 1863 2147 latinitate.

236 2187 338 2229 Non
365 2185 541 2229 uidetur
567 2186 696 2228 ualde
719 2194 851 2241 aptus
873 2184 930 2227 ad
947 2182 1102 2226 studia
1127 2183 1200 2226 uel
1228 2182 1284 2224 ad
1313 2181 1575 2238 legendum,
1602 2179 1707 2235 quia
1739 2178 1868 2222 facile

235 2263 409 2305 laborat
431 2278 486 2306 ex
509 2270 707 2318 pectore:
734 2260 935 2316 loquitur
957 2259 1110 2311 latine,
1136 2258 1411 2315 germanice,
1432 2257 1583 2301 italice
1605 2258 1738 2309 bene3
1759 2255 1868 2299 scri-

237 2338 300 2380 bit
324 2338 624 2391 mediocriter3
647 2339 768 2382 ualet
786 2337 987 2393 ingenio,
1009 2335 1238 2387 memoria,
1260 2334 1523 2378 fortitudine
1541 2332 1757 2389 corporis;
1778 2346 1869 2375 non

238 2415 479 2457 admodum
503 2415 698 2469 diligens
722 2421 791 2458 est
813 2414 859 2456 in
883 2413 977 2456 suis
999 2412 1176 2457 officiis.

328 2504 369 2536 2.
436 2493 487 2534 P.
515 2491 754 2534 Cornelius
777 2506 868 2534 non
890 2491 1087 2533 declarat
1115 2504 1164 2534 se
1193 2489 1387 2531 multum
1419 2487 1549 2532 scire.
1584 2488 1731 2530 Casus
1761 2500 1869 2529 con-

239 2568 453 2611 scientiae
486 2576 530 2612 et
563 2568 833 2623 scripturam
866 2575 1018 2624 posset
1052 2565 1269 2622 profiteri,
1305 2566 1385 2608 sed
1410 2564 1609 2608 remisse.
1647 2562 1871 2618 Loquitur

237 2645 390 2695 latine,
416 2644 648 2691 flandrice,
675 2644 844 2699 aliquid
866 2644 1034 2697 italice,
1059 2642 1319 2699 germanice
1342 2642 1432 2685 uix.
1467 2640 1636 2684 Scribit
1657 2641 1866 2684 obscure.

239 2721 429 2777 Ingenio
450 2729 494 2764 et
524 2721 738 2764 memoria
766 2721 997 2765 mediocri.
1031 2721 1264 2764 Robustus
1292 2733 1480 2775 corpore
1508 2719 1581 2761 uel
1609 2718 1768 2761 saltem
1797 2731 1869 2760 sa-

239 2812 339 2840 nus.
367 2797 575 2853 Diligens
597 2797 644 2839 in
666 2798 761 2841 suis
783 2798 958 2841 officiis.
1072 2789 1075 2792 ’

329 2887 368 2928 3.
435 2875 486 2916 P.
514 2873 790 2917 Adalbertus
813 2874 857 2916 in
882 2874 1066 2930 phisicis
1088 2882 1134 2918 et
1158 2872 1426 2930 theologicis
1448 2873 1640 2914 multum
1660 2869 1869 2927 profecit,

240 2959 284 2992 et
308 2951 362 2992 ad
385 2952 540 2993 eadem
566 2951 710 3006 aptior
733 2959 816 3004 est;
842 2951 1062 2995 lectiones
1087 2949 1367 3006 theologicas
1389 2957 1435 2993 et
1456 2948 1675 3004 positiuas
1705 2954 1750 2992 et
1772 2946 1873 3003 phi-

239 3026 496 3081 losophicas
520 3034 666 3081 potest
690 3027 904 3082 profiteri.
934 3027 1156 3082 Loquitur
1179 3026 1333 3082 latine,
1360 3024 1616 3076 bohemiee,
1642 3022 1874 3080 germani-
