2028 3426
313 233 381 269 472
785 225 939 260 PATms
965 224 1209 259 Hmaonvm
1235 222 1386 259 NADAL

270 325 470 380 bitando‚
497 326 577 369 sed
599 325 719 369 illam
744 325 1054 369 confirmando
1076 331 1120 369 et
1142 324 1403 380 quaerendo
1433 324 1551 368 vnde
1578 324 1698 367 illam
1731 325 1902 368 confir-

269 410 392 445 ment
415 403 573 460 magis.

356 479 739 538 Animaduertant
761 486 987 531 accurate,
1020 491 1136 533 quae
1163 477 1250 520 illis
1279 485 1605 534 proponentur,
1637 477 1901 535 diplomata,

269 557 467 613 regulas,
499 557 722 609 examina,
750 564 797 599 vt
826 555 930 600 inde
959 556 1103 599 lucem
1135 554 1352 599 maiorem
1381 554 1600 612 colligant
1623 569 1734 599 suae
1764 568 1902 598 voca-

266 632 416 686 tionis,
442 642 486 676 et
510 633 629 677 illius
652 633 812 677 seriam
836 631 1245 676 confirmationem.

356 711 550 754 Omnem
576 711 811 755 veritatem
834 717 1019 754 seruent
1041 708 1087 751 in
1110 708 1479 765 responsionibus
1502 709 1558 752 ad
1581 723 1738 753 omnes
1762 709 1899 753 inter-

269 787 547 843 rogationes,
581 795 625 832 et
655 787 911 843 intelligant
941 785 1051 829 illud
1081 785 1364 830 mendacium
1394 786 1489 830 fore
1510 786 1830 843 perniciosum,
1863 786 1901 830 si

271 878 377 907 vere
402 879 493 907 non
519 865 833 921 respondeant.

356 941 478 984 Nihil
503 950 653 985 tamen
684 941 907 984 retineant
938 939 1081 992 dubii,
1113 940 1235 996 quod
1263 954 1356 983 non
1386 947 1639 997 proponant
1666 940 1901 984 examina-

269 1018 353 1061 tori
376 1018 734 1061 dissoluendum.

355 1097 423 1139 Ne
447 1095 535 1138 sint
564 1096 719 1148 ociosi,
752 1102 797 1141 et
828 1095 866 1138 si
899 1110 989 1139 non
1024 1096 1206 1148 habent,
1243 1109 1332 1151 qua
1363 1095 1409 1138 in
1442 1109 1489 1139 re
1521 1102 1818 1151 occupentur,
1855 1095 1900 1138 id

267 1180 422 1229 petant
445 1174 500 1215 ab
523 1173 844 1217 examinatore.

353 1249 399 1294 Si
424 1265 511 1306 qua
536 1250 725 1294 tentatio
748 1249 834 1293 illis
861 1249 1051 1302 accidat,
1084 1249 1121 1292 si
1150 1263 1240 1305 quo
1270 1249 1421 1293 taedio
1453 1249 1726 1303 afficiantur,
1762 1250 1807 1293 id
1840 1250 1899 1294 si-

266 1326 430 1370 militer
447 1326 729 1383 significent,
756 1334 804 1369 vt
824 1326 1056 1371 iuuentur.

352 1409 421 1450 291
448 1405 680 1447 Parabunt
709 1418 757 1447 se
781 1403 1023 1460 diligenter
1050 1404 1107 1446 ad
1135 1404 1300 1448 deuote
1322 1404 1627 1460 peragendam
1650 1403 1901 1448 consessio-

262 1495 365 1524 nem
390 1482 665 1538 generalem,
691 1481 767 1524 vbi
791 1481 877 1524 illis
900 1480 1242 1538 significabitur.

353 1558 570 1601 Animum
596 1565 641 1602 et
664 1572 742 1601 cor
765 1558 956 1601 induant
978 1558 1119 1615 pium,
1145 1565 1350 1615 apertum
1369 1572 1421 1601 ac
1439 1565 1696 1615 promptum
1715 1559 1772 1602 ad
1790 1573 1901 1615 gra-

264 1635 370 1679 tiam
394 1635 662 1688 vocationis,
691 1635 822 1679 cuius
849 1635 1027 1678 initium
1055 1642 1345 1691 acceperunt,
1377 1635 1732 1679 confirmandam
1764 1642 1901 1691 atque

262 1714 555 1767 sequendam3
583 1714 705 1768 quod
734 1720 780 1755 vt
812 1712 989 1756 facilius
1022 1712 1096 1765 sit,
1131 1713 1273 1756 seculi
1306 1712 1445 1756 totius
1477 1712 1755 1757 obliuionem
1790 1727 1901 1756 con·

262 1796 434 1833 stanter
457 1790 609 1833 animo
632 1789 907 1846 imprimant,
934 1797 978 1833 et
1001 1804 1201 1834 amorem
1225 1789 1443 1845 sequendi
1467 1789 1700 1833 Christum
1724 1789 1769 1833 in
1789 1804 1900 1846 pau·

262 1873 453 1921 pertate,
480 1867 705 1919 castitate,
733 1875 777 1912 et
795 1866 1068 1919 obedientia,
1090 1866 1167 1923 qui
1184 1874 1254 1910 est
1270 1874 1416 1910 status
1433 1866 1723 1923 perfeetionis
1740 1867 1899 1923 acqui--

260 1945 441 1996 rendae,
469 1944 566 1989 eius
589 1945 745 1988 diuino
769 1945 972 1996 consilio,
995 1944 1253 1988 hortatione
1275 1952 1321 1988 et
1343 1944 1508 2000 gratia.

261 2077 408 2107 INDEX
434 2077 918 2116 INTERROGATIONUM,
947 2078 1073 2107 VNDE
1096 2078 1263 2108 IUUARI
1290 2077 1547 2108 POTERUNT
1572 2077 1746 2108 NOSTRI
1777 2077 1895 2108 CON-

348 2154 566 2183 FESSARIl
603 2154 798 2191 QUANDO
836 2154 1053 2184 AUDIUNT
1092 2153 1454 2184 CONFESSIONES
1493 2153 1778 2184 GENERALES
1813 2155 1892 2184 PA-

349 2231 480 2260 TRUM
507 2231 566 2260 ET
590 2230 835 2268 FRATRUM,
862 2230 1040 2268 QUIBUS
1065 2231 1217 2261 SOLET
1247 2231 1394 2261 RATIO
1425 2231 1574 2262 ETIAM
1604 2230 1894 2261 APERTIONIS

347 2307 702 2337 CONSCIENTIAE
727 2307 882 2337 ACCIPI

349 2406 481 2449 Prius
510 2405 750 2449 videantur
778 2413 823 2449 et
853 2419 1117 2449 communes
1146 2414 1193 2448 et
1221 2413 1426 2451 secretae
1454 2405 1772 2462 responsiones
1801 2406 1895 2451 sin-

258 2484 487 2540 gulorum,
514 2491 561 2525 vt
583 2483 758 2539 possint
781 2482 828 2524 in
852 2482 1137 2526 confessione
1159 2482 1391 2526 admoneri
1415 2482 1715 2536 commodius,
1737 2483 1774 2526 si
1793 2483 1895 2539 qui-

255 2561 359 2605 dem
384 2560 493 2603 fiant
518 2559 829 2603 confessiones
852 2558 896 2600 in
920 2558 1195 2603 visitatione.

345 2641 426 2682 292
460 2636 692 2692 Quamdiu
716 2643 784 2680 est
807 2637 928 2691 quod
950 2636 1186 2678 confessus
1210 2644 1278 2679 est
1302 2636 1590 2692 generaliter.

343 2715 493 2769 Quam
517 2712 855 2756 inclinationem
879 2712 1058 2763 malam,
1084 2712 1156 2756 vel
1179 2726 1291 2767 quas
1314 2711 1359 2754 in
1383 2727 1432 2756 se
1460 2712 1642 2767 sentiat,
1676 2713 1748 2756 vel
1778 2727 1893 2769 quos

256 2790 438 2834 habitus
462 2791 618 2833 malos.

344 2869 418 2910 An
441 2866 650 2911 habuerit
672 2865 993 2909 conscientiam
1020 2866 1089 2909 vel
1113 2879 1361 2908 remorsum
1385 2866 1692 2911 conscientiae
1709 2867 1766 2910 de
1789 2881 1894 2922 pec-

252 2952 355 2987 cato
386 2943 577 2995 mortali,
610 2950 849 2999 postquam
879 2943 1117 2986 confessus
1145 2948 1213 2985 est
1242 2941 1531 2998 generaliter,
1565 2950 1610 2987 et
1639 2943 1697 2988 de
1726 2957 1816 2998 quo
1846 2950 1893 2987 et

253 3035 343 3076 quo
367 3030 514 3076 pacto.
1760 3009 1763 3011 ⁵
