2028 3426
345 277 410 314 174
816 267 971 303 PATffls
998 266 1241 302 HIERONYMI
1269 264 1418 299 NADAL

300 379 450 415 autem
473 369 657 414 omnino
679 368 830 413 omnia
851 371 964 413 haec
1003 373 1302 423 praestamus,
1333 366 1458 408 nullo
1489 379 1572 422 pro
1603 366 1758 409 labore
1781 371 1935 410 nostro

300 449 359 494 46
381 448 504 507 (163)
527 455 605 491 aut
629 446 878 490 ministerio
902 444 1129 501 stipendio
1153 451 1358 499 accepto.

393 526 467 569 Ad
490 527 601 569 haec
624 530 849 566 uocantur
878 521 1035 564 nostri.
1074 521 1203 563 Haec
1233 525 1340 562 sunt
1377 525 1532 561 nostra
1562 517 1826 562 ministeria:
1852 518 1938 563 alia

303 603 440 645 nulla.
470 602 660 657 Propter
682 602 794 643 haec
819 598 1028 643 Societas
1050 595 1258 640 instituta
1281 602 1366 640 est.
1394 595 1534 648 Hinc,
1556 602 1606 638 ut
1623 610 1678 639 ex
1699 595 1874 652 princip
1892 609 1953 649 o,

303 679 416 724 ratio
439 687 619 734 sumpta
651 685 720 722 est
748 675 960 727 instituti,
986 689 1102 730 quae
1131 673 1373 730 exponitur
1405 672 1451 715 in
1490 672 1748 729 diplomatis
1770 672 1946 716 confir--

305 756 532 799 mationis.
1318 749 1321 754 ’

394 834 499 888 Quo
522 833 572 874 fit
595 839 794 875 nostram
819 829 1102 886 religionem,
1129 827 1489 872 monachismum
1513 841 1603 870 non
1626 841 1742 879 esse;
1769 840 1854 871 nec
1885 841 1953 872 ex

305 910 476 953 ratione
500 909 691 952 aliorum
716 906 993 964 regularium
1026 906 1202 950 censeri
1230 906 1415 957 debere,
1441 905 1522 949 sed
1559 919 1616 949 ex
1647 918 1730 947 suo
1761 893 1953 960 proprio·

308 988 397 1031 fine
420 995 465 1030 et
486 985 646 1030 mediis
669 987 725 1029 ad
748 984 885 1028 finem
909 983 1193 1028 necessariis.
1950 972 1957 990 ⁷

396 1064 467 1107 Fit
490 1062 653 1106 deinde
676 1061 967 1113 Societatem,
993 1076 1018 1105 e
1040 1074 1123 1103 sua
1145 1059 1398 1103 substantia
1420 1066 1467 1103 et
1496 1058 1722 1112 instituto,
1743 1073 1844 1102 esse
1869 1073 1940 1103 re-

311 1141 523 1198 ligionem
550 1138 948 1194 contemplatiuam
971 1137 1105 1180 simul
1127 1145 1173 1181 et
1195 1137 1406 1180 actiuam.

399 1216 810 1272 Contemplatiuam
840 1215 979 1258 vitam
1013 1228 1278 1259 exercemus
1317 1213 1624 1265 meditatione,
1656 1213 1859 1256 oratione
1898 1219 1943 1258 et

310 1295 510 1339 omnium
534 1293 851 1338 exercitiorum
875 1292 1177 1348 spiritualium
1200 1291 1408 1348 diligenti
1426 1298 1471 1336 et
1489 1298 1707 1348 perpetuo
1727 1305 1828 1333 usu.
1850 1288 1957 1335 Ne-''

309 1386 396 1427 que
418 1371 538 1415 enim
562 1370 658 1414 sine
681 1369 773 1412 vita
795 1369 1033 1426 spirituali,
1060 1384 1195 1424 quam
1219 1376 1460 1412 conseruat
1482 1367 1643 1420 oratio,
1666 1367 1804 1411 vitam
1829 1366 1950 1410 acti-

314 1464 415 1492 uam
439 1462 651 1492 exercere
675 1461 756 1503 pro
777 1446 1004 1503 dignitate
1027 1453 1179 1502 posset
1202 1445 1422 1490 Societas.

402 1525 572 1568 Actiua
593 1524 687 1567 vita
709 1524 755 1566 in
778 1523 1008 1568 Societate
1031 1533 1100 1567 est
1123 1522 1623 1579 multiplex.»Primaria
1646 1522 1828 1578 quidem
1852 1521 1942 1574 illa,

313 1618 428 1658 quae
460 1603 506 1646 in
537 1602 719 1645 actione
747 1600 1057 1645 excellentiori
1095 1608 1320 1652 uersatur,
1347 1600 1652 1656 praedicandi,
1678 1599 1877 1656 legendi,
1902 1605 1947 1643 et

314 1681 503 1723 aliorum
543 1679 895 1723 ministeriorum
933 1677 1234 1734 spiritualium
1251 1713 1260 1731 ,
1305 1691 1422 1732 quae
1454 1685 1714 1734 competere
1756 1675 1946 1732 simplici

313 1757 538 1801 sacerdoti
577 1763 783 1812 possunt,
817 1763 913 1798 tum
951 1754 1205 1798 studiorum
1238 1754 1623 1797 scholasticorum.
1666 1751 1952 1798 Secundaria'
1991 1761 1993 1764 ’

315 1849 422 1877 uero
446 1841 655 1876 uersatur
677 1833 724 1875 in
759 1847 948 1888 operum
978 1831 1311 1874 misericordiae
1339 1831 1640 1887 corporalium
1676 1829 1941 1874 ministerio.

406 1912 538 1955 Vnde
563 1917 743 1953 constat
767 1908 1062 1965 multiplicem
1101 1923 1202 1952 esse
1230 1908 1474 1951 Societatis
1512 1907 1794 1964 religionem,
1820 1897 1949 1962 quasi

314 1989 349 2032 si
373 1989 514 2041 dicas,
545 1988 711 2030 multas
741 1986 984 2043 religiones
1021 1987 1069 2028 in
1102 2001 1237 2028 Vnam
1261 1987 1495 2039 conflatas,
1521 1984 1677 2028 diuino
1707 1983 1945 2028 beneficio.
1992 1975 1994 1980 ¹

314 2066 522 2109 Instituta
551 2072 618 2107 est
647 2064 768 2108 enim
801 2063 1021 2116 Societas,
1059 2071 1154 2106 tum
1190 2064 1248 2106 ad
1280 2062 1726 2118 contemplationem,
1760 2069 1855 2104 tum
1893 2060 1962 2104 ad

316 2141 697 2199 praedicationem
720 2148 765 2184 et
787 2140 1096 2185 confessiones
1120 2140 1385 2184 audiendas:
1413 2140 1470 2182 ad
1488 2139 1573 2182 alia
1592 2138 1839 2182 ministeria
1855 2137 1949 2195 spi-
1991 2171 1994 2175 .

317 2219 508 2262 ritualia:
535 2219 591 2260 ad
614 2233 747 2274 opera
777 2217 1111 2261 misericordiae
1140 2217 1393 2274 corporalia
1424 2217 1694 2260 exercenda:
1722 2226 1950 2272 postremo

316 2297 371 2340 ad
395 2296 686 2338 studendum:
714 2295 768 2337 ad
808 2296 922 2338 haec
960 2294 1080 2337 enim
1104 2294 1256 2337 omnia
1295 2310 1350 2338 ex
1387 2293 1594 2337 doctrina
1633 2294 1949 2350 theologorum

317 2372 491 2415 institui
516 2372 760 2427 religiones
778 2378 983 2427 possunt.

410 2450 476 2491 Ex
500 2448 571 2491 his
591 2451 656 2505 (ut
679 2456 747 2492 est
772 2456 861 2490 tarn
885 2447 1068 2504 copiosa
1092 2455 1271 2491 nostrae
1294 2447 1526 2504 religionis
1555 2447 1685 2499 ratio,
1713 2454 1802 2490 tarn
1835 2447 1928 2490 mul
1956 2451 1961 2484 ἰ

320 2526 486 2581 tiplicia
510 2525 773 2577 ministeria,
801 2533 891 2567 tam
915 2524 1130 2578 difficilia,
1152 2533 1243 2568 tam
1263 2524 1500 2581 laboriosa)
1520 2524 1724 2580 sequitur
1750 2538 1850 2568 esse
1871 2524 1962 2567 de·-
1992 2539 1999 2574 ἢ

319 2604 425 2647 bere
464 2609 641 2645 nostras
679 2602 985 2657 probationes,
1019 2602 1117 2647 siue
1155 2602 1434 2645 nouiciatuni
1473 2601 1869 2658 diligentissimum
1906 2604 1952 2645 et
1994 2614 1998 2660 j

318 2679 599 2731 diuturnum3
622 2679 842 2722 rationem
866 2679 1152 2723 obedientiae
1170 2678 1521 2732 exactissimam3
1544 2693 1723 2722 ornnem
1741 2678 1862 2722 vitae
1879 2690 1951 2722 re*

319 2756 506 2811 ligiosae
529 2769 679 2808 usum,
701 2756 849 2810 quoad
867 2756 927 2800 45
948 2756 1103 2814 (163)v
1121 2755 1219 2799 eius
1237 2755 1334 2798 fieri
1352 2762 1518 2811 potest,
1538 2757 1812 2810 perfectum.
1834 2756 1904 2798 Tu
1931 2751 1956 2797 us

321 2833 471 2883 etiam,
498 2847 601 2875 cum
625 2832 715 2875 sint
739 2840 827 2875 tam
849 2834 1033 2885 multae,
1057 2841 1145 2876 tam
1165 2847 1377 2889 magnae,
1400 2841 1488 2875 tam
1511 2831 1792 2876 necessariae
1814 2846 1928 2876 occu
1950 2848 1955 2860 ¹

1984 2808 2003 2819 -'
1987 2739 2002 2794 2⁴2.-
1995 2677 1999 2684 ·

323 2909 542 2964 pationes,
570 2917 619 2951 ut
642 2917 767 2965 puta,
794 2925 850 2954 ne
874 2910 1050 2954 animae
1073 2918 1277 2966 pereant,
1300 2924 1380 2965 pro
1403 2910 1569 2964 quibus
1592 2909 1802 2952 Christus
1817 2911 1943 2967 Jesu

321 2986 564 3029 crucifixus
588 2994 632 3031 et
657 2988 864 3029 mortuns
886 2994 970 3040 est,
997 2987 1109 3030 alios
1133 2986 1245 3043 ritus
1269 2986 1583 3030 existimamus
1617 3000 1710 3035 nonv
1736 3000 1836 3031 esse
1873 2999 1930 3028 no

324 3062 391 3105 bis
414 3063 754 3115 conuenientes,
781 3064 858 3118 qui
881 3064 1098 3119 impedire
1122 3073 1275 3107 nostra
1300 3063 1546 3107 ministeria
1576 3063 1763 3119 possint;
1791 3073 1840 3106 ut
1867 3061 1955 3106 ali

2006 3247 2008 3251 Δ
1987 3221 2009 3237 J
1981 2997 2005 3202 Ἇῶ·ίύιικ
1987 2850 2006 2982 ⁴0³2-ss
