2028 3426
496 254 769 289 MONUMENTA
797 254 1051 289 GERMANIAE
1079 252 1420 289 SUPERioRis—33
1658 254 1721 289 231

140 355 325 410 quando
347 355 764 398 autem'commode
793 362 941 411 potest
969 354 1080 397 adiri
1109 354 1367 410 episcopus,
1398 368 1505 407 non3
1539 355 1610 398 vel
1639 355 1771 397 relin—

141 437 307 487 quatur
329 430 495 473 iudicio
518 430 659 486 ipsius
684 431 884 474 rectoris.

231 507 494 563 Accipiatur
515 506 697 550 licentia
719 522 744 550 a
767 507 975 563 parochis
998 522 1079 563 pro
1101 506 1253 563 pueris
1275 507 1320 548 in
1344 513 1540 562 pascate,
1573 515 1623 549 ut
1653 509 1772 563 apud

141 598 228 626 nos
251 583 557 627 comunicent.

226 659 573 703 Admoneantur
596 659 895 715 poenitentes,
919 667 966 702 ut
984 660 1236 716 largiantur
1254 659 1422 714 aliquid
1439 674 1767 714 nonnunquam

139 736 348 792 parochis
381 735 554 780 ratione
586 736 987 779 administrationis
1025 743 1426 788 sacramentorum,
1463 735 1698 791 presertim
1733 735 1769 779 si

139 813 276 869 aliqui
297 828 322 856 a
344 811 552 868 parochis
574 819 702 856 erant
726 813 958 868 accepturi
981 821 1282 856 sacramenta,

229 889 543 932 Accomodent
565 904 613 932 se
648 902 805 932 omnes
837 891 1097 933 sacerdotes
1130 891 1186 932 ad
1219 889 1343 932 illum
1375 890 1558 932 modum
1592 888 1770 933 dicendi

138 981 333 1018 sacrum,
361 965 436 1021 qui
460 967 629 1009 Romae
652 974 878 1009 seruatur.

227 1045 446 1086 Parentes
479 1050 524 1086 et
554 1042 684 1085 amici
717 1057 807 1084 non
840 1042 1089 1098 recipiendi
1118 1043 1328 1098 hospitio,
1361 1043 1441 1086 sed
1471 1041 1654 1085 inuitari
1685 1043 1768 1084 ali-

139 1121 321 1176 quando
344 1121 400 1162 ad
423 1134 622 1161 mensam
645 1126 850 1174 possunt.

227 1199 529 1241 Personarum
553 1203 863 1251 exemptarum
887 1203 954 1238 est
973 1195 1227 1238 adhibenda
1243 1211 1296 1238 ea
1313 1195 1445 1247 ratio,
1467 1210 1602 1250 quam
1621 1196 1763 1252 exigit

137 1274 381 1329 exempti03
409 1275 488 1316 sed
512 1274 565 1316 ad
592 1275 770 1315 Patrem
793 1273 1051 1328 generalem
1071 1272 1293 1315 scribatur
1311 1271 1503 1328 singulis
1521 1273 1766 1315 hebdoma—

134 1351 220 1403 dis,
247 1351 284 1393 si
307 1365 420 1406 opus
443 1350 516 1402 sit,
543 1364 632 1404 quo
655 1349 816 1407 [pacto]
840 1364 888 1391 se
912 1355 1088 1404 gerant.

225 1427 317 1483 Qui
339 1428 506 1470 debent
537 1426 582 1468 in
612 1425 829 1469 societate
857 1425 1021 1480 aliqua,
1054 1439 1170 1479 quae
1199 1432 1525 1468 contraxerunt
1560 1434 1664 1469 ante
1694 1426 1764 1467 in—

135 1519 359 1560 gressum,
393 1503 428 1546 si
457 1504 627 1546 habent
656 1502 848 1558 propria,
874 1503 1068 1554 soluant3
1102 1501 1138 1544 si
1161 1517 1252 1544 non
1274 1503 1445 1544 habent
1467 1502 1663 1558 propria,
1690 1517 1764 1547 ro-

135 1588 246 1638 gent
267 1588 476 1636 parentes
500 1588 550 1622 ut
572 1581 766 1632 soluant3
795 1579 870 1634 qui
894 1579 931 1621 si
953 1579 1124 1631 nolent,
1151 1593 1241 1621 non
1265 1586 1476 1621 tenentur
1498 1579 1597 1635 ipsi.

225 1657 391 1714 Rogati
413 1665 463 1699 ut
486 1664 695 1699 mutuum
718 1657 894 1706 demus,
921 1656 1111 1698 dicatur:
1137 1670 1226 1717 non
1250 1657 1408 1698 damus
1438 1663 1612 1708 mutuo,
1639 1656 1760 1711 quia,

139 1750 255 1790 quae
287 1736 523 1786 habemus,
559 1733 606 1776 in
640 1747 748 1776 usus
778 1740 957 1775 nostros
985 1733 1116 1775 nobis
1147 1733 1250 1774 data
1279 1740 1400 1775 sunt:
1433 1740 1583 1788 potest
1614 1740 1760 1776 tamen

134 1811 375 1866 aliquando
397 1810 652 1866 bibliopolis
674 1811 745 1854 vel
769 1809 866 1852 aliis
889 1809 1019 1851 nobis
1042 1809 1350 1851 laborantibus
1368 1809 1463 1862 dari
1481 1809 1665 1864 aliquid,
1687 1801 1763 1851 vbi

134 1903 226 1930 non
251 1895 341 1930 tam
359 1895 568 1930 mutuum
593 1901 726 1941 quam
750 1885 1016 1942 praeuentio
1037 1893 1104 1928 est
1128 1885 1381 1928 solutionis.

221 1966 324 2008 Non
358 1965 533 2007 dandae
566 1962 825 2014 elemosine,
859 1962 944 2004 nisi
973 1961 1259 2016 reliquiarum
1294 1962 1469 2017 prandii
1498 1969 1543 2004 et
1572 1976 1758 2014 coenae,

133 2056 249 2097 quae
281 2040 411 2083 facile
443 2055 534 2082 non
568 2048 674 2082 sunt
705 2039 806 2082 vsui
836 2039 1043 2095 collegio:
1076 2040 1298 2094 pecuniae
1330 2054 1421 2081 non
1450 2041 1643 2092 dandae,
1674 2040 1761 2082 nisi

132 2133 289 2174 parum
313 2118 554 2173 aliquando
577 2117 623 2159 in
645 2117 822 2161 itinere.

221 2195 461 2239 Mittantur
491 2195 648 2237 fratres
677 2194 912 2236 commode
941 2193 1091 2235 vestiti
1120 2209 1175 2236 ex
1205 2192 1293 2235 vno
1322 2193 1516 2249 collegio
1547 2193 1592 2235 in
1622 2194 1759 2245 aliud3

133 2273 253 2327 quod
277 2272 314 2314 si
337 2286 427 2314 non
451 2272 545 2323 fiat,
571 2279 736 2322 rector,
763 2271 819 2312 ad
842 2285 975 2324 quem
1000 2270 1258 2322 mittuntur,
1284 2277 1403 2313 emat
1433 2285 1548 2325 quae
1577 2272 1757 2321 desunt,

133 2357 178 2393 et
199 2336 313 2391 solui
336 2356 463 2391 curet
487 2347 791 2404 prouincialis,
819 2347 895 2402 qui
918 2347 1052 2390 etiam
1075 2347 1291 2389 iudicabit
1315 2362 1371 2389 an
1394 2347 1451 2389 sit
1470 2348 1757 2391 soluendum.

220 2425 267 2469 Si
290 2425 494 2467 mittatur
516 2424 691 2479 aliquis,
718 2425 773 2467 de
796 2439 884 2479 quo
908 2414 999 2466 ηόη
1023 2431 1208 2466 curatur
1231 2438 1288 2466 an
1307 2425 1475 2475 redeat,
1503 2425 1625 2466 solus
1644 2424 1762 2465 mitti

133 2509 300 2557 potest3
326 2501 363 2543 si
387 2516 495 2544 uero
518 2507 718 2552 curatur,
744 2508 789 2543 et
811 2500 872 2542 illi
896 2500 1066 2551 fiditur,
1093 2501 1216 2542 solus
1239 2515 1418 2554 quoque
1447 2500 1561 2542 mitti
1591 2508 1756 2555 potest3

133 2578 170 2621 si
193 2593 286 2620 non
308 2578 477 2629 fiditur,
503 2578 694 2619 addatur
717 2577 884 2620 socius.

222 2656 324 2697 Non
347 2661 510 2696 exeant
532 2653 674 2696 nostri
696 2654 752 2695 ad
776 2653 1003 2704 conuiuia,
1037 2653 1122 2696 nisi
1151 2668 1444 2709 personarum
1473 2667 1758 2707 magnarum,

134 2738 179 2774 et
201 2733 286 2773 hoc
309 2745 407 2773 raro
430 2737 475 2773 et
498 2745 600 2772 curn
626 2730 938 2773 aedificatione
961 2737 1005 2773 et
1029 2731 1197 2781 fructu,
1224 2740 1268 2772 et
1291 2729 1417 2771 socio
1441 2728 1751 2771 conuenienti.

223 2807 465 2850 Rarissime
498 2807 552 2849 ad
586 2821 787 2849 mensam
821 2813 1042 2849 vocentur
1073 2806 1262 2857 externi,
1299 2814 1343 2849 et
1376 2806 1523 2847 solum
1557 2804 1762 2847 homines

134 2884 323 2935 alicuius
365 2883 677 2934 authoritatis,
721 2882 797 2924 ubi
835 2884 1011 2925 fructus
1054 2889 1319 2938 expectetur
1360 2889 1404 2924 et
1447 2881 1562 2923 absit
1604 2894 1761 2935 super-

134 2960 358 3003 fluitas....

227 3036 428 3079 Primum
452 3051 628 3079 sacrum
654 3050 678 3077 a
702 3049 821 3077 nouo
844 3036 1080 3078 sacerdote
1103 3033 1274 3076 cantari
1293 3040 1457 3088 potest,
1480 3034 1557 3075 sed
1576 3047 1664 3074 non
1684 3047 1761 3074 vo—
