2028 3426
568 230 800 267 ORArioNis
826 240 1265 279 OBSERVA‘rioNEs—7o
1617 243 1656 280 7¹
1668 245 1682 270 1
1746 282 1749 285 ,

198 330 360 373 Omnis
381 329 473 372 vita
496 339 665 382 nostra,
692 346 849 374 omnes
872 332 1088 385 actiones,
1114 335 1169 376 ab
1193 334 1447 377 obedientia
1471 337 1730 390 gubernan-

107 407 207 458 dae,
233 407 305 448 vel
327 407 554 462 praesenti
576 414 621 449 et
658 408 829 460 sensili,
854 408 929 450 vbi
962 410 1015 451 ab
1045 409 1352 464 superioribus
1381 411 1632 466 dirigimur,
1660 414 1731 456 vel

108 483 327 524 orandum
360 490 409 524 vt
430 482 580 525 omnia
617 490 770 526 nostra
793 485 849 526 ab
882 485 1138 528 obedientia
1160 485 1343 541 spiritus
1372 494 1417 530 et
1448 489 1621 542 gratiae
1643 490 1730 532 So-

107 558 282 602 cietatis
305 560 637 615 gubernentur,
664 568 709 603 et
732 562 1099 604 contendendum
1120 569 1167 602 vt
1185 577 1239 605 ex
1258 563 1530 617 proprietate
1547 564 1730 619 spiritus

107 635 346 682 Societatis
374 650 427 678 ea
463 635 597 678 etiam
636 651 842 692 agamus,
884 652 999 692 quae
1022 637 1152 680 nobis
1190 638 1329 680 libera
1368 639 1681 693 relinquuntur
1705 657 1729 682 a

107 711 431 767 superioribus.
1354 708 1356 712 ⁷

195 789 245 830 In
268 789 517 832 tentatione
538 789 756 833 meditare
773 789 1021 845 spiritualia
1038 798 1083 832 et
1107 791 1336 833 abstracta
1358 800 1495 846 atque
1518 800 1686 836 remota
1705 809 1729 836 a

106 880 154 908 re
175 860 351 919 quauis,
378 880 495 920 quae
511 880 614 908 cum
638 867 824 910 materia
848 867 1109 909 tentationis
1133 867 1191 909 sit
1214 868 1474 910 coniuncta.

193 944 391 998 Magnus
414 957 573 986 sensus
602 942 646 984 in
676 943 922 999 gratiarum
953 943 1145 995 actione,
1172 945 1295 999 quod
1323 947 1449 987 Deus
1478 945 1535 987 sit
1558 946 1728 989 miseri-

107 1018 274 1060 cordia:
294 1018 518 1065 vChristus
557 1034 638 1062 sua
676 1020 882 1075 passione
919 1021 1089 1076 absque
1128 1021 1217 1062 vllo
1239 1036 1339 1064 meo
1368 1021 1526 1063 merito
1549 1026 1631 1067 227
1654 1037 1725 1065 me

105 1095 429 1149 praeseruarit,
447 1110 529 1138 nec
546 1095 848 1151 dereliquerit,
870 1098 1245 1150 quemadmodum
1265 1098 1430 1140 multos
1447 1097 1557 1140 alios
1574 1098 1721 1141 etiam.

197 1173 394 1227 Magnus
411 1180 659 1227 prouentus
675 1188 730 1215 ex
749 1172 1074 1216 tentationibus
1085 1173 1243 1226 .variis;
1256 1182 1316 1226 et,
1329 1174 1444 1218 inter
1462 1174 1728 1229 praecipuos

106 1262 284 1299 sensus,
316 1247 497 1302 quidam
535 1249 891 1292 mortificationis
928 1265 979 1292 ac
1013 1250 1184 1293 timoris
1216 1265 1270 1293 ex
1304 1251 1515 1293 memoria
1542 1251 1729 1293 tribula—

106 1323 254 1367 tionis.

194 1401 531 1444 Meditationem
555 1403 783 1458 praecedit
805 1410 848 1446 et
867 1402 1107 1445 comitatur
1130 1403 1301 1458 petitio,
1327 1405 1414 1445 hoc
1436 1412 1520 1457 est,
1546 1403 1722 1446 deside-

105 1476 220 1519 rium
240 1477 465 1530 adiutorii,
491 1478 785 1534 consequitur
807 1479 961 1522 diuina
983 1479 1149 1522 virtute
1172 1487 1216 1523 et
1238 1480 1383 1535 gratia
1403 1481 1576 1522 fructus
1594 1480 1637 1522 in
1656 1480 1726 1521 in-

112 1553 294 1597 tellectu
318 1569 370 1596 ac
391 1554 538 1610 potior
559 1555 605 1597 in
627 1556 876 1599 voluntate.

195 1631 299 1673 Non
322 1639 391 1674 est
412 1645 626 1687 magnum
645 1633 698 1683 si,
725 1632 798 1674 vbi
821 1633 1016 1675 laudaris
1033 1641 1077 1676 et
1101 1634 1360 1675 consolatus
1387 1648 1450 1683 es,
1479 1635 1549 1675 vel
1573 1633 1646 1675 vbi
1669 1647 1724 1675 ex

103 1707 327 1751 sententia
365 1707 443 1750 tibi
477 1723 549 1752 res
592 1711 858 1761 succedunt,
897 1710 1159 1762 humilieris;
1185 1711 1263 1752 sed
1293 1710 1367 1751 vbi
1393 1711 1614 1753 accedunt
1652 1709 1724 1751 his
1760 1757 1764 1761 .

103 1784 344 1827 contraria.

190 1860 349 1903 Oratio
372 1861 452 1904 tibi
475 1864 706 1918 sequenda
728 1871 796 1906 est
818 1878 885 1915 ea,
911 1878 1027 1918 quae
1046 1878 1102 1907 ex
1127 1849 1371 1905 voluntatis
1402 1865 1566 1906 affectu
1590 1863 1726 1917 proti-

103 1936 302 1991 ciscitur,
329 1938 366 1980 si
389 1939 616 1994 potentiae
651 1939 730 1981 tibi
767 1939 961 1984 tenuiter
984 1940 1236 1983 inseruiunt
1273 1941 1329 1982 ad
1352 1939 1634 1995 operationes
1658 1939 1726 1981 in—

45 2061 48 2065 ,
103 2012 395 2057 tellectuales.
423 2016 551 2059 Haec
581 2024 650 2059 est
673 2016 743 2058 via
766 2016 944 2067 amoris,
977 2031 1109 2071 quam
1141 2024 1375 2071 tantopere
1405 2016 1626 2058 extollunt
1648 2016 1727 2056 de—

103 2089 198 2131 uoti
220 2090 438 2134 homines.

191 2167 299 2208 Esto
321 2167 490 2210 Christi
505 2171 615 2225 Jesu
639 2169 888 2225 discipulus
911 2170 953 2211 in
979 2169 1351 2225 sim228plicitate
1381 2168 1544 2220 cordis,
1577 2168 1725 2209 humi-

103 2241 244 2295 litate,
269 2257 321 2286 ac
343 2244 447 2287 fide.

192 2320 248 2360 Et
270 2319 380 2361 nihil
396 2322 535 2363 altum
559 2336 716 2377 sapere
739 2323 909 2379 cupias.
981 2375 993 2383 ,

191 2397 365 2451 Aperto
388 2412 465 2441 ore
487 2398 634 2441 cordis
652 2399 717 2441 tui
747 2399 949 2451 Christo,
981 2399 1161 2454 suscipe
1191 2399 1395 2454 spiritum
1427 2399 1470 2439 in
1504 2397 1726 2439 suauitate

104 2471 278 2514 animae
301 2481 421 2525 tuae,
448 2482 492 2518 et
514 2489 736 2519 concurre
759 2490 861 2518 cum
884 2476 1003 2519 illius
1032 2475 1186 2518 diuina
1210 2475 1488 2531 operatione.

191 2549 422 2593 Diuinitus
444 2551 681 2594 videbatur
703 2552 910 2608 impediri
940 2553 1123 2608 quidam
1147 2568 1204 2596 ne
1227 2566 1405 2606 operam
1437 2552 1563 2592 daret
1588 2548 1728 2590 literis

105 2625 297 2677 curiose,
324 2642 440 2670 neue
478 2628 658 2671 lectioni
689 2630 973 2672 ethnicorum
1010 2630 1138 2672 daret
1170 2642 1368 2684 operam,
1399 2626 1526 2681 quasi
1554 2625 1726 2668 videret

102 2702 249 2744 lucem
272 2702 448 2745 infundi
470 2704 554 2746 sibi
578 2720 742 2748 nouam
765 2707 822 2749 ad
844 2706 1069 2748 actionem
1093 2705 1274 2760 spiritus
1298 2704 1341 2744 in
1372 2702 1561 2757 simplici
1583 2709 1627 2743 et
1646 2702 1726 2744 de—

107 2786 211 2821 uota
233 2780 484 2835 scripturae
521 2782 828 2834 meditatione,
855 2782 1038 2825 Christo
1075 2781 1308 2836 magistro,
1342 2787 1434 2821 tum
1469 2778 1512 2819 in
1542 2784 1726 2819 externa

103 2854 430 2899 ministratione
448 2857 799 2901 ministeriorum
825 2858 1080 2903 Societatis.

191 2931 444 2988 Diligenter
466 2936 795 2978 aduertendum
819 2951 876 2978 ne
904 2937 1005 2978 luce
1035 2934 1356 2977 consolationis
1385 2931 1585 2974 abutaris
1608 2930 1726 2972 indi-

103 3015 248 3051 screte
269 3010 342 3052 vel
369 3011 515 3065 gratia
552 3013 816 3056 vocationis.
860 3015 983 3056 Bene
1020 3012 1137 3055 enim
1162 3018 1308 3065 potest
1331 3018 1375 3053 et
1399 3010 1512 3051 male
1536 3007 1622 3050 illis
1644 3008 1726 3057 vti;
