2028 3426
342 236 413 271 702
816 224 971 260 PATms
998 223 1241 260 Hmnomm
1266 223 1417 260 NADAL

385 330 541 385 Quum
572 328 754 384 quidam
784 327 959 370 videret
988 325 1216 382 reliquias,
1253 341 1370 382 quae
1401 333 1644 370 seruantur
1676 326 1721 369 in
1761 327 1933 383 templo

295 405 682 464 sanctiJohannis
712 403 1050 456 Lateranensis,
1091 403 1232 448 sensit
1261 418 1474 460 magnam
1504 403 1798 448 deuotionem
1829 418 1933 448 cum

296 483 543 536 lachrimis,
557 482 820 539 praesertim
833 480 909 523 vbi
924 495 1008 524 suo
1022 479 1193 524 rosario
1204 479 1324 523 vitae
1336 480 1505 524 Christi
1517 481 1614 524 illas
1626 480 1929 538 contingeret.

298 562 453 616 Itaque
477 574 568 603 non
593 559 808 603 sustinuit
833 558 1025 614 amplius
1047 557 1111 601 vti
1129 557 1205 601 illo
1224 558 1408 610 rosario,
1434 559 1514 603 sed
1536 558 1828 603 conseruauit
1850 573 1933 614 pro

297 638 475 695 magnis
494 637 708 692 reliquiis.
732 636 906 693 Tetigit
923 635 1043 680 enim
1057 636 1174 679 inter
1192 636 1278 679 alia
1295 635 1526 679 sudarium
1544 635 1670 692 Xpi.,
1687 642 1733 679 et
1751 635 1934 692 quidem

297 715 521 771 sanguine
551 715 776 757 imbutum
816 720 861 758 et
893 713 1003 757 alias
1041 711 1329 769 reli201quias
1367 714 1537 768 absque
1577 712 1726 756 medio
1765 713 1931 768 aliquo:

297 800 592 848 posteaquam
631 791 744 834 vidit
782 790 1016 846 reliquias,
1057 798 1379 847 perseuerante
1416 789 1685 842 deuotione,
1726 790 1851 834 dedit
1887 805 1935 834 se

299 869 493 912 orationi
511 877 555 913 et
575 883 663 911 non
682 868 830 924 potuit
848 883 928 924 pro
951 883 998 912 se
1017 882 1161 920 orare,
1181 868 1262 910 sed
1282 883 1364 924 pro
1381 867 1484 920 illis,
1506 867 1627 911 circa
1645 882 1761 923 quae
1779 882 1935 912 versa-

298 954 371 988 tur
394 946 636 990 Societatis
659 945 778 999 finis,
806 953 856 987 vt
888 945 1104 990 iuuentur
1136 945 1370 1001 haeretici,
1405 945 1628 998 infideles,
1664 953 1709 989 et
1742 945 1935 990 ecclesia

298 1024 581 1075 reformetur;
603 1023 684 1065 sed
707 1037 798 1065 non
822 1030 913 1066 tam
936 1030 1033 1066 erat
1056 1023 1169 1066 haec
1192 1022 1364 1078 petitio,
1385 1037 1520 1078 quam
1539 1022 1694 1066 suauis
1712 1023 1933 1078 quaedam

292 1108 342 1143 et
365 1100 515 1154 quieta
539 1099 863 1155 contemplatio
892 1099 1069 1142 illarum
1102 1114 1253 1143 rerum
1285 1100 1402 1151 luce,
1439 1099 1567 1155 quasi
1600 1099 1637 1142 si
1670 1107 1935 1156 praesentes

296 1184 604 1229 cernerentur;
632 1178 713 1220 sed
736 1177 812 1218 vbi
834 1178 949 1220 haec
965 1178 1022 1219 ad
1040 1191 1202 1220 causas
1219 1177 1457 1220 inferiores
1475 1178 1729 1230 reduceret,
1750 1191 1934 1220 sensum

299 1253 574 1307 inueniebat,
601 1253 730 1309 quasi
752 1255 916 1297 bonam
942 1255 1181 1309 quamdam
1206 1261 1251 1298 et
1267 1269 1455 1298 suauem
1473 1255 1757 1298 voluntatem
1781 1255 1837 1297 ad
1860 1254 1934 1298 illa

298 1330 342 1372 in
365 1329 511 1386 gratia
534 1330 791 1374 Societatis.
821 1330 910 1374 Vbi
933 1345 1041 1375 vero
1064 1331 1122 1374 ad
1143 1345 1192 1375 se
1215 1331 1529 1382 descenderet,
1555 1331 1625 1374 vel
1649 1345 1732 1387 pro
1761 1346 1810 1374 se
1833 1345 1933 1373 ora-

296 1415 379 1459 ret,
405 1407 579 1450 audiuit
606 1414 710 1450 «not
730 1421 878 1461 cures;
903 1422 991 1463 que
1009 1410 1111 1451 Deu
1130 1412 1229 1453 sera
1247 1409 1303 1451 ab
1327 1415 1376 1450 tu
1393 1416 1456 1460 a›>;
1479 1409 1557 1451 sed
1574 1422 1679 1451 cum
1704 1408 1935 1453 dubitaret

293 1485 416 1540 quod
455 1484 686 1529 videretur
722 1491 762 1526 τὸ
803 1493 910 1529 «not
941 1499 1099 1528 cures»
1143 1485 1470 1542 negligentiam
1499 1485 1722 1536 indicare,
1761 1485 1935 1528 audiuit

295 1561 579 1617 interpretari
607 1569 713 1604 «not
735 1577 892 1606 cures»
919 1562 964 1605 id
988 1570 1072 1616 est,
1103 1562 1218 1605 «sies
1240 1576 1380 1619 segur
1402 1561 1464 1605 b.»
1501 1563 1619 1606 Cum
1653 1563 1710 1605 ad
1738 1562 1824 1606 alia
1855 1564 1935 1606 de-

298 1639 550 1691 scenderet,
584 1640 704 1683 clare
734 1639 846 1682 vidit
877 1640 969 1682 fere
999 1653 1157 1682 omnes
1186 1638 1471 1695 operationes
1500 1654 1606 1682 suas
1635 1639 1936 1684 communiter

297 1730 397 1759 esse
424 1723 628 1771 peccata,
664 1723 902 1772 propterea
933 1717 1054 1771 quod
1082 1716 1128 1758 in
1158 1718 1256 1759 Deo
1288 1730 1400 1772 pure
1431 1731 1522 1758 non
1560 1717 1737 1760 fierent.
1779 1718 1936 1773 Itaque

298 1792 520 1835 intellexit
543 1793 674 1848 plane
697 1808 797 1837 esse
820 1793 866 1836 in
895 1793 1115 1849 superiori
1145 1793 1314 1838 lumine
1344 1808 1509 1837 nouam
1544 1794 1681 1837 vitam
1712 1794 1933 1837 inchoan-

296 1870 417 1922 dam,
444 1869 536 1914 2⁰2
559 1870 775 1924 quietam,
801 1871 984 1923 claram,
1010 1885 1214 1923 suauem,
1242 1887 1296 1915 ex
1330 1871 1487 1913 intimo
1520 1871 1669 1914 cordis
1701 1886 1854 1925 sensu,
1890 1871 1934 1913 in

299 1946 498 1998 Christo,
524 1946 569 1988 in
594 1947 858 2003 operatione
880 1947 981 1991 Dei:
1010 1947 1170 1990 habuit
1191 1948 1325 1990 simul
1347 1963 1471 2004 spem
1496 1947 1701 1992 sanitatis
1723 1962 1935 2004 corpora-

300 2023 403 2065 ralis
427 2025 783 2079 recuperandae,
810 2026 959 2080 quoad
981 2024 1065 2068 erit
1087 2024 1210 2069 vtile.
1237 2025 1306 2069 Sit
1328 2025 1537 2069 dominus
1565 2026 1692 2069 Deus
1723 2025 1868 2068 trinus
1891 2033 1935 2068 et

297 2114 417 2141 vnus
438 2099 706 2142 benedictus
730 2100 775 2143 in
799 2102 968 2144 secula.
996 2102 1044 2144 In
1063 2101 1219 2154 vigilia
1238 2101 1548 2145 sanctissimae
1571 2101 1806 2144 Trinitatis
1824 2103 1935 2144 haec

298 2176 578 2218 acciderunt.

389 2254 573 2296 Summa
599 2261 642 2297 et
666 2254 918 2297 certissima
940 2254 1116 2311 petitio,
1142 2263 1186 2298 et
1210 2270 1324 2310 quae
1349 2254 1584 2299 vniuersas
1601 2255 1932 2311 complectitur,

301 2329 491 2384 gloriam
522 2329 606 2373 Dei
640 2338 684 2373 et
710 2338 861 2385 petere
886 2346 1063 2388 semper
1086 2331 1131 2374 in
1159 2331 1362 2374 oratione
1392 2332 1539 2384 vnice,
1572 2340 1617 2377 et
1650 2332 1695 2374 in
1726 2331 1936 2375 omnibus

302 2406 643 2461 operationibus
674 2422 906 2462 quaerere.
953 2409 1038 2451 Cui
1077 2409 1264 2451 dubium
1298 2424 1397 2452 esse
1429 2417 1595 2465 potest,
1631 2409 1667 2452 si
1701 2424 1783 2452 nos
1821 2425 1935 2465 quae

302 2482 387 2526 Dei
405 2491 512 2526 sunt
530 2484 809 2538 quaerimus,
832 2487 977 2528 Deum
998 2499 1114 2540 quae
1131 2493 1284 2529 nostra
1301 2494 1408 2529 sunt
1427 2487 1651 2530 facturum
1671 2488 1729 2529 ad-
1745 2487 1933 2543 gloriam

302 2574 427 2602 suam
453 2560 689 2603 maiorem?

389 2638 562 2681 Sensus
586 2637 824 2681 Trinitatis
848 2641 1206 2694 superexcelsae,
1233 2639 1277 2682 in
1302 2655 1349 2684 re
1372 2640 1549 2696 quauis,
1583 2655 1661 2697 per
1688 2640 1935 2684 bonitatem

297 2713 413 2764 eius,
441 2713 694 2766 veritatem,
721 2722 766 2758 et
790 2715 1005 2758 vnitatem
1032 2716 1076 2758 in
1100 2717 1197 2759 Deo
1221 2718 1339 2760 clare
1362 2725 1407 2760 et
1430 2717 1646 2760 suauiter.

371 2924 386 2939 ³1
438 2913 564 2960 Super
588 2915 684 2949 haec
707 2923 728 2959 7
752 2916 887 2960 verba,
917 2927 1096 2951 sermone
1122 2917 1375 2952 lemovicensi
1408 2928 1477 2952 seu
1506 2917 1932 2966 majoricensiscripta,

302 2972 396 3006 haec
416 2972 534 3008 latina
555 2974 683 3009 versio
706 2974 829 3020 posita
857 2980 930 3013 est:
953 2987 1000 3010 ne
1019 2987 1146 3017 cures,
1168 2977 1264 3021 quia
1289 2976 1396 3012 Deus
1422 2977 1500 3012 erit
1525 2980 1666 3013 tecum.
1719 2980 1784 3006 —b
1811 2978 1936 3025 Super

298 3031 395 3065 haec
415 3040 433 3065 2
452 3033 583 3067 verba:
605 3036 684 3068 esto
702 3044 879 3069 securus.
