2028 3426
463 257 735 291 MONUMENTA
759 263 1016 291 PssoviNciAE
1043 255 1353 300 AUSTRrAE—49
1600 265 1664 302 291

187 359 236 400 In
258 357 552 400 instructione
569 357 913 413 prouincialium
937 357 1107 399 dictum
1129 364 1197 399 est
1214 357 1269 399 de
1287 356 1563 412 obligatione
1582 372 1714 413 regu-

91 435 262 478 larum.

188 510 533 553 Admoneantur
569 511 840 562 sacerdotes,
882 518 946 563 ut,
987 511 1192 553 absoluto
1229 523 1373 562 sacro,
1400 510 1630 564 paululum
1669 526 1717 553 se

98 586 316 643 colligant
339 588 395 630 ad
417 586 665 630 orationem
688 595 732 630 et
749 587 994 642 gratiarum
1012 587 1249 638 actionem,
1271 587 1649 642 quemadmodum
1668 587 1718 628 fit

103 664 148 707 in
168 671 262 706 tota
284 663 528 708 Societate.

191 740 240 784 Si
262 740 362 795 quis
385 740 658 783 circunferat
695 741 915 792 cultellos,
942 741 1203 783 auferantur
1225 742 1280 782 ab
1303 755 1372 792 eo3
1405 740 1526 795 quod
1554 740 1590 782 si
1614 746 1719 795 eget

104 832 184 873 pro
205 832 288 860 suo
309 816 460 859 officio
483 817 644 868 cultro,
671 816 795 858 illum
817 818 952 860 debet
974 818 1142 860 habere
1173 817 1248 859 ubi
1269 817 1353 859 erit
1376 816 1598 859 officium.

192 895 356 949 Quoad
382 893 479 936 eius
507 894 604 935 fieri
633 894 811 948 poterit,
842 894 1024 949 ‘singuli
1053 895 1248 938 habeant
1277 908 1410 936 suum
1440 893 1717 946 cubiculum;

103 972 224 1026 quod
247 970 284 1013 si
306 971 403 1013 fieri
425 985 515 1013 non
537 970 716 1026 poterit,
749 971 969 1026 habeatur
993 986 1186 1027 magnus
1214 972 1415 1013 delectus
1445 985 1617 1023 eorum,
1644 971 1718 1025 qui

101 1047 237 1090 simul
254 1047 475 1099 habitant,
503 1055 546 1089 et
569 1047 817 1089 intercedat
840 1054 987 1090 storea
1009 1047 1124 1090 inter
1146 1048 1302 1099 lectos,
1328 1063 1384 1090 ne
1408 1046 1578 1102 possint
1606 1047 1722 1088 iuui—

103 1138 202 1166 cem
224 1139 273 1167 se
295 1123 561 1179 conspicere
583 1138 638 1166 ex
660 1123 803 1175 lectis,
831 1124 903 1166 uel
925 1125 1105 1178 quando
1127 1132 1235 1167 eunt
1257 1124 1477 1166 cubitum.

191 1200 500 1256 Expediantur
529 1215 685 1243 omnes
712 1200 907 1242 rationes
936 1199 1050 1242 inter
1079 1200 1269 1256 collegia
1298 1200 1431 1242 huius
1463 1199 1724 1255 prouinciae

102 1285 148 1321 et
171 1277 356 1320 aliarum
374 1277 661 1320 Germaniae.

192 1355 358 1397 Pulsus
395 1355 472 1396 ad·
489 1355 624 1397 finem
662 1354 922 1409 quadrantis
960 1350 1063 1398 ante
1101 1354 1337 1409 prandium
1368 1361 1412 1397 et
1450 1368 1636 1397 coenam
1668 1354 1724 1395 sit

103 1432 260 1488 pulsus
282 1432 337 1473 ad
360 1431 596 1486 prandium
620 1437 664 1473 et
680 1445 881 1482 coenam,
902 1445 985 1474 nec
1004 1431 1250 1494 intercedat
1269 1438 1444 1486 tempus
1462 1431 1579 1473 inter
1597 1430 1720 1472 illum

104 1510 283 1565 pulsum
307 1515 351 1551 et
379 1507 648 1563 principium
677 1507 866 1563 prandii,
899 1509 971 1549 uel
1006 1521 1162 1559 coene,
1195 1508 1573 1562 quemadmodum
1602 1520 1723 1548 nunc

101 1586 168 1638 fit3
195 1591 316 1629 et·eo
338 1583 599 1640 diligentius
622 1591 830 1644 curetur,
847 1591 896 1625 ut
919 1598 973 1626 eo
996 1591 1194 1639 tempore
1217 1584 1273 1626 ad
1295 1583 1420 1626 illum
1440 1584 1617 1639 pulsum
1635 1583 1726 1625 sint

105 1661 253 1704 omnia
277 1669 431 1717 parata
453 1660 500 1702 in
522 1660 673 1703 culina
697 1667 741 1703 et
764 1660 808 1702 in
838 1661 1090 1713 refectori03
1123 1669 1167 1703 et
1190 1660 1326 1702 huius
1359 1660 1422 1702 rei
1446 1662 1720 1704 admonean-

60 1729 62 1731 ’
104 1746 177 1781 tur
199 1738 347 1793 coqui,
373 1745 418 1780 et
440 1737 740 1789 credendarii,
767 1744 811 1781 et
839 1737 1136 1793 dispensator,
1169 1737 1245 1792 qui
1274 1737 1359 1780 alio
1389 1744 1589 1792 tempore
1617 1751 1723 1779 exa-

104 1830 208 1859 men
233 1815 304 1857 uel
326 1814 575 1857 orationem
597 1829 724 1856 suam
749 1821 962 1869 poterunt
983 1813 1184 1869 implere.
1712 1811 1716 1814 ’

193 1891 394 1942 Etiamsi,
421 1882 545 1933 iuxta
569 1891 825 1933 facultatem
848 1890 954 1932 anni
982 1891 1107 1944 1564,
1128 1891 1250 1932 nulla
1273 1890 1328 1933 sit
1350 1890 1479 1932 nobis
1504 1888 1725 1933 restrictio

105 1967 308 2024 apposita
330 1982 356 2009 a
378 1982 553 2010 summo
575 1967 802 2022 pontifice,
828 1967 937 2022 quin
960 1967 1181 2022 possimus
1205 1967 1442 2010 absoluere
1468 1966 1513 2008 in
1539 1967 1634 2008 soro
1657 1965 1724 2007 in-

107 2044 257 2089 teriori
279 2044 721 2106 liaereticos„tamen
749 2058 851 2086 cum
874 2043 932 2085 sit
960 2043 1264 2087 necessarium
1295 2058 1351 2086 ex
1379 2043 1476 2086 iure
1498 2043 1724 2085 communi

106 2121 358 2165 haereticos
381 2120 585 2163 abiurare
607 2122 832 2172 haereseS,
858 2127 1097 2174 antequam
1121 2121 1429 2171 absoluantur,
1456 2119 1650 2174 primum
1669 2119 1725 2160 ab

107 2198 484 2263 excommunione
507 2204 551 2239 et
573 2196 736 2240 deinde
758 2211 783 2239 a
799 2196 1011 2252 peccatis,
1032 2197 1257 2239 curabunt
1279 2196 1437 2247 nostri,
1460 2203 1508 2237 ut
1527 2210 1579 2239 ea
1596 2194 1724 2237 abiu—

108 2275 221 2317 ratio
250 2276 326 2317 fiat
356 2275 429 2316 uel
460 2274 637 2329 publice
666 2275 740 2315 uel
767 2273 995 2329 priuatim,
1027 2274 1148 2329 quod
1177 2273 1213 2315 si
1250 2273 1372 2315 nulla
1401 2272 1572 2315 ratione
1601 2280 1725 2315 extra

108 2353 253 2394 forum
271 2350 567 2394 confessionis
584 2350 841 2406 persuaderi
860 2357 1059 2405 possent,
1080 2349 1229 2405 potius
1247 2364 1381 2404 quam
1400 2349 1601 2392 discedat
1619 2363 1725 2390 con—

107 2428 241 2472 fitens
264 2429 435 2483 absque
464 2427 761 2479 absolutione,
793 2434 837 2469 et
867 2428 1055 2470 fortasse
1078 2418 1248 2482 pereat,
1290 2427 1406 2468 facta
1445 2424 1725 2468 abiuratione

107 2504 154 2547 in
175 2505 480 2556 confessione,
507 2512 723 2560 poterunt
745 2505 935 2557 absolui,
961 2503 1220 2559 praesertim
1238 2503 1276 2545 si
1298 2518 1386 2545 non
1405 2503 1462 2544 sit
1481 2503 1552 2544 uel
1569 2504 1724 2545 haere-

108 2582 250 2624 siarca
272 2582 345 2625 uel
367 2581 570 2624 notorius
591 2581 860 2624 haereticus.

196 2659 258 2701 Vt
280 2656 403 2700 litem
428 2657 600 2713 possint
629 2657 862 2701 intendere
891 2656 1030 2699 nostri
1058 2671 1139 2713 pro
1167 2656 1297 2699 bonis
1327 2654 1528 2710 magistri
1562 2653 1722 2696 Adami
1761 2648 1764 2651 “

108 2741 153 2776 et
183 2733 450 2785 Alexandri,
483 2734 719 2777 consulant
748 2736 928 2777 Patrem
957 2739 1159 2775 nostrum
1191 2732 1462 2787 generalem,
1496 2730 1621 2771 iuxta
1649 2730 1724 2772 de-

107 2817 282 2853 cretum
303 2808 389 2868 [55]
416 2810 783 2866 congregationis
806 2810 990 2858 ultimae
1013 2807 1088 2866 [sc.
1113 2808 1407 2866 secundae]...

199 2889 253 2931 P.
278 2888 470 2931 Scherer
499 2901 590 2928 non
628 2885 840 2929 conuenit
862 2900 960 2928 esse
997 2885 1247 2927 auditorem
1278 2882 1530 2937 theologiae
1554 2881 1596 2923 in
1620 2882 1719 2923 vni-

111 2962 338 3006 uersitate.
367 2962 665 3006 Commitetur
688 2970 838 3006 autem
861 2961 1141 3018 prouinciali,
1167 2975 1223 3002 an
1242 2960 1402 3002 debeat
1425 2958 1519 3013 ipse
1543 2972 1714 3013 promo-

106 3039 206 3082 -ueri
222 3039 268 3082 in
290 3039 650 3082 baccalaureum.
