2028 3426
357 204 424 248 562
830 204 984 240 PArms
1012 204 1258 239 Hlssnorwnn
1285 201 1435 238 NADAL
1986 0 2028 260 ἲ

2007 261 2025 280 „

397 306 500 348 Non
537 305 642 350 licet
674 306 840 349 nostris
869 305 1154 348 commodato
1187 318 1565 359 quarumcunque
1596 304 1714 348 inter
1747 321 1847 352 sese
1885 307 1949 350 vti

308 396 478 436 rerum,
499 383 572 428 vel
589 383 849 435 donatione,
871 382 981 425 citra
999 381 1220 424 maiorum
1238 395 1512 425 consensum
1532 382 1603 424 vel
1619 382 1858 438 specialem
1875 385 1948 428 vel

307 460 585 514 generalem,
613 474 698 504 nec
722 459 956 515 epistolam
980 458 1098 502 inter
1120 472 1185 510 se,
1211 473 1269 502 ne
1291 457 1337 500 in
1359 459 1518 501 eodem
1548 458 1730 514 quidem
1753 460 1946 516 collegio

307 535 503 581 mittere.

391 615 469 657 Illa
488 615 661 670 regula,
683 628 799 668 quae
816 614 873 656 de
890 613 1118 656 mundicia
1135 612 1222 656 loci
1239 612 1401 656 secreti
1419 613 1634 667 loquitur,
1656 628 1746 657 non
1765 615 1946 671 legatur
2005 666 2012 670 „

302 691 347 734 in
370 691 624 742 refectorio,
651 691 730 732 sed
752 690 919 746 scripta
942 697 1136 746 ponatur
1159 689 1205 732 in
1228 689 1315 733 illis
1336 689 1462 732 locis.

389 768 480 823 Qui
506 768 652 821 tangit
674 767 868 823 aliquem
891 775 1049 810 contra
1071 768 1292 824 regulam,
1325 774 1435 820 etc.,
1461 768 1598 812 debet
1627 770 1781 813 facere·
1809 783 1939 812 suam

298 845 636 901 poenitentiam;
678 844 755 900 qui
786 859 894 888 vero
926 852 993 888 est
1028 852 1194 897 tactus,
1231 852 1276 889 et
1308 859 1397 888 non
1431 852 1618 888 accusat
1652 853 1937 902 tangentem,

297 923 502 967 eandem.
531 924 652 965 Vsus
675 929 827 965 autem
851 929 936 974 est,
962 929 1011 964 vt
1034 922 1091 964 sit
1113 937 1202 965 vna
1225 921 1461 978 disciplina
1478 922 1524 964 in
1542 922 1798 976 refectorio,
1820 937 1941 978 quae

296 1000 427 1042 duret
449 1015 528 1055 per
552 1013 690 1041 vnum
725 1000 820 1042 «De
850 998 1134 1055 profundis»,
1164 999 1237 1041 vel
1266 999 1405 1043 semel
1434 998 1637 1043 ieiunare
1668 998 1715 1060 in
1746 1014 1861 1055 pane
1894 1008 1940 1044 et

294 1091 425 1131 aqua.
453 1077 599 1132 Culpa
622 1090 728 1118 vero
752 1082 1020 1131 exponetur,
1047 1075 1082 1118 si
1106 1075 1313 1119 videatur
1336 1075 1514 1118 rectori.
1549 1075 1734 1131 Alioqui
1768 1077 1939 1132 poterit

297 1153 383 1196 dici
407 1153 452 1195 in
476 1167 644 1208 genere
668 1167 748 1209 pro
771 1153 977 1196 admissis
1000 1153 1162 1208 culpis.

382 1231 718 1273 Declarandum
747 1245 846 1273 esse
874 1229 1096 1286 superiori
1125 1230 1169 1271 id
1192 1230 1314 1284 quod
1342 1245 1461 1273 vnus
1489 1229 1574 1272 scit
1600 1231 1657 1275 de
1686 1231 1774 1273 alio
1802 1238 1930 1275 extra

292 1307 641 1359 confessionem,
667 1321 758 1350 non
792 1307 851 1350 ita
876 1306 1160 1362 intelligitur,
1187 1314 1235 1348 vt
1258 1314 1495 1362 propterea
1528 1307 1613 1351 526
1647 1322 1804 1350 omnes
1842 1308 1934 1350 sint

289 1398 500 1428 censores
522 1392 567 1427 et
589 1384 782 1440 syndici,
808 1385 888 1428 sed
911 1385 1002 1427 duo
1023 1383 1097 1426 hic
1120 1399 1145 1426 a
1168 1383 1299 1427 nobis
1322 1383 1629 1439 requiruntur:
1650 1385 1862 1440 primum,
1887 1394 1936 1428 vt

290 1461 478 1516 quilibet
500 1461 558 1504 sit
580 1468 764 1517 paratus
787 1462 843 1505 ad
865 1461 1107 1504 dicendum
1131 1462 1187 1503 de
1216 1461 1312 1504 aliis
1342 1460 1563 1517 superiori
1592 1461 1628 1504 si
1656 1461 1766 1516 quid
1798 1462 1928 1513 sciat,

288 1540 470 1593 quando
509 1538 883 1595 interrogabitur.
926 1538 994 1581 2.⁰
1032 1538 1081 1582 Si
1119 1538 1230 1581 sciat
1264 1553 1356 1582 rem
1390 1538 1580 1581 alicuius
1613 1539 1848 1591 momenti,
1883 1549 1931 1582 vt

286 1630 472 1671 grauem
497 1615 692 1670 aliquam
718 1615 1029 1667 tentationem,
1056 1622 1134 1658 aut
1151 1614 1346 1670 aliquam
1365 1614 1496 1658 aliam
1515 1630 1625 1667 rem,
1647 1630 1779 1671 quam
1800 1616 1930 1672 cogi-

287 1701 401 1735 taret
429 1701 473 1736 et
502 1692 722 1736 iudicaret
754 1694 798 1735 in
833 1693 1027 1736 Domino
1061 1707 1159 1736 esse
1191 1692 1412 1748 superiori
1444 1692 1730 1735 indicandam
1764 1694 1925 1738 eodem

285 1778 475 1822 secreto,
501 1778 549 1812 vt
573 1770 732 1813 melius
755 1785 888 1813 suurn
913 1770 1097 1812 fratrem
1121 1769 1278 1812 iuuare
1308 1769 1464 1825 possit,
1496 1776 1545 1812 vt
1573 1784 1672 1813 eam
1704 1770 1929 1826 superiori

284 1847 496 1891 declaret.
525 1849 593 1890 Ne
616 1855 766 1890 autern
791 1847 836 1889 in
859 1849 945 1889 hac
969 1862 1032 1899 re,
1059 1861 1177 1901 quae
1194 1853 1262 1889 est
1279 1846 1564 1902 grauissima,
1585 1847 1686 1901 quis
1703 1861 1786 1889 suo
1803 1847 1925 1889 iudi-

283 1924 352 1966 cio
386 1925 587 1967 fortassis
610 1924 875 1980 decipiatur,
901 1931 1052 1967 vtetur
1075 1923 1352 1976 confessarii,
1379 1924 1450 1967 vel
1479 1924 1668 1967 alicuius
1691 1938 1715 1967 e
1738 1925 1925 1967 consul-

283 2001 456 2043 toribus
481 2001 665 2044 rectoris
688 2009 864 2045 secreto
888 2001 1094 2052 consilio,
1121 2000 1289 2043 nullius
1312 2001 1489 2056 prodito
1512 2001 1709 2053 nomine,
1735 2009 1780 2044 et
1802 2001 1921 2043 illius

283 2085 500 2132 sequetur
524 2078 812 2122 sententiam.

370 2155 457 2197 Vbi
488 2155 656 2198 mentio
686 2156 735 2197 fit
763 2157 819 2200 de
849 2155 1156 2211 superioribus
1185 2155 1231 2197 in
1260 2154 1420 2211 plurali
1450 2170 1655 2208 numero,
1682 2157 1774 2198 fere
1797 2169 1924 2198 corn-

279 2232 572 2287 prehenditur
601 2232 735 2274 etiam
767 2233 984 2275 minister:
1012 2232 1087 2274 vbi
1109 2232 1371 2288 simpliciter
1394 2232 1437 2274 in
1468 2232 1688 2288 singulari
1712 2247 1920 2284 numero,

281 2316 455 2351 tantum
480 2309 533 2360 is,
561 2309 637 2364 qui
662 2318 839 2364 praeest
863 2325 916 2354 eo
940 2310 984 2351 in
1008 2310 1108 2352 loco
1126 2309 1225 2352 aliis
1247 2309 1472 2352 omnibus.

367 2387 563 2441 Quando
594 2386 931 2442 interrogantur
960 2387 1117 2439 nostri,
1149 2394 1198 2428 vt
1226 2386 1347 2428 dicat
1375 2385 1563 2441 quilibet
1592 2401 1698 2429 suas
1730 2385 1918 2429 inclina-

278 2463 438 2515 tiones,
472 2478 562 2505 non
592 2463 676 2506 527
707 2463 975 2518 intelligitur
1005 2464 1060 2506 de
1090 2463 1265 2506 actibus
1294 2462 1454 2506 elicitis
1482 2478 1537 2506 ex
1562 2463 1812 2515 voluntate,
1839 2463 1921 2506 sed

277 2547 450 2583 tantum
475 2540 532 2584 de
554 2539 923 2582 inclinationibus
946 2539 1242 2592 naturalibus,
1270 2540 1609 2595 qualescunque
1634 2539 1740 2591 sint,
1768 2546 1847 2582 aut
1865 2541 1920 2582 de

275 2617 474 2672 reliquiis
497 2616 878 2660 consuetudinum
903 2624 1007 2659 ante
1031 2623 1250 2667 actarum,
1271 2624 1349 2658 aut
1367 2616 1710 2672 praeteritorum
1731 2623 1918 2658 actuum

273 2694 536 2745 voluntatis,
578 2709 633 2737 ex
670 2694 836 2748 quibus
873 2692 1065 2735 sentitur
1104 2693 1351 2735 inclinatio:
1389 2694 1648 2749 exploratur
1682 2702 1918 2748 praeterea

271 2771 478 2826 aptitudo
502 2771 560 2813 ad
583 2773 668 2813 hoc
691 2771 763 2813 vel
786 2771 842 2812 ad
865 2769 991 2814 illud.
1018 2771 1150 2812 Hanc
1174 2777 1324 2813 autem
1347 2769 1686 2814 inclinationem
1705 2771 1777 2814 vel
1800 2770 1913 2824 apti·
1936 2800 1937 2803 ,

273 2848 474 2892 tudinem
499 2847 633 2891 debet
655 2847 854 2890 iudicare
872 2846 1092 2902 superior,
1113 2861 1170 2888 an
1190 2846 1246 2888 sit
1265 2847 1591 2898 mortificanda,
1613 2861 1669 2889 an
1687 2846 1910 2898 iuuanda,

271 2931 318 2966 vt
342 2925 385 2965 in
409 2924 618 2966 omnibus
641 2924 854 2967 iuuentur
877 2922 1018 2965 nostri
1042 2923 1099 2965 ad
1122 2922 1447 2978 perfectionem
1472 2922 1517 2964 in
1541 2923 1754 2966 Domino.

362 3004 537 3045 Omnes
568 3002 768 3045 habeant
798 3001 980 3056 regulas
1009 3000 1245 3056 generales
1269 3007 1313 3043 et
1335 3014 1617 3052 communes,
1654 3007 1698 3044 et
1737 3000 1917 3062 vltimas
