2028 3426
289 224 358 260 572
762 213 916 248 PATms
944 212 1190 246 HlssRONYm
1216 209 1368 246 NADAL

328 317 475 372 Coqui
497 331 673 372 semper
696 329 830 359 suum
853 312 1026 356 socium
1051 313 1221 356 habere
1243 312 1428 364 debent;
1452 311 1514 354 ita
1532 311 1611 355 fiet
1629 317 1678 353 vt
1695 323 1884 354 succes—

240 395 339 438 siue
362 399 447 441 550
470 393 677 445 orationi,
704 390 927 434 matutino
950 388 1215 445 praesertim
1246 397 1464 444 tempore,
1492 401 1655 431 vacare
1685 388 1879 444 possint.

241 473 307 515 Eo
329 471 448 516 enirn
472 479 688 526 tempore,
717 483 820 511 cum
844 481 961 509 vnus
993 466 1077 509 erit
1102 465 1145 508 in
1182 465 1403 519 oratione,
1444 464 1560 508 alius
1582 464 1761 508 curabit
1785 479 1880 507 rem

236 548 522 592 culinariam.
549 546 744 603 Quodsi
783 544 955 587 socium
993 544 1163 586 habere
1202 557 1293 585 non
1318 541 1475 598 possit,
1519 556 1696 598 coquus
1729 548 1881 585 tamen

236 605 423 681 aliquod
443 634 619 680 ternpus
642 622 833 677 accipiat
856 620 1049 664 liberum
1075 627 1122 662 vt
1144 619 1340 662 orationi
1364 620 1441 662 det
1465 633 1662 675 operam.
1684 618 1735 660 Id
1753 618 1882 662 vide-

241 703 344 746 licet
367 702 544 745 curabit
567 699 788 756 superior.

330 780 399 823 Ne
423 776 823 834 praetermittatur,
849 789 953 817 cum
979 776 1138 818 Patres
1161 773 1320 817 dicunt
1342 773 1503 816 missas
1525 787 1608 829 pro
1626 771 1884 814 fundatori-

239 858 341 909 bus,
367 865 415 898 vt
442 856 600 898 fratres
624 853 759 898 etiam
785 859 916 896 orent
941 853 997 894 ad
1021 851 1225 895 eamdem
1250 849 1566 893 intentionem.

328 935 529 976 Ponatur
569 931 733 974 tabella
770 929 815 972 in
849 929 1062 985 ingressu
1100 927 1352 978 coenaculi,
1393 927 1439 969 in
1466 941 1554 982 qua
1586 932 1770 969 notatae
1793 925 1884 968 sint

237 1010 493 1052 orationum
517 1016 561 1050 et
593 1007 832 1050 missarum
857 1005 1184 1062 applicationes
1211 1003 1466 1048 ordinariae
1494 1010 1540 1046 et
1570 1001 1883 1047 extraordina-

243 1087 351 1130 riae.

330 1162 564 1206 Fratribus
592 1162 707 1204 solet
736 1160 831 1204 dari
872 1160 1064 1203 facultas
1097 1157 1463 1202 communicandi
1501 1157 1727 1214 aliquibus
1765 1157 1880 1200 sole-

238 1240 486 1283 mnioribus
510 1238 853 1291 festiuitatibus,
880 1244 1060 1294 praeter
1078 1236 1175 1279 dies
1193 1235 1465 1287 dominicos,
1486 1235 1577 1277 imo
1599 1249 1707 1278 vero
1724 1233 1884 1277 indici-

238 1328 310 1360 tur
332 1325 380 1359 vt
403 1315 756 1367 communicent,
783 1322 831 1357 vt
848 1315 894 1357 in
912 1314 986 1358 die
1004 1313 1272 1366 natiuitatis,
1294 1312 1670 1366 circumcisionis,
1691 1311 1880 1368 epipha-

237 1394 354 1446 niae,
380 1392 728 1444 anunciationis,
755 1391 1050 1442 ascensionis,
1077 1393 1278 1446 corporis
1302 1389 1493 1441 Christi,
1519 1389 1565 1431 in
1589 1389 1663 1433 die
1695 1396 1882 1432 sancto—

239 1486 337 1513 rum
379 1470 501 1514 Petri
537 1478 582 1513 et
623 1469 770 1522 Pauli,
813 1476 857 1512 et
896 1468 1087 1512 aliorum
1126 1468 1453 1524 apostolorum,
1495 1471 1564 1513 551
1607 1468 1655 1511 S.
1693 1466 1884 1524 Joannis

241 1548 486 1604 Baptistae,
508 1546 829 1603 assumptionis
851 1548 1013 1590 beatae
1036 1544 1258 1601 Virginis,
1291 1544 1493 1588 omnium
1525 1551 1806 1587 sanctorum:
1835 1551 1881 1588 et

241 1626 422 1680 quando
453 1627 538 1668 hae
576 1623 847 1668 festiuitates
885 1623 931 1666 in
955 1623 1028 1666 die
1065 1622 1243 1665 sabbati
1266 1623 1337 1665 vel
1361 1621 1435 1665 die
1456 1622 1592 1666 lunae
1616 1629 1879 1672 occurrent,

236 1703 533 1745 transferatur
555 1701 814 1744 communio
838 1700 1094 1743 dominicae
1116 1701 1163 1742 in
1185 1699 1330 1742 dictas
1355 1698 1643 1743 festiuitates.
1673 1697 1790 1741 Aliis
1810 1699 1877 1741 fe-

236 1780 317 1822 stis
340 1779 476 1821 indici
501 1793 590 1821 non
614 1779 744 1830 solet;
772 1777 960 1822 concedi
985 1784 1151 1833 potest,
1177 1775 1443 1832 praesertim
1473 1777 1530 1818 ob
1561 1775 1878 1820 necessitatem

240 1856 535 1911 spiritualem.

330 1934 440 1975 Post
462 1932 698 1988 prandium
723 1939 801 1975 aut
825 1946 1012 1976 coenam
1037 1947 1094 1990 ne
1117 1932 1195 1974 fiat
1218 1931 1503 1974 consuetudo
1526 1929 1664 1974 eundi
1688 1945 1713 1974 e
1739 1929 1881 1973 vesti-

237 2010 315 2065 gio
338 2011 394 2052 ad
418 2010 670 2062 ecclesiam,
698 2024 846 2064 neque
869 2009 1019 2061 simul,
1047 2023 1194 2065 neque
1217 2022 1441 2061 seorsum,
1469 2008 1527 2049 ad
1549 2007 1753 2063 agendas
1771 2020 1878 2062 gra-

242 2087 341 2138 tias,
367 2088 446 2129 sed
469 2086 580 2129 satis
603 2086 660 2129 sit
684 2101 799 2141 quae
822 2087 868 2128 in
892 2085 1134 2130 refectorio
1157 2092 1265 2128 sunt
1289 2092 1434 2128 actae.

331 2163 602 2207 Scholastici
628 2177 717 2205 non
743 2163 934 2218 amplius
957 2177 1093 2218 quam
1111 2164 1268 2205 horam
1286 2177 1421 2204 vnam
1439 2161 1666 2204 ordinarie
1689 2160 1882 2204 orationi

239 2240 430 2293 dabunt,
472 2249 608 2295 prout
646 2240 999 2283 constitutiones
1016 2247 1060 2283 et
1084 2241 1317 2282 decretum
1349 2238 1552 2296 [primae]
1583 2246 1600 2263 ²²
1622 2252 1858 2294 congrega

242 2316 376 2359 tionis
393 2316 620 2372 generalis
636 2316 967 2372 praescribunt.
992 2318 1156 2360 Modus
1175 2323 1327 2358 autern
1347 2315 1446 2359 eius
1462 2315 1537 2358 hic
1557 2315 1658 2367 erit,
1684 2322 1734 2357 vt
1752 2329 1884 2357 mane

241 2392 390 2435 media
413 2395 523 2435 hora
560 2393 739 2449 integra
777 2393 968 2435 orationi
1008 2392 1249 2444 tribuatur,
1276 2399 1382 2436 ante
1419 2392 1659 2448 prandium
1684 2392 1756 2446 4⁸⁴
1780 2406 1884 2448 pars

242 2471 394 2522 horae,
420 2469 616 2512 examini
640 2471 942 2521 tantumdem,
970 2469 1231 2525 vespertino
1255 2468 1451 2511 examini
1484 2476 1728 2524 antequam
1752 2475 1884 2511 eatur

240 2547 448 2589 cubitum
473 2561 583 2590 suus
607 2547 715 2590 item
739 2548 982 2601 quadrans.

332 2625 578 2668 Caeterum
602 2631 649 2665 vt
672 2623 717 2665 in
742 2625 826 2665 hoc
847 2631 1047 2679 tempore
1070 2622 1262 2665 orationi
1280 2623 1508 2667 destinato
1531 2623 1753 2679 proficere
1775 2635 1884 2677 pos-

243 2700 333 2742 sint
355 2705 436 2747 552
462 2702 639 2752 fratres,
665 2700 995 2744 aduertendum
1019 2707 1104 2753 est,
1131 2700 1252 2755 quod
1276 2699 1346 2754 iis,
1373 2699 1450 2754 qui
1475 2699 1606 2743 facile
1627 2699 1880 2755 profectum

243 2776 521 2832 spiritualem
546 2792 600 2821 ex
623 2791 678 2820 eo
702 2784 903 2832 tempore
928 2775 1161 2827 orationis,
1197 2776 1269 2818 vel
1293 2790 1384 2818 non
1424 2775 1669 2832 accipiunt,
1695 2774 1768 2817 vel
1790 2787 1882 2816 non

243 2861 537 2906 conseruant,
559 2861 604 2896 et
622 2853 783 2910 spiritu
801 2867 852 2896 ac
869 2852 1114 2896 deuotione
1132 2852 1402 2895 infirmiores
1419 2853 1552 2906 fiunt,
1573 2850 1761 2895 concedi
1778 2857 1880 2907 pot-

315 3029 331 3045 ἃ
358 3017 503 3055 Omiss.
525 3031 546 3053 a
565 3019 735 3055 librario.
758 3020 826 3054 Est
846 3019 885 3054 in
903 3018 998 3055 Cod.
1028 3019 1156 3055 Vatic.
1180 3027 1214 3062 3,
1235 3018 1328 3053 Nat.
1355 3029 1471 3053 manu
1491 3023 1709 3053 exaratum.
