2028 3426
597 279 870 314 MONUMENTA
896 279 1160 322 ITALlAE—17
1579 278 1638 312 161

29 431 35 434 .
68 389 167 440 post
190 387 418 437 acceptam
441 380 888 424 satisfactionem-27!
913 395 1062 424 rerum
1085 378 1440 435 particularium,
1467 379 1686 434 suspicio·

13 478 17 482 *
68 459 137 502 nis
157 459 333 514 ingerat
354 457 531 512 aliquis,
557 458 654 500 sola
678 458 912 500 uoluntate
933 463 1170 512 susceptae
1192 456 1294 498 illae
1317 455 1458 497 uideri
1476 463 1689 511 poterunt

69 534 361 591 suspiciones:
397 541 442 576 et
472 541 622 577 tamen
654 533 777 576 illinc
808 533 937 577 facile
965 532 1218 588 intelligent
1248 531 1579 574 dominationes
1609 547 1687 575 ve-

69 620 185 656 strae
215 612 377 654 Illmae.
410 617 578 666 quanta
608 609 744 654 fuerit
775 611 820 652 in
853 609 983 652 nobis
1015 624 1164 652 rerum
1198 608 1444 651 alienarum
1477 608 1684 651 auiditas.

69 690 181 733 Nam
203 702 304 730 curn
329 687 458 730 multi
487 688 577 730 sint
599 687 644 729 in
674 687 883 729 omnibus
906 686 1167 742 prouinciis,
1194 685 1270 741 qui
1293 693 1444 728 nostra
1469 685 1687 741 spirituali

33 779 37 784 ¹
68 780 201 822 opera
223 771 267 808 et
291 764 359 807 usi
382 771 489 807 sunt
511 771 554 808 et
578 771 781 815 utantur,
815 777 866 805 ac
890 763 1019 805 nobis
1042 763 1157 806 bene
1180 762 1366 817 cupiant
1398 762 1442 804 in
1471 761 1682 813 Domino3

63 842 132 898 (ut
153 840 352 883 omittam
361 856 411 883 us
434 841 489 884 de
507 840 604 883 aliis
621 839 866 895 prouinciis
884 839 1048 890 dicere,
1070 854 1126 881 ne
1144 838 1278 881 huius
1296 838 1358 880 rei
1378 838 1685 894 probationem

69 905 112 960 in
135 917 254 960 aliud
277 924 454 973 tempus
477 917 658 960 differre
686 916 937 968 uideamur,
963 917 1018 958 de
1043 917 1165 959 Vrbe
1193 915 1432 968 dicamusz)
1463 930 1565 957 cum
1597 923 1685 956 tam

68 994 193 1037 multi
214 994 284 1036 his
304 993 466 1050 viginti
490 1009 568 1038 sex
592 993 736 1045 annis,
764 993 928 1047 quibus
951 994 1120 1035 Romae
1144 1007 1392 1044 uersamur,
1419 992 1583 1034 nostris
1606 992 1686 1033 mi-

68 1070 260 1114 nisteriis
282 1070 350 1113 usi
373 1070 478 1123 sint;
511 1070 640 1111 multi
667 1071 789 1112 haud
817 1069 953 1111 dubie
982 1070 1122 1111 multa
1145 1068 1276 1111 nobis
1304 1070 1454 1124 legata
1483 1068 1687 1123 scripsis—

69 1154 182 1198 sent,
214 1147 348 1188 modo
370 1147 602 1202 paululum
632 1160 713 1188 nos
742 1145 786 1187 id
809 1144 1207 1201 quaesiuissemus.
1237 1145 1492 1188 Periculum
1522 1144 1688 1187 faciant

44 1283 46 1288 ,
69 1231 112 1268 et
139 1223 366 1278 inquirant
398 1223 726 1266 dominationes
748 1229 926 1265 Vestrae
954 1222 1122 1266 Illmae.
1155 1230 1264 1276 quot
1293 1222 1382 1264 sint
1412 1221 1541 1264 nobis
1569 1223 1688 1264 facta

67 1301 229 1356 legata3
265 1307 310 1343 et
341 1299 596 1355 intelligent
625 1300 792 1342 nullam
825 1299 955 1341 nobis
985 1298 1124 1341 fuisse
1147 1308 1436 1342 externorum
1467 1300 1686 1340 bonorum

69 1376 339 1420 auiditatem.

137 1458 381 1495 obiectio·
444 1452 568 1507 Quid
592 1451 768 1508 egerint
791 1452 836 1494 in
865 1452 1186 1496 consecutione
1216 1451 1504 1495 haereditatis
1533 1452 1686 1494 cuius—

67 1531 168 1574 dam
191 1530 356 1572 uiduae
379 1529 623 1572 ianuensis.

137 1613 443 1657 Responsio.
507 1609 634 1651 Haec
659 1622 767 1651 uero
789 1616 861 1649 est.
880 1606 1034 1649 suauis
1057 1606 1355 1658 denuntiatio,
1382 1622 1438 1649 ne
1467 1606 1587 1648 aliud
1617 1605 1686 1647 di-

58 1672 234 1743 camus,
260 1684 446 1736 Audite,
473 1699 763 1739 quaesumus,
784 1683 952 1726 domini
970 1684 1117 1738 Illmi.,
1139 1698 1232 1726 rem
1258 1693 1305 1725 ut
1329 1690 1429 1726 acta
1450 1690 1531 1725 est.
1560 1683 1687 1726 Haec

67 1761 151 1804 fuit
183 1761 321 1804 uidua
358 1762 578 1816 quaedam
617 1768 832 1816 prouecte
869 1761 1113 1802 admodum
1153 1759 1328 1811 aetatis,
1370 1773 1485 1813 quae
1522 1759 1686 1801 abhinc

14 1883 15 1886 ,
67 1838 156 1881 fere
178 1847 371 1893 quatuor
404 1853 582 1881 menses
605 1839 775 1880 Romae
804 1837 876 1879 hic
900 1853 924 1880 e
955 1836 1072 1879 uiuis
1101 1836 1294 1880 excessit
1317 1837 1683 1891 septuagenaria,

13 1903 15 1923 ;
65 1922 140 1958 aut
161 1928 214 1957 eo
236 1914 443 1970 amplius;
470 1928 522 1956 ac
545 1914 711 1956 nostris
734 1914 914 1968 quidem
938 1913 1025 1956 iam
1048 1913 1218 1969 pridem
1249 1927 1338 1954 non
1364 1913 1683 1964 confitebatur,

16 1991 19 2048 ss
43 2022 46 2028 .
66 1991 140 2055 sed
163 1991 385 2047 religiosis
409 1990 518 2032 uiris
540 1989 846 2046 cappuccinis3
873 1990 1049 2032 illorum
1073 1989 1192 2032 enim
1215 1994 1310 2031 erat
1333 1990 1387 2031 de
1413 1990 1479 2042 3.⁰
1511 1989 1683 2042 ordine;

67 2067 219 2124 iuxta}
247 2082 402 2112 eorum
441 2067 760 2110 monasterium
800 2066 1056 2118 habitabat,
1099 2066 1159 2108 ibi
1197 2065 1344 2108 officia
1380 2066 1687 2109 ecclesiastica

19 2164 21 2182 1
68 2143 282 2187 audiebat.
305 2145 433 2186 Haec
451 2143 591 2199 igitur
609 2158 737 2195 anus,
759 2157 862 2185 cum
880 2144 1046 2186 deuote
1064 2144 1120 2185 de
1137 2142 1365 2186 Societate
1384 2142 1586 2194 sentiret,
1607 2157 1688 2184 sua

18 2214 22 2262 Ϊ
72 2221 299 2264 uoluntate
323 2228 459 2274 atque
482 2220 617 2262 animi
640 2234 793 2271 sensu,
821 2219 950 2261 nobis
973 2233 1057 2263 nec
1086 2219 1334 2262 scientibus
1368 2233 1451 2262 nec
1481 2218 1687 2274 cogitan-

18 2289 23 2325 3'
55 2295 204 2350 «tibus,
239 2298 477 2340 haeredem
513 2304 782 2340 testamento
814 2296 1104 2351 inscripserat
1137 2295 1426 2340 Societatem.
1457 2297 1686 2338 Vocamur

19 2358 26 2384 ἓ
69 2373 124 2416 ad
153 2373 311 2429 ipsam,
353 2388 455 2416 cum
479 2373 565 2415 iarn
595 2373 786 2415 animam
811 2375 998 2416 efflaret:
1028 2373 1244 2427 juuamus
1281 2373 1336 2415 de
1364 2384 1497 2415 'more
1536 2380 1688 2415 nostro

21 2483 27 2516 3·
71 2449 392 2492 moribundam:
418 2457 589 2505 partem
619 2449 958 2505 suppellectilis,
984 2464 1037 2492 ea
1065 2456 1257 2500 mortua,
1283 2450 1447 2491 bonam
1477 2448 1577 2501 illis,
1611 2450 1687 2504 qui

22 2514 28 2524 ’Ἰ
71 2539 165 2574 eam
187 2525 395 2569 iuuerant
417 2525 463 2568 in
485 2525 760 2578 infirmitate,
793 2525 1119 2568 distribuimus.
1152 2527 1310 2567 Funus
1338 2527 1529 2568 honeste
1558 2508 1687 2568 cura-

73 2599 230 2644 uimus.
256 2603 346 2646 Sed
375 2602 450 2644 ubi
475 2603 696 2646 uellemus
719 2602 1042 2646 haereditatem
1071 2601 1209 2653 adire,
1246 2609 1293 2643 ut
1315 2601 1487 2644 scilicet
1519 2617 1688 2657 paupe*

23 2668 27 2686 ²
71 2675 191 2720 ribus
221 2678 339 2721 illam
369 2693 677 2734 erogaremus,
718 2693 866 2732 neque
903 2677 1024 2720 enim
1062 2677 1192 2720 aliter
1230 2677 1530 2719 haereditates
1568 2677 1689 2719 adire

68 2759 213 2808 xpotest
235 2755 435 2810 professa
464 2754 683 2806 Societas,
709 2754 964 2798 intercessit
991 2753 1087 2797 eius
1117 2753 1252 2796 filius:
1285 2768 1387 2795 cum
1418 2767 1488 2805 eO,
1514 2754 1566 2795 ad
1592 2754 1683 2795 eui-

29 2838 35 2891 J·
74 2829 249 2872 tandam
283 2830 542 2886 cupiditatis
573 2829 891 2885 suspicionem,
926 2830 988 2873 ita
1019 2845 1113 2872 rem
1148 2829 1468 2884 transegimus,
1515 2836 1563 2870 ut
1595 2829 1689 2883 ipse

74 2905 231 2958 uoluit,
256 2922 398 2962 eaque
430 2914 556 2962 parte
581 2907 748 2949 fuimus
770 2907 987 2958 contenti,
1014 2921 1147 2961 quam
1181 2906 1254 2948 ille
1287 2905 1417 2947 nobis
1449 2905 1685 2947 concessit.

28 2983 37 3023 ἕ
75 2979 197 3024 Haec
219 2991 340 3035 sunt,
369 2985 527 3026 Patres
548 2983 696 3034 Illmi.,
723 2997 838 3037 quae
867 2990 1088 3025 uocantur
1116 2982 1162 3023 in
1185 2981 1417 3033 inuidiam,
1443 2995 1558 3035 quae
1587 2995 1689 3022 nar-

75 3069 193 3101 rasse
215 3058 322 3102 satis
344 3059 473 3102 nobis
496 3052 820 3111 esseuideturss

33 3110 39 3125 i
245 3134 360 3163 Emsr.
380 3134 418 3162 P.
439 3134 574 3169 NADAL,
594 3142 668 3162 τοΜ.
691 3134 751 3162 IV.
1485 3132 1516 3159 12
