2028 3426
688 195 1115 232 [NsrssucrroNEs—or
1600 202 1665 237 601

176 283 335 338 Nostri
359 310 450 338 non
472 295 697 351 accipiant
719 296 1055 351 eleemosynam
1077 305 1125 340 vt
1147 298 1245 341 aliis
1268 315 1363 342 earn
1389 308 1404 325 ³¹
1422 301 1713 355 distribuant,

88 373 169 415 sed
193 379 369 414 tantum
392 371 546 415 dicant
568 372 878 424 offerentibus,
905 381 951 414 vt
974 373 1152 428 ipsimet
1180 375 1301 417 illam
1333 378 1525 429 tradant3
1558 387 1601 422 et
1631 395 1713 435 po-

90 456 242 490 terunt
263 448 414 492 dicere
437 449 602 503 quibus
623 463 722 492 eam
746 449 853 493 dare
876 451 1087 503 debeant,
1114 458 1351 506 postquam
1375 453 1419 494 id
1452 468 1554 495 cum
1578 470 1712 511 supe-

88 526 202 568 riore
234 525 685 577 communicauerint,
721 540 855 580 quam
890 528 1152 570 facultatem
1185 528 1408 584 accipient
1441 530 1496 571 ab
1530 530 1599 582 iis,
1636 532 1711 586 qui

86 603 196 646 dare
219 602 377 644 volunt
406 603 738 658 eleemosynam
766 613 956 656 secrete,
989 610 1033 646 et
1061 604 1166 659 quia
1189 605 1415 647 interdum
1439 607 1585 650 solent
1608 622 1711 662 per-

84 693 238 730 sonae,
264 679 428 734 quibus
451 681 709 735 erogandae
732 688 854 733 sunt,
881 696 980 725 esse
1003 682 1259 724 verecunde
1282 697 1520 738 pauperes,
1548 693 1709 727 curent

83 756 338 811 superiores
360 756 571 799 omnibus
594 756 639 798 in
662 757 787 809 locis,
820 765 868 799 vt
890 759 1087 802 habeant
1116 758 1310 813 aliquam
1340 766 1572 802 externam
1606 776 1707 816 per—

81 848 238 876 sonam
258 833 520 876 familiarem
541 834 691 889 magni
712 834 904 890 exempli
922 842 967 877 et
984 835 1257 886 securitatis,
1278 837 1436 891 quales
1454 851 1542 878 non
1561 838 1708 879 solent

82 911 257 962 deesse,
284 924 399 964 quae
422 917 613 965 possunt
636 910 907 955 distribuere
929 912 1041 954 tales
1064 913 1389 967 eleemosynas.

169 991 249 1033 627
274 988 459 1029 Nullum
483 1002 724 1042 possumus
747 1002 829 1030 nos
850 987 975 1030 obire
998 988 1312 1040 ministerium,
1334 1004 1415 1044 pro
1436 1004 1542 1044 quo,
1568 1004 1706 1044 quum

84 1079 168 1106 nos
192 1064 301 1106 nihil
325 1079 381 1106 ne
405 1064 586 1106 nomine
609 1064 789 1118 quidem
813 1065 1125 1120 eleemosynae
1148 1065 1351 1121 accipere
1373 1065 1612 1121 possimus,
1633 1066 1704 1108 alii

83 1148 232 1185 tamen
257 1141 498 1197 accipiant.
524 1143 585 1184 Vt
608 1141 644 1184 si
668 1141 768 1196 quis
796 1149 976 1197 rogaret
1004 1157 1029 1184 a
1058 1142 1189 1184 nobis
1216 1142 1391 1195 missas,
1426 1157 1508 1198 pro
1542 1143 1705 1197 quibus

82 1217 178 1272 ipse
207 1217 429 1274 acciperet
459 1219 768 1274 eleemosynas
797 1218 1072 1274 pauperibus
1100 1220 1370 1275 erogandas,
1396 1220 1468 1263 vel
1491 1226 1540 1261 vt
1567 1220 1703 1262 doce-

80 1309 231 1337 remus
253 1295 298 1336 in
321 1294 515 1351 collegio
534 1295 752 1351 exigeret,
773 1303 818 1338 et
835 1296 930 1351 ipse
947 1295 1148 1338 didracta
1166 1295 1183 1320 b
1202 1297 1257 1338 ab
1276 1296 1558 1339 auditoribus
1582 1297 1702 1339 acci-

79 1379 205 1427 peret
227 1372 271 1413 in
294 1386 519 1427 pauperes
541 1371 867 1416 distribuenda.

164 1449 213 1492 Si
235 1449 343 1503 quid
365 1449 549 1491 domum
573 1450 629 1491 ad
653 1464 735 1491 nos
764 1449 967 1491 mittatur
990 1449 1171 1492 nomine
1193 1450 1508 1505 eleemosynae
1531 1450 1601 1492 vel
1624 1458 1694 1492 vt-

75 1539 258 1580 cunque
287 1525 558 1577 donationis,
590 1525 626 1567 si
650 1525 829 1580 quidem
857 1525 1170 1582 accipiendum
1194 1527 1268 1578 sit,
1300 1533 1480 1584 petatur
1502 1526 1574 1568 cui
1598 1526 1700 1568 mit-

77 1609 198 1644 tatur
224 1602 296 1645 vel
318 1602 464 1644 detur.
498 1601 546 1645 Si
569 1602 704 1644 alicui
738 1602 1018 1655 nominatim,
1054 1618 1111 1646 ne
1143 1603 1406 1659 accipiatur,
1444 1603 1527 1645 nisi
1562 1603 1698 1657 profi—

75 1686 253 1721 teantur
275 1693 324 1722 se
346 1679 410 1721 illi
431 1694 520 1721 non
545 1680 651 1722 dare
673 1680 752 1722 sed
776 1679 1103 1723 communitati.

416 1813 478 1841 DE
511 1813 705 1843 LITIBUS
740 1814 829 1842 VEL
865 1813 1017 1843 REBUS
1051 1813 1350 1847 FORENSIBUS

158 1914 208 1955 In
247 1913 413 1956 iudicio
449 1913 604 1956 literae
642 1912 914 1969 apostolicae
957 1927 1047 1955 non
1085 1917 1167 1958 628
1211 1913 1541 1968 producantur,
1584 1911 1695 1953 citra

9 2001 12 2005 ’
36 1990 38 1992 ’
66 1990 358 2043 peculiarem,
385 1997 465 2032 aut
487 1998 610 2032 certe
631 1990 891 2046 generalem
913 1989 1203 2045 prouincialis
1225 1987 1570 2040 consensum;-is
1588 2002 1695 2030 vero

69 2067 156 2108 hoc
180 2066 224 2108 in
248 2066 625 2109 consultationem
649 2081 833 2109 suorum
857 2067 1068 2118 deducat,
1094 2080 1146 2109 ac
1174 2066 1310 2108 etiarn
1341 2057 1545 2116 aliorum,
1582 2078 1695 2119 quos

66 2142 283 2186 iudicabit
306 2158 405 2187 esse
427 2144 745 2186 consulendos.
783 2144 848 2185 Ex
878 2144 1039 2185 harum
1073 2150 1226 2186 autem
1258 2141 1623 2197 praesentatione
1657 2140 1693 2182 si

19 2247 21 2249 ·
63 2219 454 2263 consentientibus
477 2218 811 2262 consultoribus
830 2219 1064 2262 timeretur
1081 2219 1360 2269 scandalum,
1382 2217 1692 2260 consulendus

69 2295 191 2350 prius
213 2304 333 2340 esset
355 2296 595 2352 generalis.

153 2373 201 2416 Si
231 2381 379 2416 rector
407 2375 596 2416 daturus
624 2380 693 2417 est
722 2373 875 2416 literas
903 2368 1235 2428 procuratorias
1266 2370 1416 2422 alicui,
1450 2379 1498 2411 vt
1526 2384 1690 2412 census

65 2449 242 2505 collegii
265 2458 516 2505 recuperet,
542 2451 709 2492 habeat
732 2449 855 2505 prius
878 2450 1138 2492 facultatem
1162 2449 1259 2491 eius
1281 2448 1345 2490 rei
1369 2462 1394 2489 a
1423 2445 1688 2502 prouinciali

62 2525 109 2566 in
132 2540 300 2581 genere
323 2528 394 2570 vel
417 2527 462 2569 in
485 2526 652 2582 specie.

150 2603 200 2646 Si
222 2611 369 2646 rector
390 2603 584 2659 aliquem
609 2612 892 2647 contractum
922 2604 978 2646 sit
1007 2603 1218 2652 initurus,
1250 2602 1490 2643 admoneat
1519 2596 1686 2639 diserte

63 2679 400 2734 prouincialem,
428 2688 473 2724 et
496 2681 686 2737 accipiat
708 2682 765 2724 ab
788 2696 840 2724 eo
865 2681 1139 2730 facultatem,
1165 2678 1201 2720 si
1224 2691 1323 2720 eam
1348 2674 1556 2717 habuerit
1579 2687 1683 2728 pro—

64 2754 283 2798 uincialis.

150 2832 287 2886 Quod
308 2833 364 2875 ad
387 2833 589 2889 legatum
612 2847 692 2875 seu
712 2833 1000 2876 donationem
1019 2832 1197 2881 attinet,
1219 2843 1334 2885 quae
1353 2829 1427 2869 fiat
1447 2825 1680 2878 Societati,

129 3009 145 3024 ²²
194 3010 260 3033 eas
281 3010 351 3035 mS.
403 3020 436 3024 —
452 3001 468 3024 ¹*
497 2999 573 3044 Sic,
595 3009 661 3045 pro
679 2999 881 3035 didactra.
902 2997 963 3035 Cf,
987 2998 1113 3043 Epist.
1133 2996 1180 3032 Ρ.
1198 2994 1347 3036 Nudas,
1367 2993 1435 3037 111,
1456 2992 1523 3036 565
1540 2996 1579 3026 et
1599 2991 1679 3035 584.
