2028 3426
354 220 425 266 730
927 219 1069 254 EPIST.
1101 218 1149 254 P.
1182 219 1333 255 NADAL

309 323 488 374 cessisti,
515 330 561 366 et
583 323 718 365 credo
749 323 833 364 che
861 321 907 363 in
935 327 1064 377 parte
1095 328 1257 376 questo
1290 320 1355 364 sia
1389 320 1547 374 verita,
1573 335 1646 363 ma
1676 334 1768 364 non
1797 334 1944 364 sonno

309 409 469 455 queste
492 400 533 444 le
556 399 695 442 radici
719 406 763 443 et
788 399 975 441 fontane
997 412 1134 442 cause
1157 398 1201 440 di
1225 399 1291 441 far
1315 405 1440 442 tanta
1469 397 1652 441 istantia
1675 412 1755 454 per
1777 399 1944 442 andare

310 477 352 520 in
379 478 580 533 Spagna‚
608 492 679 519 ma
702 491 783 519 son
808 483 967 530 queste
990 476 1065 518 ch'
1090 476 1251 520 adesso
1274 475 1658 519 manifesteremo.

398 556 459 597 La
483 553 627 610 prima
660 546 797 596 causa
826 552 1073 609 principale
1112 553 1135 595 ὲ
1165 559 1282 597 stata
1312 567 1403 598 una
1440 552 1750 596 controversia
1781 554 1866 596 che
1897 553 1944 595 fu

311 646 456 675 mossa
481 646 542 674 un
566 631 728 687 giorno
752 631 808 674 da
831 630 861 673 li
884 637 1068 687 quattro
1084 630 1276 687 professi
1302 629 1544 682 fondatori,
1570 632 1655 675 che
1676 643 1758 673 son
1782 630 1824 673 al
1840 644 1944 686 pre—

309 717 438 753 sente
461 708 506 750 in
532 710 688 751 Roma.
716 707 996 763 Disputorno
1019 708 1091 751 del
1115 708 1346 751 authorita
1368 708 1485 752 delle
1513 707 1805 750 costitutione
1834 708 1946 751 fatte

308 801 384 842 per
410 787 471 829 M.
499 785 692 841 Ignatio‚
719 786 839 827 bona
877 785 1108 837 memoria,
1134 786 1175 828 16
1203 785 1338 840 quale
1375 799 1521 828 sonno
1550 784 1597 827 in
1635 783 1749 836 fieri,
1785 791 1830 827 et
1852 797 1944 826 non

309 865 462 906 hanno
487 864 624 905 robur
647 863 709 904 fin
735 869 859 904 tanto
882 864 967 906 che
997 863 1173 906 fussero
1195 863 1550 918 perfectamente
1574 862 1684 906 fatte
1705 862 1762 904 da
1786 860 1892 904 tutti
1914 860 1944 903 li

310 940 439 996 primi
464 939 655 995 professi
687 939 928 993 fondatori,
954 953 1082 982 come
1111 939 1331 984 ordinano
1360 930 1401 983 le
1440 940 1558 983 bolle
1591 938 1838 995 apostolice
1860 940 1947 981 che

310 1019 406 1060 loro
439 1018 478 1061 16
509 1016 713 1060 facciano
736 1032 760 1060 e
790 1016 1081 1075 disfacciano;
1108 1023 1153 1061 et
1175 1018 1320 1061 anche
1342 1016 1388 1058 di
1411 1016 1486 1072 poi
1520 1016 1630 1059 fatte
1652 1016 1709 1058 da
1738 1016 1849 1068 loro,
1875 1015 1945 1057 bi-

310 1109 455 1150 sogna
479 1095 651 1137 sossero
674 1094 939 1137 confirmate
961 1101 1006 1136 et
1029 1095 1244 1150 aprobate
1267 1094 1385 1137 dalla
1422 1094 1531 1138 sede
1559 1092 1824 1149 apostolica;
1860 1092 1943 1135 im-

311 1173 425 1227 pero.
443 1172 504 1213 fin
529 1178 656 1214 tanto
679 1186 771 1214 non
793 1172 920 1214 siano
943 1173 999 1215 de
1021 1171 1271 1224 authorita,
1293 1171 1330 1215 si
1347 1185 1437 1214 non
1461 1186 1486 1214 a
1508 1170 1815 1215 benivolentia
1837 1171 1893 1213 de
1915 1170 1945 1212 li

311 1248 439 1304 primi
462 1249 655 1305 professi
679 1264 759 1306 pro
783 1249 1028 1293 concordia
1057 1251 1271 1302 fraterna,
1298 1256 1343 1294 et
1381 1250 1468 1292 che
1504 1249 1542 1291 si
1574 1256 1871 1292 mostrassero
1904 1248 1947 1292 le

310 1334 465 1370 nostre
487 1327 606 1370 bolle
629 1342 654 1369 a
676 1327 844 1370 dottori
866 1335 911 1370 et
933 1327 971 1370 si
989 1327 1179 1370 vedesse
1201 1328 1243 1370 la
1260 1326 1419 1370 verita.
1441 1327 1598 1369 Allora
1615 1327 1750 1369 Mtro.
1778 1325 1945 1369 Lainez

308 1403 344 1445 si
370 1418 515 1447 messe
538 1403 581 1445 in
606 1404 788 1457 collera,
809 1404 1003 1447 dicendo
1021 1403 1095 1447 ch'
1113 1405 1352 1448 havevano
1371 1410 1488 1446 tutta
1505 1402 1752 1454 authorita,
1778 1403 1947 1458 perche

309 1483 369 1524 M.
398 1480 576 1536 ignatio
600 1483 641 1525 le
664 1482 841 1525 haveva
866 1481 976 1525 fatte
1008 1495 1097 1524 con
1125 1480 1355 1524 authoritii
1386 1481 1443 1523 de
1471 1479 1501 1522 li
1523 1479 1653 1536 primi
1683 1464 1941 1536 compagni.

309 1558 354 1599 Io
378 1558 419 1599 lo
443 1557 595 1601 lasciai
619 1559 732 1611 dire,
760 1559 953 1602 dicendo
977 1558 1130 1614 pianet
1158 1566 1190 1612 ³,
1223 1558 1269 1600 id
1302 1566 1388 1610 est,
1413 1557 1519 1614 pian
1547 1556 1697 1614 piano,
1727 1563 1771 1601 et
1807 1557 1946 1599 allora

308 1634 446 1690 piglio
470 1634 545 1691 piu
569 1635 734 1691 agonia
757 1637 813 1680 de
835 1636 1112 1680 domandare
1134 1634 1317 1680 licentia
1340 1635 1381 1677 al
1405 1649 1521 1691 papa
1543 1649 1622 1690 per
1646 1634 1738 1676 fare
1761 1633 1791 1675 il
1820 1633 1944 1689 capi-

309 1713 402 1753 tulo
427 1712 471 1754 in
495 1714 679 1769 Spagna
700 1713 830 1756 adcio
853 1714 941 1756 che
965 1713 1063 1756 sora
1082 1713 1127 1755 di
1151 1714 1295 1756 Roma
1318 1726 1408 1754 non
1432 1711 1469 1754 si
1492 1718 1675 1767 potesse
1698 1713 1862 1754 havere
1881 1710 1941 1752 ri-

309 1804 455 1841 co1SO,
481 1792 537 1833 ne
561 1791 603 1833 al
626 1805 757 1846 papa,
783 1792 839 1833 ne
863 1791 903 1834 al
925 1798 1190 1846 protettore,
1212 1791 1285 1834 del
1307 1790 1535 1833 authorita
1553 1789 1668 1833 delle
1687 1786 1943 1830 costitutio-

310 1881 381 1919 ne;
409 1874 453 1909 et
477 1875 637 1922 questa
661 1868 683 1910 ὲ
707 1869 750 1910 13
771 1867 914 1923 prima
937 1867 1088 1910 radice
1110 1876 1155 1911 et
1188 1881 1326 1910 causa
1354 1867 1602 1923 principale
1631 1866 1748 1909 della
1779 1865 1945 1921 impor—

311 1953 422 1985 tuna
446 1944 627 1987 istantia
645 1959 724 2000 per
740 1946 789 2003 Ι13
812 1945 943 2000 quale
966 1944 1003 1987 si
1026 1945 1310 1987 domandava
1332 1944 1377 1986 di
1400 1945 1568 1987 andare
1591 1943 1636 1985 in
1659 1944 1861 1998 Spagna.

399 2021 463 2063 La
485 2022 683 2064 seconda
709 2036 847 2065 causa
869 2037 961 2078 era,
990 2022 1153 2078 perche
1176 2021 1213 2063 si
1236 2022 1429 2077 desputo
1454 2020 1498 2062 in
1522 2018 1879 2076 congregatione
1907 2018 1943 2061 si

310 2098 522 2141 serrebbe
561 2099 728 2155 meglio
757 2101 842 2142 che
867 2100 1051 2142 fusseno
1081 2101 1192 2143 fatte
1221 2098 1363 2154 prima
1396 2099 1438 2140 16
1466 2097 1760 2140 costitutione
1793 2094 1943 2138 avanti

310 2175 426 2218 della
449 2175 680 2219 creatione
703 2177 774 2219 del
793 2177 1022 2231 generale,
1043 2184 1088 2219 et
1105 2177 1320 2231 aprobate
1343 2175 1487 2232 prima
1504 2175 1621 2217 dalla
1638 2174 1744 2218 sede
1762 2179 1944 2229 aposto-

310 2251 409 2302 lica,
437 2266 463 2294 o
487 2266 593 2295 vero
619 2253 711 2296 fare
734 2253 876 2308 prima
899 2254 939 2296 el
963 2254 1193 2309 generale,
1220 2262 1266 2296 et
1289 2252 1422 2309 dopoi
1446 2253 1513 2294 far
1536 2253 1578 2296 le
1599 2249 1940 2294 constitutione.

311 2329 464 2370 Furno
488 2329 610 2373 varie
633 2331 905 2385 oppenione3
932 2331 1005 2373 chi
1028 2331 1081 2382 si,
1107 2338 1152 2373 et
1176 2330 1252 2373 chi
1278 2344 1383 2372 non.
1412 2331 1467 2372 Et
1495 2329 1668 2385 impero
1693 2341 1770 2384 per
1794 2328 1945 2370 levare

309 2405 584 2461 oppenione,
632 2421 722 2449 non
777 2416 1027 2450 trovavano
1078 2407 1259 2464 miglior
1295 2407 1557 2463 espediente
1587 2407 1661 2449 ch’
1686 2405 1854 2448 andare
1898 2403 1943 2446 in

311 2483 512 2538 Spagna‚
539 2484 656 2527 dove
679 2498 823 2526 sonno
857 2484 931 2539 piu
964 2499 1079 2540 gran
1109 2499 1299 2528 numero
1332 2485 1389 2528 de
1421 2482 1629 2539 professi,
1655 2490 1700 2526 et
1733 2482 1874 2524 allora
1907 2481 1943 2524 si

311 2561 528 2614 potrebbe
552 2561 643 2603 fare
678 2568 804 2603 tanto
837 2562 876 2604 el
907 2561 1121 2617 generale
1151 2576 1280 2605 come
1313 2562 1353 2604 16
1386 2559 1712 2603 constitutione
1745 2573 1832 2602 con
1866 2557 1943 2614 piis

310 2637 518 2693 suffragii
541 2638 583 2679 al
606 2638 738 2680 modo
760 2639 873 2680 loro.
894 2638 1178 2695 Judicavano
1200 2639 1296 2681 loro
1325 2640 1409 2682 che
1439 2645 1600 2692 questo
1631 2637 1843 2679 serrebbe
1866 2635 1942 2691 piu

310 2713 572 2769 espediente
595 2722 641 2757 et
663 2729 748 2757 con
773 2714 848 2769 piu
873 2715 1043 2769 quiete;
1070 2730 1143 2758 ma
1166 2715 1210 2758 io
1244 2715 1319 2757 nol
1348 2715 1501 2764 credo,
1527 2715 1692 2769 perche
1715 2713 1830 2755 dove
1852 2726 1942 2754 non

310 2805 453 2832 sonno
476 2791 698 2847 superiori
722 2791 765 2833 in
796 2791 825 2833 li
860 2791 1045 2847 capituli
1083 2791 1302 2847 generali,
1328 2789 1709 2834 ordinariamente
1736 2788 1944 2845 sogliono

309 2882 458 2910 essere
483 2868 558 2923 piu
583 2867 800 2921 scandali,
827 2883 954 2911 come
977 2868 1192 2911 dimostra
1215 2869 1244 2910 l’
1271 2867 1541 2924 esperientia
1565 2869 1649 2911 che
1671 2866 1709 2909 si
1731 2881 1757 2909 a
1775 2865 1819 2908 di
1842 2865 1941 2908 altri

381 3046 395 3059 ιι
449 3034 525 3068 Sic.
