2028 3426
701 218 1129 255 INSTRUCTIONEs-61
1280 268 1283 271 ι
1611 218 1681 264 473

187 321 260 362 An
283 319 458 376 integre
481 319 716 362 confessus
739 320 796 362 sit
818 334 1008 376 semper,
1035 327 1275 375 antequam
1299 319 1615 376 ingrederetur
1637 322 1725 366 So·
1762 359 1763 362 ,

97 395 322 448 cietatem;
348 403 392 438 et
414 395 451 438 si
474 395 649 451 integre
672 397 908 439 confessus
932 411 1021 439 non
1045 396 1219 449 fuisset,
1245 411 1372 448 num,
1398 411 1500 439 cum
1528 397 1721 452 primum

98 472 220 514 venit
242 472 288 514 in
306 472 595 523 Societatem,
616 471 673 514 sit
690 472 747 516 de
764 472 882 515 vitae
901 473 1037 515 totius
1055 472 1251 528 peccatis
1273 472 1450 528 integre
1469 474 1722 518 confessuS.

184 549 304 591 Num
332 548 430 591 aliis
461 547 824 591 confessionibus
855 549 1143 604 generalibus
1171 549 1406 593 confessus
1438 548 1495 591 sit
1524 549 1720 605 integre.

184 626 303 667 Num
340 633 526 668 externo
568 624 789 667 sacerdoti
827 625 960 667 fuerit
1002 626 1258 677 confessus,
1299 626 1371 668 vel
1409 640 1499 668 non
1537 625 1723 668 ordina—

97 701 162 744 rio
184 715 284 746 suo,

183 779 257 821 An
281 790 437 822 verum
460 777 622 821 dixerit
644 777 690 819 in
713 777 922 821 omnibus
944 778 1242 839 examinibus.

181 855 392 897 Iubeatur
421 869 473 897 ea
501 853 666 906 dicere,
699 868 814 908 quae
844 854 988 910 magis
1017 862 1210 910 grauant
1242 855 1340 898 eius
1378 854 1719 907 conscientiam,

92 930 163 974 vel
186 930 400 974 exhibent
427 930 510 986 ipsi
533 930 792 986 negocium,
819 931 889 974 vel
912 931 1227 975 difficultatem
1251 931 1385 975 etiam
1408 931 1455 974 in
1479 932 1550 975 via
1572 934 1719 988 perfe-

89 1006 251 1050 ctionis
280 1007 406 1049 iuxta
429 1007 647 1050 rationem
670 1007 810 1050 nostri
833 1007 1040 1050 instituti.
1068 1008 1116 1052 Si
1139 1008 1239 1063 quis
1263 1015 1414 1051 tamen
1443 1009 1501 1051 sit
1530 1023 1719 1065 scrupu-

90 1085 228 1135 losus,
255 1084 452 1128 breuiter
474 1083 684 1127 iubeatur
705 1084 855 1128 dicere
876 1099 929 1128 ea
957 1085 1118 1137 solum,
1144 1085 1263 1129 vnde
1285 1085 1509 1142 intelligat
1532 1085 1622 1128 vim
1646 1101 1719 1130 ra-

91 1160 225 1202 tionis
248 1161 555 1216 scrupulosae,
583 1175 671 1216 qua
693 1160 905 1217 agitatur.

179 1238 339 1281 Posset
357 1237 520 1282 deinde
537 1252 593 1280 ex
609 1237 905 1292 sequentibus
923 1237 1145 1293 capitibus
1167 1237 1454 1295 interrogari,
1475 1240 1512 1282 si
1535 1254 1588 1283 ea
1605 1254 1718 1283 con—

86 1314 219 1356 fitens
242 1328 330 1356 non
355 1313 581 1370 attigisset
603 1314 903 1366 sufficienter,
930 1315 1002 1357 vel
1024 1314 1299 1359 confessario
1322 1315 1601 1359 satisfactum
1625 1332 1718 1360 non

90 1389 266 1434 fuisset.

86 1507 169 1548 293
702 1517 764 1546 DE
797 1517 1092 1547 OBEDIENTIA

173 1620 246 1664 An
270 1621 464 1676 aliquam
489 1621 783 1665 tentationem
807 1621 1017 1664 habuerit
1039 1629 1195 1665 contra
1217 1623 1517 1677 vocationem,
1542 1623 1712 1666 consti-

86 1697 300 1749 tutiones,
328 1699 525 1754 regulas,
552 1698 623 1741 vel
645 1698 916 1754 superiores,
942 1705 987 1742 et
1010 1699 1392 1754 quemadmodum
1410 1699 1453 1742 in
1473 1714 1526 1743 ea
1543 1714 1592 1743 se
1609 1713 1714 1756 ges·
1760 1754 1764 1758 ῃ

86 1773 210 1819 serit.
235 1775 355 1817 Num
379 1774 595 1817 iudicium
625 1774 1053 1818 habuerit.dubium
1084 1776 1156 1818 vel
1185 1776 1459 1819 contrarium
1491 1777 1712 1819 constitu-

87 1850 197 1893 tioni
219 1851 368 1903 alicui,
394 1852 467 1896 vel
491 1852 692 1908 regulae,
718 1852 789 1894 vel
811 1851 927 1907 parti
953 1851 1163 1894 instituti.
1197 1845 1274 1895 An
1302 1854 1417 1896 male
1445 1853 1715 1896 iudicauerit

85 1927 155 1971 vel
178 1928 588 1972 obmurmurauerit
610 1929 667 1971 de
689 1927 996 1983 superioribus
1025 1929 1097 1971 vel
1125 1928 1398 1972 obedientia.
1431 1931 1506 1972 An
1536 1929 1649 1972 sciat
1677 1930 1714 1973 si

77 2002 185 2058 quis
217 2005 301 2046 hoc
335 2004 505 2047 fecerit.
544 2006 665 2048 Num
698 2019 789 2046 non
826 2003 1036 2048 habuerit
1068 2018 1249 2048 caecam
1283 2005 1604 2049 obedientiam.
1637 2008 1712 2050 An

86 2080 329 2123 formaliter
360 2080 496 2125 fuerit
528 2080 797 2125 inobediens
823 2080 1082 2136 aliquando,
1119 2082 1208 2124 hoc
1241 2089 1326 2135 est,
1363 2083 1485 2137 quod
1517 2083 1713 2127 noluerit

85 2157 284 2201 obedire.
311 2158 386 2200 An
410 2172 498 2200 non
523 2157 716 2213 integre,
742 2164 966 2213 prompte,
995 2158 1168 2201 fortiter
1190 2166 1326 2213 atque
1348 2158 1577 2203 humiliter
1600 2160 1710 2203 obe-

77 2233 231 2285 dierit,
271 2234 342 2276 vel
380 2248 458 2289 per
494 2233 846 2286 excusationem,
878 2235 951 2278 vel
982 2234 1403 2289 murmurationem,
1439 2236 1512 2279 vel
1543 2235 1714 2291 alioqui

83 2310 360 2365 imperfecte.
387 2313 457 2353 De
479 2310 809 2366 inquietudine,
835 2325 891 2353 an
915 2310 1140 2367 praesenti
1162 2312 1234 2355 vel
1257 2311 1488 2365 exercitio,
1509 2312 1580 2355 vel
1599 2313 1710 2354 obe-

75 2386 265 2438 dientia,
293 2388 363 2429 vel
385 2388 501 2439 loco,
526 2388 598 2430 vel
621 2387 857 2443 superiori,
890 2388 963 2431 vel
980 2370 1273 2444 xpraeceptori
1302 2388 1602 2443 adquieuerit.
1635 2388 1710 2431 An

83 2463 303 2506 obedierit
325 2464 370 2506 in
394 2464 616 2518 examine,
643 2465 714 2508 vel
735 2475 960 2508 secretum
988 2465 1170 2520 aliquod
1198 2464 1399 2508 omiserit
1427 2464 1576 2508 dicere
1606 2479 1710 2520 pro—

84 2547 183 2596 pter
205 2541 423 2596 pudorem
448 2541 519 2584 vel
541 2540 735 2595 aliquem
758 2548 1027 2596 respectum.

76 2663 168 2704 ’294
721 2673 782 2702 DE
814 2673 1082 2703 CASTITATE
1114 2663 1116 2667 '

170 2772 240 2815 De
264 2771 586 2814 tentationibus
608 2771 771 2814 carnis.
798 2773 868 2815 De
896 2771 1248 2828 cogitationibus
1277 2770 1479 2814 morosis.
1513 2772 1582 2814 De
1610 2771 1707 2826 pol—

82 2847 330 2890 lutionibus
367 2848 599 2891 nocturnis
636 2849 708 2892 vel
736 2848 1034 2891 illusionibus.
1076 2850 1145 2891 De
1182 2847 1333 2890 verbis
1365 2847 1436 2890 vel
1465 2846 1706 2901 colloquio,

77 2924 204 2978 quod
226 2931 429 2979 spectare
452 2924 592 2980 possit
616 2925 671 2967 ad
693 2924 887 2980 aliquam
911 2925 1235 2980 turpitudinem
1259 2924 1330 2968 vel
1347 2922 1706 2966 dissolutionem.

83 3001 152 3043 De
174 3000 310 3043 nimia
333 3000 632 3045 familiaritate
660 3015 763 3043 cum
785 3000 1041 3044 domesticis
1064 3001 1134 3044 vel
1156 2999 1367 3052 externis,
1394 3007 1438 3043 et
1466 3000 1521 3042 de
1548 2998 1704 3041 visita-
