2028 3426
341 277 410 313 218
812 278 964 314 PATms
991 276 1232 311 Hmnom'm
1259 273 1410 309 NADAL

1068 429 1148 471 :3⁶2

1056 556 1150 612 Jhs.

769 649 1142 695 INSTRUCTIO
1182 649 1450 695 NATALIS

295 763 427 801 QUAM
470 762 678 792 vti-:Nmiz
719 760 881 796 neum,
925 759 1020 796 QUA
1059 758 1295 805 ArT1NG1T
1334 758 1711 797 QUEMADMODUM
1750 757 1924 788 NOSTRI

390 819 487 870 cmi
522 837 813 868 HAERETICIS
849 837 908 880 ET
942 835 1248 867 CONUERsAm
1283 835 1508 866 DEBEANT
1542 836 1602 866 ET
1635 823 1830 866 AGERE¹

386 922 597 963 Habeant
627 921 800 970 Patres,
834 918 940 961 item
975 917 1051 973 qui
1085 917 1423 970 contionantur,
1459 918 1535 961 uel
1563 915 1731 973 aliquid
1757 916 1926 960 iudicio

297 1005 506 1054 possunt,
533 996 775 1039 concilium
803 995 1114 1047 tridentinum,
1141 994 1322 1038 ultimas
1343 979 1661 1038 exercitiorum
1685 994 1867 1050 regulas
1889 994 1924 1046 ²,

296 1082 527 1130 praeterea
550 1073 784 1129 epistolam
808 1072 950 1115 nostri
976 1071 1098 1115 Petri
1121 1071 1256 1115 Fabri
1279 1073 1310 1114 ³.
1344 1072 1680 1115 Commendent
1709 1084 1758 1114 se
1786 1071 1926 1114 deuo—

297 1151 466 1193 tissime
498 1152 593 1193 Deo
622 1148 921 1205 omnipotenti
950 1148 996 1191 in
1024 1148 1259 1192 sacrificiis
1295 1155 1340 1192 et
1376 1147 1672 1199 orationibus,
1710 1154 1759 1190 ut
1795 1146 1840 1189 in
1879 1161 1927 1190 re

297 1227 564 1283 grauissima
587 1234 632 1270 et
655 1241 847 1278 summa,
874 1240 966 1268 non
984 1226 1130 1269 solum
1154 1233 1204 1268 ut
1226 1225 1544 1282 integerrimos
1566 1238 1615 1267 se
1633 1231 1678 1268 et
1695 1223 1922 1280 synceris—

296 1305 431 1347 simos
470 1304 513 1345 in
552 1304 641 1346 fide
677 1311 814 1358 atque
851 1302 1110 1347 obedientia
1152 1302 1370 1347 ecclesiae
1407 1316 1458 1346 ac
1497 1301 1617 1345 sedis
1654 1300 1926 1357 apostolicae

297 1380 569 1432 custodiant,
596 1381 675 1424 sed
700 1387 749 1422 ut
772 1380 964 1436 gratiam
988 1387 1033 1423 et
1055 1379 1294 1424 efficatiam
1322 1388 1556 1436 praeterea
1583 1378 1668 1421 sibi
1697 1377 1925 1434 gratifice-

296 1466 382 1509 tur,
410 1472 497 1512 qua
526 1457 744 1502 adiuuent
773 1466 817 1501 et
846 1457 1107 1509 catholicos,
1135 1464 1183 1499 ut
1212 1455 1554 1499 incontaminati
1577 1461 1924 1506 conseruentur,

295 1543 338 1577 et
362 1535 437 1589 qui
461 1543 622 1577 nutant
652 1542 696 1577 et
724 1534 770 1576 in
801 1534 1001 1590 periculo
1032 1541 1287 1586 uersantur,
1323 1540 1371 1576 ut
1401 1533 1741 1585 confirmentur,
1773 1538 1819 1576 et
1851 1530 1927 1586 qui

295 1613 380 1654 iam
404 1611 527 1654 dubii
557 1622 679 1663 sunt,
706 1611 1006 1664 instruantur,
1040 1620 1085 1656 et
1113 1611 1189 1667 qui
1213 1618 1365 1667 aperte
1391 1609 1606 1654 haeretici
1637 1616 1758 1661 sunt,
1792 1615 1842 1651 ut
1871 1608 1928 1651 ad

295 1689 428 1732 tidem
459 1697 503 1732 et
531 1689 743 1732 unionem
776 1688 1060 1732 obedientiae
1092 1689 1384 1740 reducantur,
1421 1688 1494 1731 uel
1526 1685 1830 1743 impediantur
1869 1699 1928 1729 ne

294 1774 442 1821 serpat
459 1780 614 1809 eorum
634 1765 895 1821 peruicatia,
917 1773 965 1809 ut
981 1773 998 1791 ³
1016 1779 1177 1808 cancer
1197 1766 1228 1818 ⁴,
1248 1765 1320 1809 uel
1338 1764 1541 1821 legitime
1559 1758 1858 1807 coerceantur
1875 1775 1927 1804 ac

295 1843 592 1898 castigentur:
618 1843 743 1895 item,
771 1858 828 1886 ne
856 1842 957 1885 libri
987 1857 1142 1888 eorum
1167 1842 1238 1886 uel
1272 1842 1528 1886 uendantur
1558 1841 1630 1884 uel
1653 1840 1925 1892 habeantur,

297 1927 340 1962 et
364 1927 413 1961 ut
437 1920 573 1962 semel
597 1919 788 1972 dicatur,
815 1927 865 1962 ut
887 1919 1179 1976 integerrime
1201 1927 1337 1974 atque
1359 1916 1724 1961 constantissime
1741 1916 1860 1959 fides,
1875 1928 1928 1958 ac

298 1996 557 2039 obedientia
580 1996 797 2040 ecclesiae
819 2004 864 2040 et
888 1996 1008 2040 sedis
1026 1995 1299 2052 apostolicae
1316 2002 1632 2047 conseruetur,
1652 2007 1704 2036 ac
1721 2007 1820 2046 suo,
1840 1993 1927 2035 hoc

298 2081 382 2124 est,
409 2073 564 2115 diuino
587 2073 773 2126 lumine,
799 2074 1032 2130 effulgeat.

387 2151 585 2192 Vtantur
608 2150 917 2203 deuotissime,
949 2165 1001 2194 ac
1030 2150 1096 2193 uti
1128 2150 1241 2193 alios
1269 2151 1462 2193 doceant
1493 2148 1544 2204 (si
1573 2147 1682 2191 alias
1712 2145 1927 2202 unquam)

368 2310 383 2325 ι·
434 2299 507 2334 Ms.
526 2302 573 2334 et.

369 2437 378 2454 ¹
430 2436 486 2470 Ex
507 2437 727 2482 apographo
742 2447 902 2481 coaeVO,
918 2435 957 2471 in
971 2435 1106 2471 codice
1120 2435 1311 2472 Instruct.
1329 2435 1362 2476 I,
1379 2445 1447 2469 sex
1463 2433 1580 2478 foliis,
1605 2430 1753 2477 127-131
1771 2429 1929 2475 (13-17).

297 2493 550 2529 Vindobonae
570 2496 667 2530 hanc
687 2494 983 2530 instructionem
1001 2505 1022 2529 a
1041 2493 1170 2529 Natali
1187 2493 1315 2529 datam
1335 2491 1472 2538 fuisse,
1489 2503 1537 2527 ex
1557 2490 1678 2538 ipsius
1699 2490 1812 2525 titulo
1830 2488 1931 2524 erui-

296 2559 370 2588 tur.
390 2554 447 2588 De
468 2559 640 2600 tempore
660 2566 736 2589 non
754 2560 921 2601 constat,
938 2565 1026 2589 nam
1041 2553 1296 2588 Vindobonae
1313 2557 1371 2587 ter
1385 2551 1563 2586 Natalem
1579 2550 1821 2585 diversatum
1837 2547 1931 2583 fuis-

297 2623 339 2646 se
358 2623 405 2646 ex
426 2613 547 2659 ipsius
567 2613 708 2648 litteris
727 2614 886 2658 scimus,
905 2612 1018 2648 annis
1042 2613 1193 2648 scilicet
1215 2619 1318 2657 1555,
1341 2610 1429 2656 1562
1456 2615 1495 2645 et
1517 2609 1619 2654 1566.

367 2671 408 2706 In
427 2683 593 2718 quanam
621 2684 713 2707 vero
739 2684 787 2708 ex
811 2672 918 2708 hisce
944 2671 1070 2707 tribus
1099 2670 1396 2708 lustrationibus
1425 2681 1471 2705 ea
1502 2668 1648 2704 monita
1673 2667 1760 2703 data
1785 2666 1930 2702 fuerint

300 2730 535 2774 ignoramus.

368 2794 380 2810 ·-’
433 2789 474 2824 Id
494 2795 566 2834 est,
597 2790 680 2825 illas
705 2791 875 2835 regulas,
900 2790 1041 2837 quibus
1066 2790 1130 2825 hic
1154 2789 1291 2825 titulus
1316 2786 1532 2823 incribitur:
1562 2787 1760 2832 «Regulae
1784 2785 1931 2832 aliquot

301 2848 530 2894 servandae,
551 2855 592 2884 ut
609 2861 698 2884 cum
718 2849 930 2884 orthodoxa
949 2849 1124 2885 Ecclesia
1142 2847 1396 2884 sentiamus.»

370 2907 382 2924 ·”·
434 2907 622 2953 Epistola,
642 2907 840 2951 videlicet,
855 2908 903 2943 de
919 2907 1068 2943 ratione
1083 2906 1251 2942 tenenda
1266 2906 1305 2942 in
1318 2904 1588 2941 conversando
1601 2916 1689 2940 cum
1705 2901 1932 2946 haereticis,

297 2964 344 2998 ad
365 2977 430 2999 eos
451 2978 497 2999 ex
524 2966 719 3001 erroribus
747 2966 794 3001 ad
818 2966 1026 3002 veritatem
1051 2965 1311 3001 adducendos.
1346 2966 1447 3000 Data
1473 2963 1546 2999 fuit
1578 2963 1728 3008 Laini0‚
1758 2960 1928 3007 Matrito,

295 3022 357 3057 die
377 3033 397 3067 7
419 3025 543 3060 Martii
566 3026 668 3069 1546.
685 3025 747 3064 Cf.
771 3025 916 3061 Cartas
929 3038 954 3071 y
969 3029 1075 3061 otros
1088 3026 1249 3061 escritos
1261 3025 1325 3061 del
1345 3025 1394 3059 B.
1416 3024 1466 3059 Ρ.
1486 3024 1618 3059 Pedro
1638 3021 1828 3066 Fabro,1,
1845 3027 1931 3066 295.

370 3085 383 3104 ⁴
435 3092 454 3117 2
473 3084 580 3126 Tm„
604 3085 724 3128 11.17.
