2028 3426
357 261 423 298 140
827 251 980 287 Plu-ms
1007 252 1250 286 Hxssnoxvffl
1277 251 1339 286 NA
1347 259 1429 286 DAL

391 356 628 398 Postremo
650 355 799 396 miro-r
821 367 906 410 ego
928 353 1037 408 quid
1066 352 1281 395 acciderit
1304 352 1406 404 Bo„
1435 365 1575 406 quum
1603 364 1738 393 suum
1770 350 1927 394 dederi
1954 354 1957 357 ⁴

302 432 594 490 suffragium
631 432 770 473 Patri
806 430 1005 472 Polanco
1035 430 1083 471 in
1117 429 1324 471 electione
1349 428 1517 470 vicarii
1540 427 1792 485 generalis,
1814 427 1955 470 σκιὴν»

303 509 539 566 suffragio
561 513 601 550 et
622 509 819 550 aliorum
843 511 906 549 est
928 507 1087 548 electus
1109 506 1329 557 vicarius,
1352 519 1438 560 quo
1455 518 1536 547 ore
1551 505 1696 561 possit
1717 505 1842 547 illius
1859 519 1943 548 ctu³

302 586 500 628 ctoritati
521 586 762 641 derogare.
798 585 891 626 Tua
915 584 1195 637 anctoritate,
1218 586 1294 624 tua
1313 582 1538 624 sententia
1554 596 1607 623 ac
1623 582 1863 639 suffragio
1881 585 1945 626 est

302 663 460 705 electus
479 664 536 705 P.
566 664 747 717 Laynez
769 661 972 702 vicarius
995 660 1227 702 Societatis
1246 659 1501 716 generalis:
1521 673 1613 701 non
1624 663 1749 714 potes
1767 660 1946 716 negar'

305 741 405 782 Βο..·
423 744 498 781 tna
519 743 557 781 te
575 753 751 789 manus,
773 742 849 780 tua
867 737 1136 791 subscriptio
1153 739 1192 779 te
1209 737 1330 793 cogit
1347 750 1399 778 ac
1416 736 1674 792 redarguit,
1686 737 1728 778 si
1745 749 1885 793 neges
1899 743 1917 763 ⁸
1942 755 1945 758 <

393 817 528 871 Quod
557 823 719 870 quarto
748 816 850 857 loco
880 814 1004 864 citat,
1037 828 1120 856 nos
1153 813 1281 856 aliter
1309 812 1507 869 legimus
1529 812 1575 855 in
1609 812 1932 869 chirographo,

305 895 424 948 quod
453 901 498 936 et
527 908 607 935 nos
637 894 873 944 habemus,
905 898 949 935 et
980 891 1160 934 Patrem
1192 892 1274 933 Bo.
1300 889 1494 933 arbitror
1523 903 1615 933 non
1651 889 1834 934 uidisse:
1878 889 1952 933 siv

304 970 442 1027 igitur
465 969 719 1013 scribimus:
746 968 1043 1011 «Aduertimo
1060 970 1168 1024 pero
1186 982 1212 1010 a
1231 968 1332 1011 VV.
1355 966 1440 1011 SS.
1462 968 1569 1010 ΚΜ
1587 968 1672 1010 che
1690 968 1816 1011 dette
1834 980 1920 1010 con

305 1047 526 1090 stitutioni
550 1061 639 1089 non
664 1060 775 1088 sono
798 1052 985 1096 serrate,
1011 1045 1068 1088 ne
1091 1046 1246 1088 hanno
1267 1045 1296 1086 l’
1323 1043 1481 1087 ultima
1503 1058 1637 1087 mano
1655 1043 1712 1088 de
1735 1045 1777 1086 la
1799 1044 1943 1089 Com-.

309 1124 472 1180 pagnia
501 1127 556 1166 ¹.»
584 1125 711 1167 Haec
734 1137 845 1165 uero
868 1122 929 1165 ita
952 1121 1260 1166 intelleximus
1291 1129 1337 1165 et
1370 1122 1736 1178 interpretamur,
1763 1135 1866 1173 non¹
1883 1120 1949 1164 it
1983 1178 1986 1182 ἡ

307 1216 406 1245 esse
441 1201 678 1243 conclusas
702 1199 1066 1250 constitutiones,
1098 1214 1189 1241 non
1219 1199 1282 1242 ita
1310 1200 1478 1242 habere
1502 1198 1706 1241 ultimam
1737 1211 1941 1263 manum,¹

305 1278 412 1332 quin
431 1278 516 1320 illis
535 1278 578 1319 in
600 1276 960 1333 congregatione
977 1276 1179 1332 generali
1195 1291 1274 1332 per
1286 1275 1593 1332 praepositum
1610 1282 1656 1318 et
1668 1275 1900 1320 Societate
1948 1315 1950 1317 ,
1986 1262 1989 1267 ⁴

305 1355 406 1397 addi
429 1355 598 1409 aliquid
627 1354 782 1410 possit3
814 1356 900 1396 hoc
932 1362 1084 1397 tamen
1114 1353 1225 1396 nihil
1254 1361 1407 1399 mouet
1435 1367 1591 1396 earum
1621 1352 1899 1398 authoritate
1983 1401 1986 1406 ,

303 1433 448 1474 donec
471 1432 581 1473 illud
604 1432 698 1483 fiat3
725 1433 811 1473 hoc
834 1440 987 1474 autem
1009 1444 1093 1473 nos
1115 1431 1178 1472 ita
1208 1430 1485 1473 intellexisse
1514 1436 1709 1482 constat,
1736 1429 1918 1485 quando
1941 1455 1944 1460 ·

302 1508 481 1563 quidem
505 1508 566 1551 ita
588 1508 699 1551 dixit
723 1523 900 1563 semper
925 1509 976 1550 Ρ.
1005 1506 1225 1564 Ignatius,
1258 1507 1319 1550 ita
1350 1507 1664 1563 promulgatae
1693 1512 1801 1549 sunt
1832 1520 1942 1556 con·⁴
1976 1535 1985 1560 ¹,

301 1585 573 1637 stitutiones,
602 1593 651 1627 ut
674 1586 852 1641 plenam
877 1584 1199 1628 authoritatem
1224 1585 1462 1635 haberent,
1488 1585 1569 1628 sed
1591 1584 1760 1626 scirent
1783 1596 1943 1627 omnes

302 1662 386 1705 illis
408 1662 512 1704 addi
535 1676 682 1718 posse,
709 1676 799 1704 non
823 1663 968 1704 solum
987 1677 1012 1704 a
1032 1662 1185 1704 futura
1202 1660 1578 1718 congregatione,
1600 1660 1637 1703 si
1657 1659 1765 1715 quid
1783 1673 1840 1703 ex
1859 1675 1912 1704 us
1950 1711 1953 1713 Α

302 1753 450 1781 rerum
474 1739 800 1794 comperiretur
823 1739 1098 1788 addendum,
1124 1739 1203 1782 sed
1223 1753 1248 1780 a
1269 1739 1404 1782 Patre
1421 1737 1558 1782 etiam
1578 1737 1774 1793 Ignatio,
1796 1737 1941 1780 done

306 1815 494 1867 uiueret,
520 1831 620 1858 cum
644 1816 830 1858 consilio
853 1817 1070 1860 Patrum.
1098 1817 1193 1858 Nec
1217 1814 1379 1858 mirum
1402 1815 1439 1858 si
1468 1814 1530 1858 ita
1561 1813 1805 1866 habuerint
1834 1827 1920 1857 con
1939 1848 1943 1850 .

304 1892 559 1936 stitutiones
582 1900 780 1945 nostrae,
807 1893 1188 1948 quemadmodum
1212 1894 1300 1935 hoc
1326 1899 1528 1948 tempore
1545 1892 1684 1935 habet
1701 1891 1897 1934 conciliu
1945 1929 1947 1932 ,
1971 1922 1975 1929 .

307 1969 615 2021 tridentinum,
648 1978 693 2013 et
723 1969 983 2014 reformatio
1011 1969 1247 2023 ecclesiae,
1278 1971 1492 2012 inchoata
1521 1984 1601 2026 per
1628 1969 1760 2013 S.¹¹¹¹¹¹¹¹
1788 1967 1948 2012 Domi
1978 2003 1982 2017 ‚

306 2061 412 2088 num
436 2055 657 2099 nostrum,
685 2062 801 2102 quae
823 2047 999 2091 etiamsi
1022 2047 1226 2090 Vltimam
1249 2061 1434 2089 manum
1459 2060 1552 2090 non
1582 2047 1794 2098 habeant,
1827 2043 1922 2089 obti
1945 2071 1947 2075 ·
1971 2038 1981 2082 ³,

305 2131 414 2165 nent
437 2131 585 2166 tamen
611 2139 679 2175 ea,
706 2139 822 2179 quae
843 2126 1067 2168 hactenus
1085 2123 1234 2167 aedita
1256 2131 1379 2175 sunt,
1405 2124 1583 2180 plenam
1601 2123 1924 2167 authoritatem
1971 2138 1982 2179 '1

306 2214 396 2254 qua
419 2200 694 2252 huiusmodi,
720 2202 806 2243 sub
829 2201 1014 2244 arbitrio
1038 2208 1186 2245 tamen
1210 2214 1320 2243 suae
1341 2201 1612 2243 sanctitatis.
1643 2200 1783 2255 Quod
1806 2199 1890 2256 igit
1934 2222 1941 2235 ‹-
1972 2204 1977 2213 ²

305 2277 413 2320 citat
438 2279 488 2320 P.
526 2279 611 2320 Bo.
651 2285 695 2320 et
726 2292 814 2321 non
845 2278 1042 2322 diximus
1071 2292 1169 2330 nos,
1202 2285 1247 2323 et
1277 2278 1398 2333 quod
1431 2277 1627 2320 diximus
1657 2291 1816 2321 uerum
1846 2289 1944 2320 ess
1972 2266 1983 2337 :¹

306 2354 605 2397 ostendimus.
633 2356 769 2409 Quod
794 2370 903 2399 uero
926 2355 1050 2398 addit
1073 2370 1161 2398 non
1192 2370 1293 2400 esse
1321 2355 1366 2397 in
1398 2353 1691 2399 obseruantia
1720 2343 1938 2397 constitu⁴
1972 2354 1982 2418 ᾗ

305 2430 465 2482 tiones,
493 2445 549 2473 ne
571 2431 613 2473 id
639 2431 821 2486 quidem
843 2431 1057 2484 diximus,
1083 2433 1164 2476 sed
1187 2434 1277 2475 hoc
1300 2439 1433 2488 pacto
1456 2438 1525 2476 est
1547 2431 1593 2473 in
1616 2423 1945 2486 chirographo.

309 2508 391 2549 «Et
413 2507 546 2549 insin'
573 2508 732 2550 adesso
755 2508 830 2564 piu
854 2517 1006 2564 presto
1029 2509 1067 2552 si
1089 2523 1215 2552 semo
1238 2507 1477 2565 gouernati
1507 2522 1586 2564 per
1614 2508 1656 2550 la
1681 2507 1872 2550 formula
1905 2524 1916 2543 ι
1932 2492 1935 2496 Α
1961 2502 1985 2565 ᾖ

306 2591 460 2626 nostro
489 2583 713 2636 instituto,
745 2592 993 2628 contenuto
1022 2586 1141 2630 nelle
1169 2586 1303 2637 bolle,
1335 2592 1380 2630 et
1402 2599 1482 2641 per
1505 2586 1533 2627 l'
1559 2583 1816 2628 obedientia
1838 2582 1911 2627 del
1938 2569 1981 2625 1

307 2661 543 2716 superiori,
569 2669 613 2702 et
637 2661 798 2703 alcune
822 2663 976 2717 regole
998 2664 1086 2706 che
1103 2662 1181 2718 qui
1201 2677 1354 2706 uanno
1372 2662 1419 2704 in
1441 2661 1671 2705 italiana»
1693 2660 1815 2704 Hinc
1833 2657 1941 2702 nih·
1974 2640 1981 2674 ⁴

376 2860 391 2875 ³⁴
442 2849 543 2884 Tota
562 2850 657 2884 haec
677 2851 953 2896 paragraphus,
975 2851 1125 2886 Natalis
1144 2863 1260 2887 manu
1279 2852 1318 2887 in
1338 2850 1512 2897 margine
1536 2849 1666 2886 addita
1685 2854 1759 2885 est.
1781 2849 1826 2884 In
1851 2859 1893 2883 a
1907 2864 1915 2877 ·
1938 2899 1941 2903 ,
1960 2895 1962 2898 ‚

304 2907 450 2953 grapho
472 2913 562 2942 ante
588 2909 887 2954 praecedentem
913 2911 1195 2956 paragraphum
1221 2910 1347 2957 posita
1373 2916 1448 2952 est,
1468 2921 1548 2945 non
1569 2908 1728 2956 quidem
1753 2913 1882 2953 reete,
1915 2922 1919 2924 ·
1963 2951 1979 2962 ,¹

305 2966 402 3001 ratio
420 2966 598 3002 habenda
615 2967 665 3002 sit
685 2973 814 3013 notae,
833 2980 933 3014 quae
954 2969 1103 3004 Natalis
1125 2981 1239 3004 manu
1257 2970 1296 3005 in
1314 2971 1528 3016 archetypo
1546 2967 1691 3014 scripta
1709 2968 1887 3003 habetur.
1925 2969 1932 2975 ”
1970 2980 1979 2995 1

377 3061 384 3080 ¹
438 3061 545 3096 Haec
566 3062 685 3096 verba
704 3073 751 3096 ex
774 3069 1022 3098 monumento
1041 3064 1114 3098 sub
1133 3075 1171 3098 n.
1198 3072 1239 3098 10
1258 3062 1434 3098 exhibito
1452 3062 1682 3109 deprompta
1701 3067 1804 3097 sunt.
