2028 3426
497 204 851 237 ADHORTATloNIS
876 202 952 236 6.ae
979 203 1299 246 EXCERPTA—07
1605 202 1673 247 655

94 321 172 361 per
194 320 275 347 vos
297 306 456 348 efficax
479 304 538 346 sit
559 304 656 347 eius
678 304 885 366 verbum;
912 304 1033 358 quod
1055 317 1196 357 quum
1225 302 1283 344 sit
1310 304 1445 358 plane
1474 303 1716 356 infinitum,

87 382 290 425 ⁴diuinam
308 381 447 423 habet
464 379 762 430 maiestatem,
782 378 1072 430 suauitatem,
1093 378 1324 430 virtutem,
1345 380 1715 423 consolationem.

181 459 272 502 Sed
294 457 461 512 quibus
482 456 645 499 studiis
666 456 897 498 literarum
920 456 1028 498 dare
1050 469 1233 509 operam
1262 456 1398 497 debet
1427 464 1581 499 noster
1610 471 1719 499 con—

95 536 319 578 cionator?
356 535 618 587 Antequam
655 534 742 574 hoc
780 531 944 585 dicam,
985 530 1138 574 audite
1171 524 1455 573 traditionem
1491 547 1546 575 ex
1588 535 1719 575 Patre

95 612 285 668 Ignatio.
312 611 497 655 Sciebat
519 610 588 651 vir
610 609 684 652 ille
705 608 886 664 sapiens
907 608 1134 651 excellens
1157 621 1256 651 esse
1278 608 1576 651 ministerium
1595 624 1718 664 prae-

92 689 271 731 dicandi
293 688 483 731 verbum
506 686 592 729 Dei
614 686 660 728 in
690 685 899 736 ecclesia,
927 692 1022 727 tum
1049 683 1096 726 in
1125 684 1353 728 Societate
1376 684 1421 726 in
1454 684 1609 739 primis
1638 701 1718 729 ne—

92 765 337 808 cessarium
354 772 399 808 et
421 764 545 805 vtile.
572 764 688 805 Nam
706 776 846 817 quum
870 768 1026 803 noster
1047 761 1106 803 sit
1128 761 1232 802 finis
1253 768 1302 802 vt
1323 760 1573 803 animarum
1597 763 1717 804 salu-

91 850 180 885 tem
197 851 242 885 et
264 840 589 896 perfectionem
614 852 924 894 procuremus,
951 838 1076 880 nulla
1100 837 1168 879 vis
1202 837 1343 879 maior
1366 839 1423 879 ad
1450 839 1538 880 hoc
1566 839 1718 881 admo-

91 918 186 962 ueri
204 926 367 974 potest,
382 931 517 972 quam
536 915 806 958 concionum
825 914 861 957 si
879 915 1034 957 demas
1051 922 1068 938 ³
1081 923 1382 965 sacramenta,
1404 928 1522 969 quae
1535 929 1590 957 ex
1608 929 1717 970 ope-

91 1009 138 1037 re
166 1002 351 1050 operato
379 995 442 1049 (vt
473 994 724 1047 loquuntur
753 991 967 1046 theologi)
1001 998 1109 1033 sunt
1141 990 1359 1033 efficacia.
1406 990 1457 1033 In
1486 991 1572 1033 illis
1600 991 1717 1034 enim

91 1085 224 1114 omne
245 1069 543 1113 ministerium
582 1068 709 1112 verbi
745 1068 831 1112 Dei
869 1067 1148 1118 continetur,
1183 1067 1393 1119 docendi,
1431 1069 1714 1117 exhortandi,

93 1148 322 1198 mouendi,
348 1147 542 1189 affectus
564 1160 722 1189 omnes
751 1159 855 1187 cum
883 1144 1006 1187 omni
1040 1143 1261 1186 industria
1292 1152 1343 1201 et·
1364 1144 1548 1199 spiritus
1578 1146 1717 1189 vehe—

93 1224 278 1267 mentia:
301 1225 404 1266 fons
421 1223 466 1265 in
485 1223 554 1265 his
571 1222 771 1278 aperitur
788 1221 1046 1264 diuinarum
1063 1220 1389 1276 scripturarum
1408 1229 1454 1263 et
1470 1221 1718 1277 sapientiae

95 1310 139 1345 et
157 1300 375 1344 scientiae
391 1300 492 1344 Dei.
515 1301 643 1343 Haec
660 1299 804 1355 igitur
826 1313 964 1353 quum
981 1297 1119 1340 sciret
1144 1299 1195 1340 P.
1222 1297 1426 1353 Ignatius
1448 1306 1494 1341 et
1515 1299 1716 1350 doceret,

93 1378 204 1419 illud
237 1377 572 1433 praescribebat
600 1376 769 1418 nullam
798 1383 939 1418 artem
979 1374 1226 1427 liberalem,
1258 1375 1427 1416 nullam
1464 1374 1715 1426 scientiam,

90 1469 204 1509 quae
233 1455 399 1497 afferre
426 1453 596 1508 aliquid
624 1453 829 1495 Vtilitatis
866 1453 923 1494 ad
960 1452 1208 1494 ornandam
1245 1451 1509 1493 concionem
1546 1459 1714 1506 posset,

89 1545 186 1575 esse
218 1546 244 1573 a
271 1531 438 1573 nostris
466 1529 862 1572 concionatoribus
895 1528 1186 1584 negligenda.
1222 1527 1393 1569 Audiui
1432 1542 1534 1583 ego,
1577 1542 1716 1582 quum

93 1609 275 1663 quidam
307 1608 431 1649 illum
459 1607 718 1649 consuleret
755 1621 810 1648 an
840 1606 1074 1648 Ciceronis
1104 1605 1330 1648 orationes
1358 1605 1633 1660 legerentur,
1666 1612 1715 1645 vt

91 1685 195 1728 inde
218 1685 386 1739 aliquid
403 1683 593 1726 subsidii
613 1684 670 1725 ad
688 1683 936 1726 conciones
953 1696 1214 1737 comparare
1236 1689 1404 1737 posset,
1431 1681 1715 1736 respondisse

91 1762 287 1804 Patrem:
314 1775 461 1816 posse.
484 1760 604 1802 Hinc
622 1760 732 1802 illud
751 1767 981 1815 praeterea
1003 1767 1072 1802 est
1092 1761 1213 1814 quod
1236 1766 1409 1799 tantam
1433 1757 1713 1813 diligentiam
1763 1752 1768 1755 ¹

88 1847 135 1882 et
158 1837 527 1882 exercitationem
551 1838 608 1879 ad
629 1836 874 1879 conciones
896 1835 1198 1878 adhibendam
1223 1835 1451 1878 curauerit
1485 1844 1620 1889 atque
1642 1833 1714 1876 in-

92 1915 304 1967 stituerit3
332 1914 439 1956 hinc
460 1915 581 1969 quod
592 1913 649 1955 ‘in
678 1912 1079 1955 constitutionibus
1111 1919 1319 1954 accurate
1341 1912 1397 1954 de
1420 1911 1713 1953 concionato-

87 2007 187 2033 rum
226 1991 566 2047 praeparatione
598 1989 845 2042 tradiderit3
877 1990 983 2031 hinc
1021 1989 1142 2043 quod
1182 1997 1313 2030 tonos
1352 1989 1480 2045 (quos
1507 1987 1711 2041 dicimus)

89 2067 351 2120 instituerit,
378 2068 455 2123 qui
485 2067 678 2109 attinent
709 2067 765 2110 ad
793 2066 1018 2108 actionem
1056 2074 1100 2108 et
1138 2063 1565 2120 pronuntiationem,
1597 2078 1713 2118 quae

87 2159 167 2200 pro
190 2145 408 2188 varietate
431 2144 668 2186 nationum
692 2143 871 2185 diuersa
892 2150 976 2193 est,
1002 2157 1060 2186 ne
1091 2141 1191 2196 quis
1214 2143 1382 2192 credat,
1409 2141 1599 2196 qualiter
1622 2141 1713 2182 Ro-

92 2235 193 2265 mae
216 2221 309 2263 toni
332 2236 358 2264 a
380 2221 546 2263 nostris
573 2221 705 2271 fiunt,
731 2219 793 2262 ita
820 2219 865 2261 in
894 2219 1103 2261 omnibus
1132 2218 1376 2274 prouinciis
1404 2217 1501 2260 fieri
1528 2218 1712 2262 debere.

176 2298 347 2340 Eodem
369 2304 576 2352 spectant
599 2306 688 2338 tam
713 2296 973 2351 frequentes
995 2295 1236 2337 conciones
1264 2295 1310 2335 in
1339 2293 1588 2337 refectoriis
1618 2293 1710 2334 col-

89 2373 310 2429 legiorum
329 2382 373 2417 et
395 2375 614 2416 domuum
632 2371 926 2427 probationis.
947 2372 1062 2413 Illud
1085 2371 1190 2413 item
1209 2370 1494 2413 meminimus
1511 2370 1711 2411 voluisse

87 2452 139 2492 P.
158 2450 402 2505 Ignatium,
423 2458 488 2502 vt,
504 2449 580 2504 qui
598 2449 766 2503 aliquid
784 2448 1010 2491 facultatis
1028 2448 1360 2503 pollicebantur
1378 2448 1433 2488 ad
1451 2447 1707 2499 conciones,

86 2534 135 2568 vt
168 2528 226 2569 ad
257 2527 410 2569 ruinas
432 2526 530 2569 illas
560 2525 780 2568 immanes
808 2524 1020 2578 antiquae
1051 2526 1221 2567 Rornae
1258 2537 1418 2564 vocem
1450 2531 1711 2565 exercerent

46 2603 49 2611 ¹
88 2611 132 2645 et
154 2604 396 2654 actionem,
422 2602 636 2645 adhibitis
665 2600 1047 2644 obseruatoribus.
1082 2602 1189 2642 Huc
1222 2599 1484 2655 praesertim
1519 2598 1710 2640 contulit

86 2680 236 2722 omnia
257 2680 407 2721 studia
427 2679 640 2731 literaria,
661 2686 796 2733 atque
818 2677 954 2719 etiam
972 2684 1182 2718 accurate
1201 2676 1372 2718 solebat
1390 2675 1708 2717 commendare

88 2755 286 2798 studium
316 2742 638 2797 humaniorum
660 2755 888 2797 literarum
926 2760 972 2796 et
1000 2752 1198 2808 phrasim
1232 2751 1450 2793 eruditam
1490 2750 1708 2792 sermonis

87 2831 302 2887 vulgaris.
339 2833 406 2874 Ex
433 2831 503 2873 his
534 2833 584 2874 P.
618 2830 781 2886 Ignatii
810 2828 1126 2872 traditionibus
1155 2828 1263 2870 satis
1294 2834 1469 2868 constat
1499 2826 1541 2867 in
1567 2841 1708 2880 quae-

157 3007 174 3022 ²²
222 2995 400 3033 Obscure
419 3002 632 3032 exaratum.
