2028 3426
370 241 442 275 610
845 240 998 274 PATms
1025 239 1269 274 Hmnommx
1295 238 1446 274 NADAL

325 342 681 397 exequutionem
712 356 885 392 eorum,
912 355 991 397 per
1019 355 1136 396 quae
1173 354 1223 383 se
1261 347 1388 396 parat
1420 340 1477 382 ad
1514 340 1691 384 edenda
1729 337 1962 395 religionis

326 426 431 462 vota
453 419 670 462 nouitius.
699 419 786 462 Vbi
810 433 918 461 vero
941 418 1034 461 edit
1057 426 1162 461 vota
1190 416 1428 473 simplicia,
1454 431 1545 460 non
1574 417 1720 460 solum
1750 414 1960 461 executio

325 504 537 540 censetur
566 503 859 546 commutata,
886 496 966 538 sed
994 503 1151 538 votum
1181 495 1315 539 etiam
1353 494 1400 537 in
1429 502 1603 547 votum,
1630 495 1752 550 quod
1783 494 1960 541 etiarnsi

326 588 416 617 non
440 574 498 617 sit
521 575 724 625 solenne,
751 580 820 615 est
843 580 994 617 tamen
1018 579 1289 628 perpetuum
1328 587 1385 616 ex
1414 579 1542 628 parte
1565 572 1794 625 vouentis,
1821 580 1867 617 et
1896 574 1961 617 sic
2012 588 2028 610 ,-

326 651 434 694 satis
463 652 514 693 fit
552 650 687 706 capiti
726 650 1006 705 scripturae,
1036 657 1180 693 extra.
1215 650 1287 692 De
1323 652 1420 691 voto
1448 653 1489 691 et
1520 650 1608 691 voti
1644 650 1964 706 redemptione;

2000 345 2022 383 Ξῖ

2003 386 2022 401 .,

327 728 589 783 praesertim
615 741 754 782 quum
780 727 913 782 plane
942 726 1126 782 impleat
1158 736 1316 769 votum
1350 725 1600 781 religionis,
1625 725 1702 781 qui
1734 726 1780 769 in
1804 727 1963 772 Socie-
2006 747 2014 765 τ

328 813 462 848 tatem
486 804 739 847 admittitur
762 811 806 848 et
824 804 1061 847 retinetur.
1087 804 1145 846 Et
1163 810 1314 846 tamen
1332 802 1490 855 nostri,
1511 802 1549 847 si
1572 807 1659 849 648
1676 804 1965 848 soluerentur
2006 820 2013 830 ’

327 883 459 934 votis,
486 880 673 925 redituri
697 888 849 924 essent
878 881 935 923 ad
965 880 1164 937 priorum
1203 887 1414 923 votorum
1453 880 1797 936 obligationem.
1831 882 1965 936 Quae
2010 868 2012 870 V

327 974 434 1001 vero
457 966 564 1000 sunt
587 965 693 1001 vota
715 957 1043 1002 determinatae
1066 957 1314 1013 religionis,
1335 972 1388 1000 ea
1411 971 1501 1000 non
1520 957 1817 1018 intelligimus
1839 972 1966 1001 com-

327 1036 505 1087 mutari,
532 1036 612 1079 sed
636 1036 836 1078 solemus
858 1037 1082 1078 hactenus
1111 1034 1280 1086 videre,
1307 1034 1344 1078 si
1374 1048 1429 1077 ex
1459 1035 1620 1077 merito
1649 1049 1871 1090 personae
1898 1035 1964 1077 vi-

325 1115 485 1156 deatur
503 1127 640 1156 causa
663 1127 778 1164 esse,
801 1119 1075 1168 quapropter
1093 1113 1326 1164 facultate,
1348 1126 1483 1167 quam
1503 1111 1762 1168 accepimus
1779 1112 1965 1168 dispen-

326 1190 470 1242 sandi,
496 1196 676 1231 vtamur
699 1189 742 1231 in
767 1189 854 1242 his,
880 1188 916 1232 si
943 1196 1093 1233 tamen
1117 1188 1321 1232 habitum
1352 1189 1528 1231 nullum
1553 1188 1785 1244 religionis
1808 1189 1966 1234 indue-

326 1275 446 1319 runt;
474 1281 577 1309 nam
602 1266 640 1309 si
661 1266 934 1318 induissent,
960 1281 1033 1310 res
1057 1265 1194 1310 fuerit
1222 1265 1462 1318 difficilior,
1488 1273 1534 1309 et
1558 1280 1680 1308 noua
1709 1273 1830 1310 esset
1852 1281 1968 1322 opus

327 1343 683 1400 dispensatione.

416 1421 612 1465 Professi
637 1429 682 1464 et
704 1421 990 1464 coadiutores
1013 1421 1194 1463 formati
1217 1435 1307 1464 non
1330 1428 1554 1465 renouant
1576 1428 1696 1463 vota.

413 1498 507 1553 Qui
526 1487 728 1550 student,
750 1505 795 1542 et
819 1506 923 1541 actu
947 1498 1108 1541 nouitii
1132 1513 1223 1541 non
1240 1505 1364 1550 sunt,
1385 1499 1673 1542 renouabunt
1692 1497 1761 1540 bis
1781 1497 1826 1539 in
1848 1512 1968 1540 anno

326 1583 446 1618 vota:
485 1577 542 1618 ad
575 1575 859 1618 natiuitatem
894 1582 939 1618 et
970 1576 1135 1619 festum
1161 1577 1217 1618 D.
1244 1575 1449 1632 Joannis.
1484 1574 1579 1617 Erit
1609 1582 1762 1618 autem
1795 1588 1965 1618 conue-

325 1653 454 1695 niens
472 1660 519 1695 vt
537 1653 582 1695 id
599 1654 677 1695 fiat
696 1652 768 1696 die
786 1653 1145 1696 circumcisionis
1162 1661 1207 1696 et
1225 1653 1297 1697 die
1315 1654 1364 1697 S.
1387 1652 1509 1695 Petri
1533 1660 1578 1697 et
1596 1652 1725 1701 Pauli
1749 1651 1795 1694 in
1809 1651 1965 1709 Junio.

326 1732 459 1781 Nam,
497 1744 637 1785 quum
667 1731 758 1773 sint
785 1730 1095 1775 confessiones
1125 1730 1346 1786 agendae,
1373 1730 1487 1773 ratio
1520 1729 1627 1774 item
1659 1729 1980 1773 conscientiae

326 1807 569 1862 aperienda
591 1809 660 1850 6.0
685 1822 867 1863 quoque
890 1823 1062 1859 mense,
1090 1808 1270 1852 videtur
1292 1822 1395 1850 curn
1421 1807 1632 1850 instituto
1655 1805 1968 1859 coniunctum,

324 1892 371 1926 vt
391 1891 499 1926 tunc
522 1886 599 1927 fiat
624 1894 843 1928 votorum,
858 1886 1110 1929 renouatio.
1137 1885 1271 1929 Adde
1294 1884 1690 1935 consuetudinem,
1727 1889 1812 1931 649
1835 1883 1971 1927 etiam

328 1962 511 2006 viuente
531 1963 584 2005 P.
602 1962 794 2018 Ignatio,
811 1970 854 2004 et
873 1977 966 2005 non
983 1970 1053 2006 est
1069 1962 1254 2005 difficile
1271 1960 1967 2018 interpretari*constitutionem,

329 2053 462 2093 quam
503 2040 765 2083 facultatem
795 2040 871 2082 det
909 2039 1154 2083 declaratio
1193 2039 1462 2091 rectoribus,
1497 2046 1615 2090 etc.,
1652 2038 1727 2082 illa
1761 2045 1972 2093 tempora

330 2116 533 2157 mutandi
557 2116 602 2157 in
622 2116 880 2171 particulari
903 2116 1053 2172 aliqua
1075 2131 1227 2159 causa:
1253 2116 1373 2158 vnde
1392 2115 1582 2171 intelligi
1601 2122 1750 2171 potest
1767 2113 1971 2171 generali

330 2192 587 2247 praeposito
622 2192 761 2236 licere
794 2209 850 2237 ex
886 2193 1132 2237 vniuersali
1161 2207 1298 2236 causa
1322 2192 1637 2235 vniuersaliter
1665 2190 1968 2248 interpretari,

329 2270 487 2311 saltem
508 2270 653 2313 donec
677 2271 940 2312 consulatur
963 2270 1190 2326 generalis
1211 2269 1527 2326 congregatio,
1554 2283 1643 2324 qua
1661 2270 1718 2312 de
1741 2284 1789 2312 re
1807 2268 1972 2311 dicitur

329 2346 373 2387 in
413 2346 611 2390 Scholiis
655 2349 681 2388 ¹.
730 2346 805 2390 Sic
847 2355 916 2389 est
959 2349 1253 2403 interpretata
1292 2347 1360 2389 2.⁸
1405 2346 1630 2401 generalis
1669 2344 1971 2401 congregatio

331 2431 489 2478 postea
508 2432 525 2447 «Ἰ
548 2426 581 2465 ².
606 2425 911 2466 Renouabunt
929 2424 1033 2467 item
1053 2431 1158 2466 vota
1177 2424 1246 2466 bis
1264 2423 1309 2466 in
1327 2438 1463 2475 anno,
1484 2423 1560 2479 qui
1579 2423 1739 2466 nouitii
1757 2436 1847 2465 non
1866 2429 1972 2464 sunt

331 2514 414 2543 nec
438 2500 626 2556 professi
653 2501 722 2543 vel
747 2500 1032 2544 coadiutores
1057 2501 1250 2544 formati.

421 2577 615 2633 Reliqui,
641 2578 717 2633 qui
740 2584 846 2620 vota
868 2578 1125 2630 habuerint,
1152 2585 1197 2622 et
1219 2585 1323 2621 actu
1347 2577 1506 2621 nouitii
1530 2585 1636 2620 sunt
1659 2579 1781 2634 (sunt
1813 2583 1967 2620 autem

331 2661 436 2696 actu
471 2655 647 2706 nouitii,
674 2654 751 2709 qui
784 2670 874 2697 non
897 2663 1149 2710 exegerunt
1181 2655 1414 2699 biennium
1448 2655 1492 2697 in
1527 2655 1756 2699 Societate
1789 2654 1860 2696 vel
1894 2652 1970 2708 qui

403 2785 420 2801 a
469 2782 490 2817 7
511 2774 630 2809 verba
650 2772 940 2819 praecedentia,
960 2773 1090 2808 addita
1109 2785 1130 2807 a
1149 2773 1239 2809 Nat.
1261 2773 1298 2808 in
1327 2772 1421 2811 Cod,
1458 2774 1582 2808 Vatic.
1613 2783 1628 2817 3
1655 2778 1742 2819 post
1767 2781 1851 2806 2‚am
1880 2782 1971 2806 con-

330 2833 618 2879 gregafflonem,
648 2833 687 2867 in
714 2833 787 2867 hoc
814 2832 948 2867 codice
974 2833 1168 2867 habentur
1198 2833 1312 2878 paulo
1344 2832 1537 2878 superius,
1559 2832 1660 2867 inter
1691 2832 1811 2866 verba
1842 2841 1965 2876 quam

324 2891 588 2936 facultatem;
607 2890 677 2926 sed
696 2890 810 2936 signo
829 2896 963 2937 postea
983 2902 1003 2925 a
1022 2891 1113 2925 Nat.
1135 2897 1265 2926 notata
1285 2896 1389 2937 sunt,
1407 2897 1448 2926 ut
1467 2890 1506 2925 in
1525 2892 1598 2925 hoc
1617 2892 1702 2925 loco
1716 2893 1968 2936 ponerentur.

409 2996 415 3013 ¹
470 2992 569 3027 Vide
591 2992 814 3036 NATALEM,
833 2991 993 3027 Scholia
1012 2991 1054 3025 in
1074 2991 1371 3026 constitutiones
1389 2994 1424 3026 et
1443 2991 1748 3032 declarationes,
1770 3001 1858 3037 pag.
1878 2988 1966 3033 324·

408 3056 419 3072 ²
473 3053 589 3087 Decr.
609 3052 673 3095 64.
