2028 3426
77 0 100 15 'a
149 0 194 22 x..

18 120 46 158 τω

681 260 860 296 NOTITIA
887 268 1076 296 comeum
1602 262 1646 297 33

19 369 21 373 “
68 366 204 405 ultima
222 365 314 401 folia
334 365 439 401 sexti
459 364 746 411 quaternionis,
767 363 906 410 implet
923 367 1032 399 totos
1052 362 1340 409 quaterniones
1364 373 1399 411 7,
1428 363 1463 408 8,
1483 373 1520 409 9,
1547 370 1586 400 et
1613 365 1693 401 fere

67 441 194 475 totum
219 445 277 481 10;
297 435 349 471 66
368 434 462 471 folia
481 434 633 471 scilicet
651 433 771 481 plena
791 438 832 470 et
849 445 872 470 a
893 433 1025 469 Natali
1041 437 1220 470 exarata.
1242 433 1288 468 In
1308 434 1383 470 hac
1405 434 1526 482 longa
1547 435 1692 471 adhor—

49 500 216 558 'tatione
231 506 484 553 explicantur
499 505 562 541 illa
577 503 702 541 verba
717 503 912 540 formulae
928 504 1095 540 instituti
1116 503 1340 549 societatis,
1356 504 1395 540 in
1416 504 1564 550 quibus
1584 506 1693 541 varia

35 605 45 610 -
67 577 294 622 ministeria,
315 588 338 613 a
358 576 478 613 sociis
499 575 702 621 obeunda,
723 577 995 611 recensentur.
1017 575 1079 610 De
1107 574 1316 622 multiplici
1337 575 1451 612 verbi
1478 575 1553 611 Dei
1580 577 1694 611 mini—

67 649 185 701 sterio
202 659 248 685 ac
263 647 314 684 de
328 647 482 684 ratione
496 647 730 694 praesertim
744 646 1014 683 concionandi
1032 646 1071 681 in
1081 645 1283 682 Societate
1298 646 1488 691 tenenda,
1501 647 1553 682 de
1568 648 1691 683 modo

28 727 35 743 2
67 719 295 757 instituendi
315 718 448 755 bonos
469 718 777 755 concionatores
799 718 1001 765 sapienter
1022 722 1062 753 et
1082 717 1237 753 erudite
1253 717 1418 764 quidem
1439 717 1599 754 disserit
1614 718 1693 754 Na-

10 777 23 835 ]
66 791 165 836 talis,
179 790 375 838 pluraque
396 793 686 826 commemorat
706 789 756 824 ad
777 789 984 824 historiam
1004 788 1215 824 Societatis
1235 788 1358 824 utilia.
1382 789 1464 824 Ine.
1492 788 1694 834 «Vidistis,

66 862 214 906 fratres,
253 860 598 907 quemadmodum
635 860 817 896 Societas
856 860 895 895 in
934 859 1123 895 examine
1157 859 1280 895 finem
1319 859 1556 906 explicet...»
1595 845 1692 896 Des.

70 950 126 970 «...
146 931 384 977 mouendas,
404 931 648 979 dirigendas,
668 936 790 977 atque
810 930 1099 979 gubernandas
1119 930 1171 966 ad
1192 931 1386 966 maiorem
1406 931 1482 966 Dei
1504 931 1689 978 omnipo-

30 990 34 1053 ἶ
66 1003 183 1042 tentis
203 1003 382 1051 gloriam.
403 1001 570 1039 Amen.»

27 1118 30 1121 Δ
59 1062 62 1063 ⁷
143 1074 344 1122 Septimae
365 1073 658 1110 exhortationis
678 1077 759 1109 tres
777 1077 933 1108 tantum
948 1072 1143 1120 pagellae,
1161 1084 1330 1118 quarum
1349 1065 1464 1108 tertia
1485 1072 1694 1108 obliterata

24 1144 26 1146 ’
52 1146 148 1196 vfuit,
168 1145 367 1182 habentur
386 1145 425 1180 in
445 1145 525 1180 fi‘ne
546 1144 690 1180 decimi
712 1144 999 1191 quaternionis.
1016 1143 1078 1179 De
1100 1128 1433 1179 subordinatione
1454 1143 1693 1188 mediorum,

23 1214 35 1230 '¹
54 1195 116 1254 '‘ad
135 1217 257 1253 finem
277 1216 487 1253 Societatis
506 1215 827 1263 adipiscendum,
847 1220 1016 1251 tractare
1038 1215 1175 1262 incipit
1195 1215 1306 1250 hisce
1327 1213 1473 1250 verbis:
1522 1214 1584 1250 De
1611 1215 1691 1250 fine
1707 1214 1716 1221 '

25 1327 29 1330 ,
65 1288 273 1326 Societatis
290 1287 471 1332 audistis,
491 1285 643 1331 fratres,
664 1291 704 1322 et
724 1286 775 1322 de
796 1286 939 1322 mediis
960 1291 1000 1322 et
1018 1286 1095 1331 via,
1113 1297 1218 1331 quae
1234 1285 1285 1321 ad
1301 1285 1411 1321 illum
1427 1297 1501 1322 nos
1518 1286 1688 1322 ducit...»

35 1341 39 1348 Ἴ
64 1359 158 1396 Des.
184 1375 241 1396 α...
262 1359 313 1395 ad
335 1370 536 1395 summum
556 1358 665 1394 illum
684 1357 807 1393 finem
826 1357 962 1393 referri
983 1356 1194 1392 debeant.»
1226 1356 1288 1392 De
1317 1357 1378 1392 his
1399 1357 1690 1393 adhortationi-

38 1439 40 1444 ’
64 1431 139 1467 bus
159 1429 255 1466 illud
277 1429 681 1466 animadvertendum
701 1433 774 1473 est,
795 1433 835 1464 et
853 1432 1090 1476 argumenta
1110 1428 1148 1463 in
1170 1427 1243 1463 illis
1264 1428 1433 1476 digesta,
1448 1433 1488 1464 et
1508 1429 1690 1464 ordinem

64 1501 102 1538 in
123 1512 261 1537 eorum
280 1500 517 1536 tractatione
538 1504 741 1536 servatum
760 1499 921 1546 reperiri
943 1498 1024 1534 fere
1046 1499 1084 1534 in
1102 1499 1306 1546 excerptis
1322 1510 1344 1534 a
1365 1499 1404 1535 P.
1422 1499 1579 1535 Busaeo
1597 1500 1691 1535 scri—

6 1604 8 1607 .
65 1573 154 1622 ptis,
174 1583 278 1619 quae
298 1572 337 1608 in
360 1571 502 1608 codice
523 1569 689 1607 Miscell.
711 1570 758 1606 de
777 1569 904 1618 regul.
926 1569 965 1606 S.
989 1569 1044 1613 J„
1069 1582 1105 1606 n.
1131 1578 1163 1615 5,
1185 1571 1453 1606 continentur.

141 1644 235 1680 Post
254 1643 406 1679 Natalis
426 1643 744 1687 exhortationes,
767 1646 991 1688 sequuntur
1011 1646 1185 1687 quatuor
1204 1641 1298 1677 folia
1327 1641 1451 1677 nitide
1473 1640 1523 1676 ab
1551 1641 1690 1689 ignoto

26 1750 28 1753 ,
64 1715 221 1752 librario
242 1709 407 1751 exarata
428 1719 467 1750 et
487 1726 509 1750 a
530 1714 569 1750 P.
591 1713 766 1749 Polanco
787 1713 892 1749 notis
913 1713 953 1748 in
973 1712 1154 1760 margine
1176 1724 1198 1748 a
1225 1712 1406 1748 secundo
1435 1712 1530 1747 folio
1559 1717 1689 1757 aucta,

52 1785 132 1823 ,ubi
148 1786 356 1834 catalogus
376 1789 511 1821 exstat
530 1784 786 1833 negotiorum
805 1783 1120 1828 tractandorum,
1142 1795 1214 1830 pro
1234 1783 1313 1819 fine
1330 1783 1541 1819 Societatis
1559 1783 1688 1819 effica-

29 1857 147 1909 scius
167 1857 318 1903 ubique
339 1855 630 1904 attingendum.
652 1855 800 1901 Aliquo
820 1859 940 1902 pacto
961 1854 1012 1890 ad
1034 1854 1074 1890 P.
1093 1853 1279 1890 Natalem
1298 1855 1376 1890 hoc
1397 1854 1689 1890 documentum

64 1933 279 1976 spectasse,
301 1928 340 1963 in
362 1913 448 1975 ejus
469 1927 719 1975 autographa
741 1926 1001 1962 annotatione
1029 1925 1080 1961 ad
1108 1925 1260 1961 calcem
1287 1925 1413 1961 ultimi
1435 1924 1516 1961 folii
1546 1925 1688 1972 posita,

64 1999 270 2044 indicatur,
286 2010 390 2045 quae
407 1999 459 2034 ita
475 1997 608 2034 habet:
632 1996 889 2033 «Tractanda
909 1996 960 2032 ad
981 1996 1104 2032 finem
1120 1996 1369 2033 Societatis.»
1390 1996 1484 2043 Quo
1504 2001 1686 2043 tempore

38 2107 43 2112 ,
67 2070 256 2117 scriptum
276 2070 325 2106 sit
343 2070 422 2105 hoc
437 2068 741 2113 documentum,
756 2079 811 2104 ex
830 2067 951 2104 rebus
972 2067 1011 2102 in
1033 2067 1121 2114 ipso
1139 2067 1339 2103 contentis
1356 2067 1457 2103 forte
1474 2067 1556 2103 erui
1575 2071 1689 2114 pote-

66 2140 123 2178 rit.
144 2140 226 2178 Ine.
250 2140 318 2176 «In
338 2140 486 2188 primis,
514 2151 618 2186 quae
643 2139 844 2186 pertinent
863 2138 915 2174 ad
944 2139 1255 2174 conuersionem
1276 2138 1560 2175 infidelium...»
1594 2137 1689 2173 Des.

69 2212 170 2250 «...in
185 2212 396 2248 missarum
413 2211 615 2247 sacrificiis
632 2222 704 2246 eos
722 2210 944 2246 iuuarent.»

143 2283 249 2319 Huic
270 2282 516 2319 documento
537 2281 643 2318 aliud
660 2282 791 2327 etiam,
812 2281 965 2318 Natalis
981 2293 1103 2317 manu
1119 2286 1315 2326 notatum,
1332 2280 1527 2325 succedit,
1546 2279 1689 2315 decem

23 2388 45 2409 ⁷:
66 2354 165 2390 foliis
186 2359 387 2398 constans,
410 2355 473 2390 cui
493 2353 642 2390 titulus:
666 2353 839 2401 «Reglas
860 2352 912 2388 de
933 2352 993 2388 los
1015 2352 1247 2400 collegios.»
1270 2352 1422 2399 Natalis
1451 2352 1550 2387 haec
1578 2350 1694 2386 titulo

68 2425 231 2462 addidit:
261 2430 437 2472 «quanto
459 2425 482 2460 a
502 2425 560 2460 las
580 2424 737 2461 letras.»
761 2424 811 2460 Et
830 2424 869 2460 in
891 2423 1032 2470 quinto
1054 2423 1150 2459 folio
1171 2428 1282 2459 recto
1303 2423 1404 2464 haec
1426 2422 1551 2469 ipsius
1572 2433 1694 2457 manu

9 2503 38 2553 λ’·
69 2502 231 2533 exarata
251 2501 353 2533 sunt:
377 2496 550 2544 «Reglas
570 2501 722 2542 quanto
743 2495 765 2531 a
784 2495 842 2531 las
863 2494 1154 2531 costumbres.»
1183 2494 1256 2530 Est
1282 2494 1563 2542 apographum
1591 2492 1694 2527 illius

14 2589 39 2620 .‘
69 2567 311 2613 documenti,
331 2566 442 2614 quod
462 2567 502 2603 in
518 2567 608 2604 cod.
625 2565 766 2604 Natal.
787 2566 903 2602 instr.
926 2556 1068 2609 Lusscit„
1091 2564 1157 2601 fol.
1185 2565 1257 2600 106
1278 2570 1357 2601 2².st
1378 2576 1466 2605 ser..
1488 2563 1693 2610 reperitur.

69 2638 144 2675 Hic
163 2644 298 2676 tamen
319 2640 451 2686 aliqua
470 2643 634 2684 mutata,
655 2642 695 2674 et
714 2637 827 2685 plura
846 2647 1057 2684 perperam
1078 2636 1225 2682 scripta
1245 2635 1455 2671 habentur.
1483 2635 1694 2670 Variantes

22 2714 42 2754 g
61 2709 234 2758 alicujus
254 2711 447 2747 momenti
465 2694 539 2746 suo
560 2709 651 2745 loco
671 2712 873 2745 notantur.
894 2707 1064 2754 Insuper
1079 2707 1118 2742 in
1140 2706 1230 2743 cod.
1251 2706 1378 2742 Lusit.
1400 2706 1509 2753 prius
1536 2716 1693 2751 ponun-

69 2785 131 2817 tur
147 2781 310 2830 regulae
329 2781 380 2817 ad
401 2793 534 2818 mores
553 2781 812 2828 pertinentes;
833 2780 897 2816 hic
917 2790 1028 2824 vem,
1045 2778 1173 2826 primo
1190 2778 1280 2814 loco
1298 2777 1497 2813 habentur
1513 2787 1572 2816 ea,
1590 2786 1694 2821 quae

70 2850 120 2887 ad
137 2850 287 2888 litteras
308 2856 503 2899 spectant.
525 2850 607 2887 Inc.
630 2850 716 2886 «En
736 2849 797 2886 los
819 2849 1012 2897 collegios
1040 2859 1119 2895 que
1146 2848 1183 2884 la
1210 2846 1436 2894 Compafn'a
1462 2851 1570 2882 toma
1600 2845 1621 2880 a
1649 2856 1695 2880 su

70 2927 274 2969 assumpto,
295 2922 381 2959 solo
402 2922 453 2958 de
473 2921 555 2958 leer
573 2920 884 2958 humanidad...»
907 2920 1002 2956 Des.
1025 2918 1154 2956 «...del
1174 2919 1293 2954 timor
1317 2917 1438 2953 todos
1465 2927 1539 2951 nos
1567 2914 1694 2962 pode-

55 2994 156 3029 'mos
177 3005 246 3030 mu
256 2994 333 3029 cho
354 2993 530 3030 aiudar.»

148 3063 244 3100 Post
267 3064 427 3113 regulas
453 3064 641 3101 classium
667 3063 913 3108 inferiorum,
930 3062 1109 3108 sequitur
1137 3060 1416 3108 apographum
1452 3057 1694 3092 monitorum

251 3132 364 3161 Emsr.
388 3135 413 3161 Ρ
452 3133 585 3167 NADAL,
607 3139 686 3160 rom.
713 3132 777 3159 lV.
1506 3126 1523 3151 4
