2028 3426
318 217 387 262 256
787 219 941 254 PA‘rms
969 218 1211 253 H1ERONYMI
1238 216 1390 252 NADAL

269 319 454 368 iudicet,
481 333 588 362 num
612 334 722 362 vsus
745 319 862 362 illius
886 319 1070 373 regulae
1094 318 1149 361 sit
1168 317 1538 362 intermittendus
1556 320 1702 364 donec
1721 320 1905 376 plenum

269 396 327 439 sit
350 397 608 452 collegium.

357 474 417 516 Vt
444 481 592 516 tamen
617 474 808 529 paucula
838 473 1134 527 attingamus,
1165 485 1284 527 quae
1313 480 1525 515 constant
1553 473 1782 517 communi
1816 488 1902 518 usu

268 550 524 602 Societatis,
545 552 789 594 obseruent
809 550 989 605 regulas
1008 549 1226 591 orationis
1243 556 1288 593 et
1306 549 1581 601 examinum,
1603 551 1907 594 confiteantur

269 635 314 671 et
344 627 693 678 communicent,
728 627 803 681 qui
833 627 1092 670 sacerdotes
1123 640 1215 669 non
1249 634 1372 679 sunt,
1408 634 1572 670 octauo
1595 642 1779 683 quoque
1812 627 1900 672 die.

268 704 537 747 Sacerdotes
560 703 759 758 quotidie
783 704 1029 755 celebrent,
1055 703 1306 746 secundum
1336 703 1716 747 consuetudinem
1749 705 1905 749 Socie-

272 779 391 822 tatis.
424 781 659 823 Habeatur
687 779 941 822 exhortatio
970 779 1163 835 singulis
1185 779 1347 823 diebus
1375 780 1555 825 veneris
1577 795 1603 823 a
1627 782 1762 824 Patre
1783 782 1903 826 Gre-

270 857 414 912 gorio,
441 871 556 911 quae
579 857 686 899 satis
709 856 792 899 erit
815 856 851 899 si
874 857 1007 900 duret
1031 871 1109 912 per
1131 856 1361 900 dimidiam
1390 859 1545 900 horam
1568 859 1655 900 hoc
1680 866 1900 914 ternpore.

358 935 559 989 Legatur
592 935 647 975 ad
680 948 899 987 mensam,
935 935 1015 977 sed
1047 933 1124 985 ita,
1162 941 1209 975 vt
1238 933 1432 990 singulis
1464 934 1625 978 diebus
1657 934 1702 977 id
1735 935 1904 979 faciant

270 1023 444 1059 omnes,
472 1010 547 1065 qui
572 1011 724 1065 legere
748 1003 930 1062 noru‘nt,
958 1009 1093 1054 etiam
1115 1012 1386 1066 praefectus.
1414 1012 1552 1067 Quod
1581 1012 1618 1054 si
1641 1027 1784 1069 graue
1813 1014 1903 1056 hoc
1959 1063 1961 1065 ,

270 1086 412 1138 fieret,
438 1088 676 1129 consulant
699 1086 1042 1142 prouincialem.

357 1163 617 1207 Obseruent
641 1171 819 1220 tempus
838 1164 1014 1220 prandii
1032 1171 1078 1208 et
1095 1178 1282 1217 coenae,
1303 1165 1522 1221 surgendi
1540 1165 1674 1209 etiam
1695 1181 1747 1209 ac
1764 1167 1901 1210 eundi
1947 1179 1950 1184 ’

266 1240 321 1282 ad
345 1241 527 1292 lectum,
550 1241 763 1284 orationis
787 1256 837 1285 ac
860 1241 1134 1296 examinum,
1157 1242 1273 1285 sicut
1296 1241 1341 1284 in
1359 1243 1565 1299 collegiis
1587 1243 1683 1287 fieri
1707 1244 1837 1286 solet.

355 1317 454 1359 Fiat
491 1317 747 1362 benedictio
776 1333 960 1363 mensae
988 1326 1034 1362 et
1062 1318 1311 1375 gratiarum
1342 1319 1476 1373 actio,
1511 1327 1559 1362 vt
1587 1321 1702 1364 solet
1730 1321 1776 1363 in
1805 1322 1901 1364 col-

267 1394 414 1450 legiis.

354 1469 445 1514 Pro
469 1472 722 1516 defectibus
746 1473 934 1516 fratrum
963 1480 1009 1516 et
1039 1474 1225 1516 Patrum
1256 1472 1548 1529 imponantur
1576 1474 1898 1530 paenitentiae,

268 1556 317 1590 ut
339 1550 485 1592 solent
508 1557 706 1594 rectores
728 1549 976 1606 imponere.

355 1627 519 1669 Nullus
540 1627 674 1669 domo
697 1627 960 1683 egrediatur
982 1628 1154 1683 absque
1178 1628 1392 1672 facultate
1416 1635 1461 1672 et
1483 1627 1622 1683 socio,
1656 1642 1788 1684 quem
1819 1643 1899 1672 su-

266 1703 414 1758 perior
438 1703 705 1759 assignabit.
1180 1763 1182 1765 q

357 1781 492 1823 Nulla
530 1781 691 1824 mulier
729 1782 912 1825 domum
952 1781 1256 1838 ingrediatur,
1298 1796 1355 1824 ne
1393 1783 1448 1825 ad
1487 1789 1663 1838 portam
1708 1782 1902 1839 priorem

266 1856 465 1911 quidem.

352 1935 532 1978 Certam
557 1936 776 1980 rationem
807 1935 896 1979 cibi
926 1937 1177 1992 quotidiani
1214 1936 1426 1980 habeant.
1470 1937 1535 1980 Ea
1567 1937 1668 1990 erit,
1705 1951 1820 1993 quae
1855 1937 1899 1980 in

263 2012 466 2068 collegiis
490 2013 626 2056 huius
650 2013 912 2068 prouinciae
935 2015 1220 2066 obseruatur,
1247 2015 1302 2057 de
1326 2028 1415 2069 qua
1438 2013 1650 2069 Dilingae
1674 2014 1765 2057 cito
1787 2014 1900 2057 scri-

263 2089 411 2130 betur.

352 2167 505 2209 Cellae
531 2167 729 2210 uinariae
751 2174 795 2210 et
818 2181 939 2223 penu
962 2167 1136 2210 clauem
1160 2168 1325 2211 habeat
1348 2167 1553 2212 minister
1571 2168 1643 2210 uel
1662 2167 1900 2223 dispensa—

264 2248 346 2293 tor;
374 2257 455 2285 nec
481 2244 722 2299 quicquam
748 2244 841 2286 uini
868 2244 939 2287 uel
962 2244 1050 2287 cibi
1075 2244 1268 2287 alicuius
1291 2244 1366 2297 sit,
1391 2245 1513 2299 quod
1535 2259 1626 2287 non
1655 2245 1740 2287 sub
1770 2245 1899 2288 claue

262 2318 395 2361 vnius
418 2321 720 2364 custodiatur.

351 2397 440 2438 Pro
466 2399 600 2441 Patre
626 2399 888 2443 Balthasare
919 2401 927 2420 ¹
953 2399 1032 2442 fiat
1053 2398 1198 2442 simile
1222 2398 1483 2455 tentorium,
1509 2399 1641 2453 quale
1665 2412 1746 2454 pro
1764 2399 1899 2441 Patre

262 2472 480 2516 Ledesma
503 2475 516 2494 ‘²
543 2476 712 2518 factum
735 2476 820 2518 fuit
843 2476 887 2518 in
912 2478 1195 2532 hypocausto
1217 2475 1464 2531 superiore.

332 2609 339 2629 ¹
394 2610 520 2655 Hujus
540 2611 666 2646 Patris
684 2623 904 2658 cognomen
923 2618 1074 2648 tacetur
1093 2618 1175 2647 tum
1194 2612 1232 2647 in
1253 2612 1432 2657 catalogo
1453 2611 1658 2647 viennensi
1678 2611 1768 2646 anni
1790 2611 1896 2657 1560,

261 2668 325 2702 ubi
344 2668 486 2704 dicitur
506 2670 572 2708 «P.
594 2671 796 2706 Balthasar
815 2673 997 2717 bauarus‚
1017 2671 1212 2718 professor
1230 2671 1386 2718 linguae
1411 2682 1616 2717 graecae»,
1642 2676 1723 2706 tum
1751 2670 1790 2706 in
1816 2670 1897 2717 epi-

260 2729 358 2762 stola
378 2729 541 2772 Natalis,
566 2739 607 2774 14
628 2731 863 2766 Novembris
885 2733 975 2776 1566
994 2731 1096 2777 data,
1118 2731 1184 2766 ubi
1203 2732 1299 2766 haec
1317 2730 1366 2766 de
1385 2730 1450 2766 illo
1474 2730 1668 2766 dicuntur:
1696 2731 1896 2765 «Hauerno

260 2792 370 2831 posto
390 2787 428 2822 in
449 2789 627 2834 Augusta
646 2789 670 2824 il
691 2789 731 2827 Ρ.
754 2791 981 2826 Balthasaro
999 2792 1159 2836 bauaro,
1178 2790 1203 2826 il
1222 2791 1336 2837 quale
1355 2790 1376 2825 e
1401 2794 1503 2824 stato
1529 2791 1568 2824 in
1586 2789 1726 2834 praga,
1748 2789 1896 2835 Tyma-

260 2845 335 2886 uia,
356 2847 519 2890 Vienna,
542 2853 580 2882 et
599 2848 652 2882 mi
669 2848 852 2884 dimando
870 2850 937 2892 lui,
959 2855 998 2884 et
1016 2851 1183 2885 anchora
1199 2848 1318 2896 quelli
1344 2848 1472 2894 Padri,
1491 2849 1564 2884 che
1582 2849 1619 2883 lo
1647 2847 1895 2883 mandasemo

257 2915 277 2937 a
296 2911 432 2950 questa
453 2906 689 2951 prouincia.»
709 2907 771 2942 Cf.
793 2909 922 2954 Epist.
943 2910 992 2944 P.
1014 2909 1164 2950 Nadal,
1184 2908 1252 2952 111,
1270 2907 1354 2946 301.

329 2967 340 2984 ·-’
393 2964 432 3000 P.
451 2965 620 3008 Jacobus
639 2965 687 3000 de
708 2966 914 3011 Ledesma,
933 2967 982 3002 de
1001 2978 1077 3014 quo
1095 2967 1252 3014 saepius
1271 2967 1309 3003 in
1329 2966 1459 3014 Epist.
1480 2966 1528 3002 P.
1550 2966 1700 3007 Ναιίαἰ,
1721 2965 1784 3009 [Π;
1800 2965 1894 3000 etin

261 3022 438 3057 ilsonum.
462 3023 645 3071 Paedag.
