2028 3426
633 235 1060 273 INSTRUCTIONES—61
1540 233 1608 278 435

36 651 232 704 σῑηεηῃ
258 651 380 705 quod
402 649 440 692 si
461 649 632 702 iubeat,
652 649 821 692 debent
843 648 906 690 ini
928 629 1135 691 obedire)

127 727 376 772 Vocabitur
400 728 552 776 frater,
579 726 616 768 si
639 740 729 768 non
753 732 821 769 est
844 727 1069 769 sacerdos.

32 861 41 911 ἒ
75 894 78 901 ’
129 884 306 926 Horum
329 881 576 924 officiorum
599 888 697 923 esto
722 879 827 922 unio
849 887 895 922 et
917 879 1232 935 dependentia,
1256 878 1355 922 siue
1382 879 1663 921 subalterna-

34 957 121 1015 sio,
145 959 191 1002 in
220 960 417 1002 Domino
446 957 700 1000 firmissima
728 964 864 1011 atque
897 957 1195 1009 exactissima,
1235 956 1364 1011 quasi
1399 956 1665 1011 angelorum

36 1045 100 1080 t
120 1037 340 1092 quaedam
373 1035 643 1085 hierarchia,
678 1048 766 1089 qua
797 1023 1032 1077 inferiores
1064 1040 1109 1077 et
1140 1041 1394 1089 purgentur
1425 1040 1470 1075 et
1502 1032 1666 1075 illumi-

37 1121 208 1160 ‹Ji-entur
231 1121 278 1156 et
299 1113 590 1168 perficiantur
612 1127 638 1154 a
660 1110 981 1166 superioribus,
1006 1110 1052 1152 hi
1074 1125 1100 1152 a
1122 1109 1401 1165 prouinciali,
1432 1108 1508 1152 hic
1537 1124 1563 1152 a
1585 1124 1668 1165 ge-

37 1191 200 1243 erali‚
225 1190 298 1233 hic
322 1190 427 1233 item
452 1204 479 1231 a
501 1203 678 1232 summo
701 1187 930 1244 pontifice,
957 1195 1002 1231 et
1025 1203 1050 1230 a
1073 1187 1254 1230 Christo
1281 1189 1397 1230 Iesu.

62 1403 64 1406 ᾖ
136 1347 211 1392 174
244 1345 547 1391 Subminister
569 1344 865 1400 procuratori,
892 1345 1120 1399 praefecto
1142 1343 1411 1395 studiorum,
1443 1341 1670 1398 professo-

39 1425 71 1473 ξ’
88 1426 189 1478 bus,
215 1422 626 1474 concionatoribus,
653 1421 786 1466 etiam
810 1421 847 1464 si
869 1422 1126 1465 sacerdotes
1147 1435 1236 1463 non
1260 1428 1428 1472 essent,
1454 1419 1517 1462 nil
1538 1434 1667 1475 prae

44 1643 221 1700 ‘fctum
245 1662 314 1698 est
336 1655 381 1696 in
404 1654 503 1696 eius
524 1653 688 1695 officio.

65 1805 367 1843 OMPENDIUM
407 1803 798 1841 INSTRUCTIONIS‚
841 1803 969 1840 QUAE
1007 1802 1094 1840 IIS,
1129 1802 1211 1840 QUI
1246 1802 1512 1841 PRAESUNT,
1547 1802 1673 1831 DATA

72 1868 79 1916 ξ
141 1882 246 1922 EST,
269 1882 333 1912 DE
357 1881 417 1912 Eo
440 1880 814 1918 QUEMADMODUM
839 1880 895 1909 SE
917 1879 1107 1909 GERERE
1130 1879 1320 1909 DEBENT
1344 1878 1467 1908 ERGA
1493 1879 1675 1909 PATRES

74 1938 79 1945 ¹
141 1959 201 1988 ET
233 1958 448 1989 FRATRES

145 2040 275 2083 Gerit
298 2039 468 2082 Christi
489 2053 743 2095 personam,
769 2038 957 2093 eiusque
978 2037 1122 2080 vicem
1145 2037 1363 2093 superior.

147 2117 330 2161 Christo
351 2116 570 2160 obediunt
592 2116 636 2158 in
658 2115 756 2171 ipso
779 2117 937 2158 Patres
960 2129 1013 2158 ac
1037 2116 1211 2159 fratres.

95 2249 100 2252 Δ
148 2193 316 2237 Christi
337 2200 445 2236 sunt
466 2193 601 2244 serui,
627 2207 718 2235 non
740 2192 895 2248 ipsius.

81 2288 90 2300 ⁴·
150 2271 223 2314 175
255 2272 452 2314 Suorum
476 2269 758 2313 infirmitates
780 2269 910 2321 ferat,
936 2283 1019 2312 nec
1041 2269 1124 2312 sibi
1147 2270 1335 2325 placeat.

84 2387 86 2393 ,
151 2349 202 2390 In
227 2347 385 2390 timore
407 2360 459 2389 ac
483 2354 675 2389 tremore
698 2360 830 2388 suum
854 2346 1051 2389 officium
1072 2353 1216 2401 gerat.

82 2454 89 2458 -
147 2425 264 2468 Suos
294 2438 451 2467 omnes
478 2423 524 2465 in
554 2423 713 2478 spiritu
743 2422 1007 2465 humilitatis
1040 2422 1247 2466 meliores
1283 2438 1333 2466 se
1369 2421 1594 2465 existimet
1627 2422 1682 2463 ad

77 2500 224 2549 fimnia.

83 2599 90 2638 3
153 2577 359 2621 Imitetur
382 2577 427 2619 in
449 2577 778 2633 gubernatione
800 2577 1083 2630 charitatem,
1109 2575 1518 2626 mansuetudinem,
1539 2581 1584 2617 et
1607 2575 1682 2617 be-

22 2687 23 2694 ,
55 2652 333 2713 *gignitatem
356 2655 456 2696 Iesu
478 2653 663 2706 Christi,
690 2668 742 2697 ac
764 2655 1068 2709 apostolorum
1094 2654 1216 2697 Petri
1239 2667 1291 2695 ac
1315 2651 1460 2695 Pauli.

44 2779 45 2782 Ἴ
70 2752 73 2757 ,
91 2719 95 2795 ¹,
155 2729 303 2772 Fortis
324 2730 383 2772 sit
405 2737 450 2772 et
471 2730 626 2772 suauis
647 2729 693 2773 in
715 2730 1058 2786 gubernatione.

51 2799 53 2807 ¹
155 2807 297 2858 Haec,
317 2820 433 2861 quae
456 2807 666 2858 diximus,
686 2813 893 2850 exerceat
915 2806 1123 2849 exteriori
1145 2805 1329 2862 gaudio,
1350 2812 1394 2849 et
1412 2803 1686 2847 moderatio-

70 2896 145 2935 re,
168 2890 304 2938 atque
326 2882 554 2925 actionum
583 2883 786 2925 omnium
811 2882 1149 2938 compositione.

158 2959 394 3012 Naturam,
418 2959 455 3001 si
479 2959 614 3001 fuerit
635 2959 849 3012 seuerior,
871 2966 1103 3014 temperet3
1125 2957 1161 3000 si
1184 2957 1339 3008 lenior,
1360 2955 1561 2999 adhibita
1578 2969 1684 3011 gra-

27 3031 29 3035 ‘
59 3032 227 3097 itate,
254 3043 507 3090 componat.
