2028 3426
646 254 1073 289 INSTRUCTIONEs—61
1556 263 1623 300 547

46 350 226 393 debitur
258 353 475 404 futurum,
502 354 776 408 praescribet
805 362 952 397 rector
980 354 1102 410 ipsis,
1128 354 1311 410 quicum
1336 355 1426 398 sint
1454 356 1667 408 locuturi,

47 435 94 469 et
120 427 196 481 qui
219 428 342 470 illum
371 430 565 472 debeant
594 430 732 481 adire,
765 438 809 474 et
832 432 916 473 hos
939 431 1132 475 instruet
1153 433 1533 485 quemadmodum
1564 447 1667 474 cum

48 503 135 546 illis
163 504 251 546 sint
280 505 440 549 acturi.
472 507 599 549 Haec
627 506 689 548 ita
711 506 924 550 videntur
945 508 1243 559 obseruanda,
1275 522 1332 550 ne
1362 523 1417 551 ex
1445 523 1564 550 nouo
1593 509 1670 550 ad-

54 589 192 623 uentu
231 583 417 624 fratrum
458 583 514 625 ad
547 583 763 638 collegia,
800 583 948 639 aliqua
984 584 1263 639 perturbatio
1297 585 1367 626 vel
1404 584 1671 638 inquietudo

48 657 152 699 oriri
175 658 330 712 possit;
355 673 472 712 quae
494 658 628 701 etiam
659 659 696 701 si
725 674 813 701 non
844 660 1092 711 timeretur,
1125 661 1181 702 ad
1211 660 1492 715 disciplinam
1523 668 1672 702 tamen

49 741 240 789 spectat,
266 742 312 776 vt
337 735 412 789 qui
435 749 594 778 recens
615 735 805 778 veniunt
828 737 883 778 ad
907 736 1113 792 collegia,
1140 751 1217 780 eos
1239 751 1342 778 cum
1365 737 1675 780 selectioribus

48 811 422 854 consuetudinem
437 813 606 856 habere
625 812 858 867 tantisper,
873 813 1016 855 donec
1034 813 1233 868 ipsorum
1252 827 1400 856 mores
1417 814 1506 855 sint
1523 814 1673 868 explo-

14 915 26 925 ,-
51 887 149 938 rati,
176 895 220 930 et
243 887 325 943 ipsi
350 902 497 931 mores
518 888 698 944 collegii
721 889 919 932 habeant
941 890 1210 944 exploratos.
1234 891 1361 932 Haec
1389 889 1538 932 omnia
1566 890 1677 933 fient

52 963 264 1016 faciliora,
291 965 326 1007 si
350 965 570 1020 superior,
597 965 673 1019 qui
697 965 834 1007 mittit
856 966 1068 1020 aliquem,
1094 966 1322 1009 curauerit
1344 966 1590 1022 significari
1610 967 1676 1008 fu-

51 1046 154 1083 turo
179 1041 297 1083 illius
320 1042 539 1096 superiori
562 1042 671 1097 quid
695 1042 823 1094 sciat,
850 1043 956 1097 quid
979 1045 1034 1086 de
1057 1057 1110 1086 eo
1138 1051 1337 1099 censeat,
1364 1043 1439 1098 qui
1467 1043 1672 1095 mittitur,

50 1130 139 1171 qua
162 1118 334 1160 ratione
355 1119 563 1162 videatur
584 1119 676 1163 489
698 1120 1036 1175 gubernandus.

138 1194 311 1238 Literas
329 1210 435 1237 vero
459 1196 636 1238 curabit
659 1204 792 1239 antea
814 1196 930 1238 mitti
955 1197 1024 1240 vel
1046 1196 1204 1252 accipi,
1227 1211 1360 1252 quam
1379 1196 1451 1239 ille
1473 1196 1675 1238 discedat

51 1271 124 1312 vel
145 1271 394 1326 perueniat.
422 1272 468 1315 Si
492 1287 600 1316 vero
622 1272 880 1315 huiusmodi
899 1288 988 1315 non
1008 1273 1238 1316 videretur
1255 1287 1355 1316 esse
1373 1272 1673 1334 recipiendus,

36 1346 173 1389 ¹illurn
206 1349 275 1391 vel
307 1348 502 1392 remittet
532 1356 678 1392 rector
708 1351 764 1392 ad
791 1364 912 1401 eum,
948 1365 974 1392 a
1003 1365 1092 1405 quo
1125 1351 1271 1393 fuerat
1299 1350 1484 1401 missus,
1519 1350 1591 1392 vel
1623 1350 1679 1391 ad

51 1424 388 1478 prouincialem,
430 1426 518 1467 vel·
539 1426 776 1468 collocabit
810 1426 854 1468 in
889 1426 1073 1468 seruitio
1107 1426 1354 1482 hospitalis.
1391 1427 1447 1468 Et
1479 1426 1524 1468 in
1557 1428 1679 1468 hunc

51 1514 203 1543 casum
243 1501 368 1543 dabit
406 1501 750 1546 instructionem
789 1503 1040 1545 rectoribus
1078 1503 1365 1558 prouincialis
1402 1504 1525 1544 iuxta
1558 1503 1677 1558 quod

51 1577 253 1619 censebit
276 1593 300 1621 e
324 1593 371 1620 re
395 1579 488 1620 sore
511 1593 620 1622 suae
643 1578 920 1634 prouinciae.

450 1711 511 1739 DE
535 1710 863 1740 ADMITTENDIS
888 1711 948 1740 AD
974 1711 1273 1740 SOCIETATEM

141 1810 325 1862 ¹Quanta
347 1808 443 1851 fieri
466 1808 629 1863 poterit
652 1808 872 1851 industria
894 1816 939 1852 et
960 1809 1194 1865 diligentia
1217 1817 1415 1862 curetur,
1443 1818 1489 1852 vt
1517 1825 1677 1864 quam-

54 1883 230 1938 plurimi
252 1884 401 1926 idonei
423 1885 478 1927 ad
502 1885 775 1928 Societatem
799 1885 1090 1941 recipiantur.
1118 1888 1220 1929 Hoc
1248 1894 1398 1929 autem
1427 1887 1522 1929 fieri
1547 1895 1677 1942 pote-

53 1960 110 2002 rit
138 1976 216 2016 per
253 1961 510 2013 conciones,
538 1962 859 2014 confessiones,
887 1963 1253 2007 conuersationes
1292 1970 1547 2005 nostrorum
1589 1966 1674 2006 Pa-

26 2025 41 2074 ’τ
55 2043 172 2078 trum
196 2052 248 2079 ac
274 2039 458 2080 fratrum
483 2039 539 2080 ad
570 2039 656 2080 hoc
689 2038 967 2089 idoneorum,
994 2054 1073 2094 per
1103 2039 1329 2082 orationes
1361 2055 1413 2083 ac
1442 2041 1675 2083 missarum

31 2103 391 2170 '’applicationes.
1197 2095 1212 2114 Ι

141 2190 232 2234 490
267 2191 511 2233 Confi-dant
533 2198 682 2233 autem
708 2191 753 2233 in
777 2192 971 2234 Domino
995 2207 1169 2244 omnes,
1195 2200 1239 2235 et
1261 2193 1306 2235 in
1329 2194 1476 2249 gratia
1500 2194 1678 2235 virtutis

31 2255 166 2318 leius,
200 2267 401 2308 futurum
431 2275 479 2308 vt
508 2274 597 2309 tam
624 2268 860 2311 excellenti
894 2268 1157 2320 ministerio,
1186 2276 1274 2311 tam
1306 2270 1554 2318 fructuoso,
1588 2278 1674 2312 tam

33 2343 326 2396 fnecessario,
362 2344 480 2398 quod
512 2358 592 2398 pro
621 2343 775 2386 maiori
812 2344 896 2387 Dei
935 2344 1093 2399 gloria,
1119 2345 1406 2400 pluriumque
1444 2345 1675 2387 hominum

32 2412 199 2474 {salute
233 2419 519 2474 susclpimuS,
551 2420 628 2461 det
655 2420 780 2462 Deus
809 2434 999 2475 magnos
1036 2428 1302 2475 prouentus,
1329 2429 1373 2465 et
1406 2422 1551 2463 mittat
1579 2422 1676 2463 ido-

53 2508 165 2543 neos
188 2495 418 2550 operarios
440 2495 484 2536 in
508 2496 684 2539 vineam
710 2511 851 2539 suam.

48 2563 52 2575 ²
144 2573 192 2613 In
212 2571 502 2614 admittendis
521 2574 577 2614 ad
594 2573 867 2616 Societatem
887 2574 1108 2615 seruanda
1126 2581 1194 2616 est
1209 2574 1321 2615 ratio
1340 2574 1572 2625 examinis3
1592 2575 1677 2615 hoc

44 2646 139 2699 fest,
167 2648 324 2691 videns
347 2648 564 2703 superior,
591 2650 729 2703 quod,
756 2650 830 2703 qui
855 2649 1027 2691 admitti
1051 2650 1189 2705 cupit,
1217 2665 1305 2692 non
1330 2649 1525 2692 ostendit
1547 2649 1675 2691 aliam

47 2737 179 2778 spem
204 2738 336 2778 quam
362 2739 441 2779 pro
463 2725 725 2768 coadiutore
759 2725 1006 2780 temporali,
1034 2726 1276 2768 examinari
1301 2726 1423 2766 illum
1449 2732 1574 2766 curet
1597 2740 1676 2779 pro

48 2799 148 2852 v'tali3
168 2811 212 2842 et
235 2800 313 2851 illi,
334 2801 389 2843 de
407 2800 570 2855 quibus
594 2816 685 2844 non
709 2810 775 2844 est
799 2802 1003 2852 dubium,
1025 2802 1144 2855 quod
1163 2801 1251 2842 sint
1268 2815 1350 2855 pro
1375 2800 1672 2852 scholasticis,

46 2866 268 2930 ..professis
292 2886 369 2918 aut
392 2876 728 2919 coadiutoribus
751 2877 1073 2933 spiritualibus,
1100 2877 1410 2919 examinentur
1434 2876 1565 2919 etiam
1598 2890 1676 2931 pro

47 2944 236 3015 talibus.
263 2953 328 2995 Illi
351 2968 474 3004 vero,
495 2954 551 2995 de
574 2953 753 3007 quibus,
776 2954 930 3008 quales
950 2952 1087 2994 futuri
1111 2952 1214 3002 sint,
1236 2951 1482 3001 dubitatur,
1504 2951 1676 2993 exami-

60 3035 219 3070 nentur
245 3015 724 3084 pro²indifferentibus
747 3028 926 3071 Interim
947 3035 1094 3069 tamen
1115 3027 1324 3069 omnibus
1347 3026 1536 3078 dicatur,
1558 3027 1679 3081 quod
