2028 3426
639 245 1060 281 INSTRUCT10NEs-61
1549 253 1617 291 509

19 348 22 352 ’
42 347 186 392 eidem
211 362 290 403 pro
313 346 545 390 ablutione
566 346 740 398 vinum,
760 360 850 401 quo
867 346 977 389 lauit
994 360 1170 399 manus;
1191 346 1355 402 poterit
1372 354 1538 399 autem,
1565 354 1666 402 post

14 431 19 438 ²
42 424 338 467 ministratam
357 423 738 474 communionem,
757 437 916 466 manus
934 421 1195 479 simpliciter
1212 424 1472 478 abstergere
1491 424 1547 465 ad
1564 438 1665 466 cor-

41 502 209 558 porale,
234 501 307 544 vel
329 515 462 555 aqua,
487 504 578 546 404
601 514 733 554 quam
758 499 854 554 ipse
874 508 1039 552 sumet,
1064 500 1295 555 paululum
1320 500 1518 551 ablutus,
1540 499 1664 555 puri-

41 577 243 621 ficatorio
265 578 544 633 abstergere.

78 694 81 695 γ
131 657 219 697 Pro
236 653 482 705 ablutione,
506 667 597 695 non
620 667 735 708 aqua
752 667 865 708 pura
883 653 1250 704 communicanti,
1271 654 1350 695 sed
1371 652 1527 695 vinum
1550 667 1665 707 aqua

16 731 233 774 dilutum
262 732 417 782 detur,
453 729 539 772 nisi
572 730 672 784 quis
703 729 761 772 sit
798 729 1059 782 abstemius,
1095 737 1139 773 et
1170 729 1217 771 in
1253 729 1370 772 vitro
1396 730 1545 781 detur,
1581 729 1666 772 nisi

41 808 324 850 consuetudo
346 807 404 849 sit
427 806 611 861 antiqua
627 813 675 848 vt
693 805 738 847 in
757 805 909 848 calice.
933 806 1111 849 Vitrum
1126 820 1233 849 vero
1246 806 1293 848 in
1311 820 1446 848 manu
1462 819 1665 848 commu-

41 884 209 927 nicanti
233 884 379 935 detur,
405 890 453 925 vt
475 897 632 938 parum
650 882 754 926 inde
776 890 939 925 sumat.
966 882 1203 926 Ministera
1226 889 1393 934 autem,
1421 882 1497 937 qui
1521 882 1665 925 inser·

10 947 106 1012 fuit
134 960 320 1011 missae,
352 959 628 1002 ablutionem
662 958 1100 1001 communicantibus
1131 958 1278 1010 dabit,
1313 958 1411 1002 siue
1442 973 1496 1001 ex
1529 958 1663 1010 vitro,

41 1036 137 1079 siue
155 1052 209 1080 ex
225 1035 379 1087 calice,
394 1036 527 1077 modo
544 1035 666 1076 vnde
683 1034 858 1090 capitur
876 1034 991 1077 calix
1008 1034 1127 1078 lineo
1145 1050 1293 1090 panno
1308 1034 1365 1077 sit
1379 1034 1396 1059 b
1415 1034 1616 1077 munitus
1631 1043 1661 1077 0.

128 1114 177 1155 In
199 1112 400 1167 quolibet
424 1111 558 1154 trium
581 1126 814 1154 sacrorum
846 1105 1094 1153 natiuitatis
1127 1111 1310 1154 Domini
1343 1111 1513 1154 ablutio
1545 1111 1664 1168 digi-

43 1197 188 1233 torum
213 1189 306 1241 fiat,
333 1195 377 1232 et
399 1188 443 1230 in
468 1189 636 1230 mundo
664 1202 772 1230 vase
795 1188 846 1244 (si
875 1188 991 1230 calix
1020 1189 1143 1230 nullo
1166 1196 1298 1243 pacto
1325 1188 1480 1231 haberi
1509 1188 1665 1244 possit)

41 1273 300 1322 reponatur,
325 1273 374 1307 vt
394 1265 522 1307 finito
546 1265 678 1307 tertio
697 1278 826 1307 sacro
849 1264 967 1307 illius
985 1265 1154 1307 ablutio
1173 1272 1218 1308 et
1234 1264 1422 1308 aliorum
1441 1265 1664 1308 miscean—

10 1361 21 1364 -⁴
41 1350 113 1386 tur
136 1343 182 1385 in
205 1342 344 1385 calice
367 1350 412 1384 et
434 1327 689 1385 sumantur.

100 1463 104 1471 ,
128 1418 425 1474 priuilegium
448 1418 706 1462 celebrandi
737 1418 916 1461 missam
946 1425 1052 1462 ante
1080 1418 1199 1462 diem
1229 1425 1275 1460 et
1304 1426 1404 1474 post
1433 1419 1663 1462 meridiem

16 1492 244 1552 ⁴·vsurpari
266 1502 415 1552 potest
438 1495 620 1550 quando
644 1509 880 1538 necessum
904 1496 976 1538 vel
999 1495 1243 1550 expediens
1270 1494 1498 1538 videbitur
1530 1509 1663 1551 supe-

23 1573 162 1625 -riori,
194 1572 266 1616 vel
295 1572 430 1615 etiam
457 1586 513 1614 ex
541 1571 639 1615 eius
668 1571 870 1628 generali
900 1572 1130 1625 facultate,
1166 1571 1204 1614 si
1236 1586 1325 1614 non
1361 1571 1490 1614 facile
1522 1572 1663 1627 possit

42 1649 168 1692 adiri.

19 1720 22 1724 ⁸
125 1731 213 1772 405
242 1727 509 1770 Sacerdotes
537 1725 711 1768 externi
740 1739 830 1767 non
864 1724 1182 1781 permittantur
1216 1740 1393 1768 sacrum
1430 1727 1579 1768 facere
1616 1725 1660 1766 in

11 1835 20 1842 κ
39 1811 192 1846 nostra
219 1802 425 1854 ecclesia,
458 1801 544 1845 nisi
573 1816 740 1858 magna
772 1801 976 1844 adhibita
1007 1801 1427 1857 circumspectione.
1461 1803 1577 1844 Nam
1611 1802 1662 1843 fit

15 1880 23 1934 ’ἱ
40 1894 188 1935 saepe,
208 1887 256 1921 vt
274 1879 529 1921 offendatur
546 1879 741 1933 populus
759 1893 814 1922 ex
831 1878 1007 1920 illorum
1026 1879 1159 1921 modo
1177 1878 1452 1929 celebrandi,
1478 1886 1523 1922 et
1540 1878 1659 1920 illam

39 1956 332 2000 offensionem
361 1956 529 1998 referre
557 1955 687 1998 facile
717 1962 906 2010 possunt
935 1955 980 1996 in
1018 1969 1114 1997 nos.
1158 1955 1250 2009 Qui
1287 1963 1437 1998 autem
1472 1954 1663 1997 alicuius

40 2031 363 2077 aedificationis
392 2039 514 2084 sunt,
545 2039 591 2074 et
613 2031 723 2074 alias
752 2031 941 2087 cogniti,
974 2031 1028 2073 iis
1055 2031 1253 2087 permitti
1287 2038 1450 2086 potest,
1486 2031 1523 2073 si
1553 2031 1661 2073 nihil

22 2104 250 2153 ¹timeatur
271 2107 531 2151 offensionis
553 2109 672 2163 apud
693 2109 925 2163 populum.

127 2186 351 2228 Absoluta
374 2184 525 2237 missa,
551 2184 684 2227 vnica
707 2192 881 2227 tanturn
900 2175 1036 2228 cruce
1054 2185 1185 2227 detur
1203 2186 1370 2240 populo
1387 2184 1657 2227 benedictio.

127 2263 174 2304 In
215 2260 392 2322 templis
428 2261 619 2313 nostris,
661 2261 860 2305 externis
897 2261 1155 2303 communio
1193 2276 1283 2303 non
1323 2260 1408 2303 nisi
1445 2262 1583 2304 semel
1617 2260 1661 2301 in

20 2327 323 2386 *hebdomada
346 2338 644 2380 communiter
667 2337 1004 2382 administretur
1026 2352 1150 2381 more
1167 2337 1315 2389 solito,
1341 2337 1516 2388 diebus,
1544 2337 1662 2380 scili-

45 2423 133 2467 cet,
159 2415 396 2458 dominicis
418 2413 452 2466 d,
478 2414 698 2470 primariis
721 2414 854 2456 etiam
878 2414 1216 2466 festiuitatibus,
1243 2429 1358 2469 quae
1385 2429 1464 2469 per
1487 2414 1662 2456 hebdo—

41 2492 214 2535 madam
243 2491 464 2534 incidunt.
490 2492 686 2546 Quando
722 2497 876 2533 tantus
913 2491 959 2532 in
997 2491 1060 2533 eis
1098 2505 1209 2546 erga
1247 2505 1417 2533 sacram
1457 2489 1661 2545 synaxim

21 2570 192 2612 'feruor
220 2567 400 2623 pietatis
431 2567 738 2622 cognoscitur,
775 2567 939 2622 poterit
978 2567 1110 2610 etiarn
1140 2566 1398 2609 ministrari.
1431 2566 1505 2610 Sic
1544 2566 1661 2609 enim

43 2658 144 2687 cum
171 2644 335 2687 nostris
364 2644 488 2687 laicis
520 2645 668 2687 facere
696 2644 1033 2695 consueuimus,
1065 2651 1110 2687 et
1139 2644 1313 2686 externi
1342 2643 1522 2698 quidem
1552 2658 1661 2685 con-

43 2720 153 2764 tenti
190 2736 289 2764 esse
326 2722 508 2772 debent,
540 2720 577 2762 si
615 2735 718 2763 cum
754 2720 862 2775 ipsis
900 2720 1102 2763 similiter
1142 2720 1356 2762 faciamus
1385 2727 1520 2773 atque
1558 2733 1660 2761 cum

16 2831 19 2837 A
44 2797 222 2840 nostris.

129 2879 216 2920 406
239 2873 516 2918 Secularium
540 2873 845 2916 confessiones
868 2873 999 2915 facile
1022 2887 1111 2915 non
1135 2873 1390 2923 audiantur,
1412 2871 1495 2913 nisi
1515 2886 1659 2926 quan—

103 2969 130 3006 ’ἃ
154 2979 365 3014 Ministrer
384 2991 455 3014 ms.
505 2981 571 3006 —b
598 2979 682 3013 Hoc
701 2979 810 3013 verb.
831 2978 890 3013 bis
906 2979 1068 3023 habetur
1087 2978 1124 3012 in
1146 2989 1215 3012 ms.
1267 2986 1329 3003 —c
1360 2978 1559 3011 munitum
1580 2988 1657 3011 ms.

46 3038 109 3064 —d
135 3038 362 3072 dominibus
381 3049 452 3072 ms.
