2028 3426
339 227 408 273 538
815 225 969 261 PATms
996 225 1241 261 HIERONYm
1270 225 1420 261 NADAL

292 337 398 373 sunt
417 329 519 374 illae
541 329 703 372 domus
721 342 822 370 cum
842 325 1050 382 collegiis
1067 326 1358 378 coniunctae,
1380 326 1452 368 vel
1470 324 1681 367 domibus
1698 323 1930 380 professis,
1965 312 1970 329 ²
1998 360 2003 390 1

292 415 337 451 et
369 408 426 452 de
458 405 719 449 huiusmodi
753 403 1095 460 perscribuntur
1128 405 1216 446 hoc
1257 411 1458 459 tempore
1495 400 1832 444 instructiones.
1876 401 1933 443 Et
1968 411 1999 499 ᾖ

294 494 445 528 tamen
468 486 582 527 haec
607 483 693 526 illis
716 481 926 524 domibus
948 486 1032 528 466
1060 481 1320 525 subseruire
1348 486 1579 536 poterunt,
1614 492 1729 533 quae
1758 476 1936 520 facilius
1985 478 2005 551 ’I¹⁴

294 575 427 617 quam
453 575 568 617 quae
591 574 712 602 nunc
736 560 964 602 habentur
987 557 1233 615 gubernari
1256 563 1489 615 poterunt.
1966 502 1996 611 ξ

384 638 602 694 Magister
625 636 901 679 nouitiorum
932 636 1003 680 vel
1031 635 1129 679 eius
1157 634 1433 678 substitutus
1461 647 1553 676 non
1582 631 1727 676 aderit
1755 645 1933 675 recrea·
1973 618 2007 697 ζ

295 715 493 758 tionibus
515 713 809 764 nouitiorum,
835 713 915 756 sed
937 712 1000 754 illi
1023 711 1198 768 probati
1222 711 1399 764 fratres,
1425 710 1481 754 de
1503 709 1670 764 quibus
1691 710 1778 750 hoc
1803 707 1936 750 titulo
1975 704 1994 758 ‘;
2004 693 2008 721 ¹

295 792 465 835 dictum
488 799 572 841 est,
598 790 674 845 qui
698 797 847 833 tamen
872 804 962 832 non
986 796 1120 833 erunt
1143 787 1335 844 syndici,
1361 787 1440 830 sed
1463 787 1659 830 selectus
1688 783 1849 840 aliquis
1878 798 1934 828 ex
1978 774 2007 814 Τ

296 868 480 912 nouitiis
503 875 547 912 et
565 874 784 918 secretus,
806 866 966 910 fratres
984 880 1093 910 vero
1111 865 1173 908 illi
1192 865 1389 908 referent
1406 863 1543 906 etiam
1563 863 1619 905 ad
1637 861 1933 918 superiorem,
1988 916 1994 932 k

296 946 332 989 si
357 946 463 1002 quid
488 944 595 1001 ipsis
619 943 765 987 obiter
796 958 889 986 non
915 944 1102 999 placeat.

388 1021 697 1066 poenitentias
733 1035 813 1077 pro
851 1021 904 1064 iis
941 1019 1218 1071 defectibus,
1259 1019 1336 1074 qui
1378 1017 1726 1061 committuntur
1767 1016 1812 1058 in
1855 1030 1938 1059 sua

297 1101 453 1150 domo,
486 1098 611 1141 dabit
640 1097 824 1141 nouitiis
852 1097 1069 1154 magister
1099 1095 1400 1148 nouitiorum3
1433 1109 1514 1150 pro
1543 1093 1799 1138 defectibus
1832 1106 1940 1136 vero

299 1176 590 1226 nouitiorum‚
633 1189 748 1231 quae
785 1174 1087 1218 admittuntur
1124 1173 1168 1216 in
1207 1172 1416 1229 collegiO,
1458 1172 1555 1215 siue
1593 1185 1696 1214 cum
1736 1169 1825 1213 illic
1858 1184 1940 1213 sua
1995 1226 1999 1231 ἡ

298 1254 443 1297 officia
466 1260 694 1304 exercent,
720 1252 819 1296 siue
841 1250 1025 1295 omnino
1053 1265 1156 1294 cum
1187 1250 1232 1292 in
1262 1248 1456 1305 collegio
1484 1256 1607 1299 sunt,
1639 1248 1746 1291 dare
1776 1246 1940 1303 poterit

299 1331 500 1373 minister
524 1345 578 1374 ex
601 1329 918 1373 commissione
936 1327 1138 1380 rectoris,
1159 1334 1203 1370 et
1222 1335 1331 1369 tunc
1351 1334 1470 1370 esset
1488 1325 1612 1382 prius
1630 1324 1939 1368 consulendus
1982 1360 1988 1366 .

300 1408 515 1464 magister
539 1406 830 1458 nouitiorum,
856 1405 892 1448 si
916 1419 1031 1461 quae
1054 1404 1238 1461 grauior
1259 1403 1531 1459 imponenda
1554 1410 1674 1446 esset
1698 1401 1940 1457 poeniten-

300 1486 377 1531 tia.
412 1486 527 1528 Nam
561 1484 607 1527 in
639 1483 742 1537 illis,
779 1497 894 1539 quae
927 1490 1151 1540 geruntur
1182 1482 1229 1524 in
1261 1496 1344 1525 sua
1375 1481 1526 1531 domo,
1563 1478 1724 1522 nouitii
1764 1485 1939 1521 tantum
1978 1488 1982 1497 ·

300 1562 603 1605 subiiciuntur
620 1560 782 1604 rectori
800 1568 845 1603 et
863 1560 1079 1616 magistro
1097 1558 1394 1611 nouitiorum3
1415 1557 1460 1599 in
1478 1556 1548 1609 iis,
1574 1561 1657 1603 467
1682 1555 1827 1613 [quae]
1849 1563 1867 1580 ²
1889 1555 1932 1598 in

300 1639 510 1695 collegio,
545 1637 681 1682 etiam
705 1636 908 1680 ministro
947 1635 1145 1693 collegii;
1181 1636 1260 1679 sed
1295 1642 1445 1679 tamen
1478 1633 1514 1677 si
1547 1633 1788 1690 negligens
1822 1640 1944 1677 esset
1997 1670 2004 1677 .

284 1715 504 1759 -minister
533 1715 728 1771 collegii,
761 1721 806 1759 et
834 1713 1157 1770 poenitentiam
1191 1727 1281 1756 non
1315 1713 1459 1764 daret,
1501 1712 1570 1755 ve]
1610 1709 1945 1753 admonitiones
1996 1694 1998 1697 ‚

303 1807 381 1849 pro
404 1792 472 1845 iis,
499 1807 614 1847 quae
637 1800 758 1836 recte
782 1806 871 1834 non
896 1793 1098 1834 facerent
1121 1790 1166 1832 in
1191 1789 1401 1846 collegio,
1427 1789 1484 1832 de
1512 1787 1566 1830 iis
1596 1787 1812 1843 magister
1840 1800 1943 1842 pro·
1988 1778 2003 1806 '¹

301 1869 534 1912 bationum
558 1868 874 1912 admonebitur
897 1878 940 1912 et
965 1868 1090 1910 dabit
1114 1867 1432 1924 poenitentias.

393 1946 613 2002 Magister
641 1945 916 1988 nouitiorum
940 1953 985 1988 et
1017 1945 1116 1988 eius
1148 1943 1424 1987 substitutus
1457 1957 1549 1985 non
1582 1949 1716 1985 erunt
1748 1940 1938 1984 subiecti

306 2023 589 2067 obedientiae
612 2023 802 2065 ministri
826 2022 1023 2079 collegii,
1049 2022 1129 2066 sed
1153 2028 1328 2064 tantum
1351 2020 1555 2064 rectoris.

395 2101 569 2143 Caueat
591 2099 807 2163 magister
829 2098 1122 2155 probationis,
1149 2113 1206 2142 ne
1228 2097 1339 2140 illud
1362 2097 1579 2149 studium,
1601 2097 1722 2152 quod
1740 2096 1873 2137 datur
1891 2109 1947 2138 ex
1994 2151 1999 2159 ἴ

306 2177 517 2219 instituto
550 2176 733 2219 nouitiis
762 2178 818 2219 ad
847 2176 916 2219 sui
946 2175 1296 2232 abnegationem
1331 2183 1375 2219 et
1403 2173 1730 2230 promotionem
1754 2172 1800 2214 in
1823 2171 1945 2214 omni
1995 2166 2006 2207 ’ἓ

306 2254 473 2297 virtute
498 2253 708 2309 religiosa
731 2261 774 2297 et
797 2253 1058 2305 deuotione,
1084 2253 1172 2296 alio
1194 2252 1433 2308 dirigatur,
1459 2252 1531 2293 vel
1554 2252 1685 2293 abeat
1715 2249 1760 2291 in
1790 2248 1942 2291 curio·

307 2330 486 2373 sitatem
525 2329 742 2373 scientiae
781 2331 850 2373 vel
891 2329 1263 2385 speculationem.
1303 2330 1470 2371 Totum
1508 2327 1628 2370 enim
1663 2325 1944 2369 nouitiorum
1996 2330 2007 2378 ,ἕ

309 2406 509 2449 studium
538 2407 583 2449 in
612 2406 883 2451 lectionibus
912 2406 1149 2449 audiendis
1179 2413 1224 2448 et
1254 2404 1526 2461 repetendis,
1561 2418 1676 2459 quae
1708 2409 1943 2454 annotant,
1990 2394 2001 2409 '

309 2498 424 2538 quae
453 2484 715 2535 obseruant,
743 2496 858 2538 quae
884 2482 1172 2535 meditantur,
1199 2483 1255 2525 ad
1284 2496 1432 2525 mores
1460 2482 1681 2524 duntaxat
1705 2478 1947 2524 Societatis
1999 2479 2005 2524 j

310 2559 600 2616 perfectionis
623 2559 828 2615 proprios
851 2567 1056 2615 spectare
1079 2560 1247 2603 debent
1272 2558 1404 2603 unice
1426 2557 1463 2600 b.

309 2684 397 2725 468
712 2693 774 2722 DE
800 2691 1193 2721 VISITATIONIBUS
1218 2689 1548 2720 EXTERNORUM

400 2793 469 2836 Ne
492 2798 672 2835 sumant
695 2790 837 2834 nostri
860 2798 987 2835 extra
1010 2792 1193 2832 domum
1217 2789 1386 2841 cibum,
1412 2788 1487 2830 vbi
1511 2795 1660 2841 sumat
1683 2786 1816 2829 simul
1844 2800 1943 2828 mu-
1993 2768 2008 2822 ’ἲ

311 2869 392 2910 lier
421 2869 570 2923 aliqua
599 2867 803 2911 cuiusuis
825 2866 1113 2918 conditionis,
1150 2880 1298 2922 neque
1332 2864 1514 2908 omnino
1547 2864 1786 2907 comedant
1818 2869 1945 2907 extra
1991 2851 2002 2918 ’γ

382 2992 399 3007 ³²
449 2979 595 3018 Omiss.
616 2981 655 3016 in
675 2992 747 3016 ms.
798 2981 866 3007 -b
894 2978 1079 3026 Sequitur
1099 2978 1136 3014 in
1156 2989 1227 3013 ms.
1248 2978 1379 3025 Longe
1395 2980 1574 3012 tamen...
1592 2988 1637 3012 ex
1655 2975 1944 3011 constitutione.
1989 3006 1994 3015 ,

314 3038 412 3073 Vide
433 3050 560 3086 supra,
581 3050 670 3086 pag.
692 3038 775 3085 533,
795 3043 928 3074 annot.
948 3049 983 3074 a.
