2028 3426
389 216 456 261 578
860 218 1013 254 Pin-ms
1040 218 1283 254 Hiannvm
1309 217 1460 254 NADAL

429 319 498 362 De
521 318 618 362 aliis
641 318 819 362 iudiciis
842 319 926 362 Dei
951 317 1141 361 occultis
1164 326 1210 363 et
1232 318 1498 364 manifestis.

426 396 495 438 De
517 395 849 438 calamitatibus
873 395 1013 439 nostri
1039 395 1270 452 temporis.

426 473 496 516 De
533 473 851 515 communibus
890 471 1098 515 inimicis:
1140 460 1310 516 mundo
1348 473 1542 526 scilicet,
1583 488 1718 520 carne
1755 483 1801 519 et
1838 489 1972 520 caco—

336 549 543 593 demone.

425 627 494 670 De
518 627 740 670 mandatis
764 626 850 670 Dei
874 641 925 669 ac
948 627 1005 671 de
1027 626 1240 670 omnibus
1262 626 1332 680 iis,
1359 642 1476 684 quae
1498 629 1554 671 ad
1577 615 1830 672 doctrinam
1849 630 1971 674 chri-

335 702 524 746 stianam
549 703 792 759 pertinent,
820 703 1009 756 scilicet,
1035 705 1091 748 de
1120 704 1327 760 symbolo
1350 705 1473 758 fidei,
1498 706 1554 749 de
1585 706 1827 763 decalogo,
1853 689 1921 752 de¹
1942 719 1968 762 7

333 781 644 832 sacramentis,
671 780 876 824 oratione
898 780 1143 834 dominica,
1169 788 1252 825 etc.

422 858 489 900 De
514 858 617 908 fide,
646 872 723 912 spe
747 864 792 900 et
814 857 1052 901 charitate.

420 936 488 977 De
511 934 641 977 donis
663 933 859 990 Spiritus
882 935 1042 978 sancti.

420 1016 504 1058 564
528 1013 596 1054 136
620 1011 864 1054 virtutibus
888 1011 1134 1055 moralibus
1156 1027 1404 1068 earumque
1427 1013 1651 1070 partibus,

415 1089 484 1131 De
506 1088 727 1131 fructibus
750 1088 948 1144 spiritus.

416 1168 485 1210 De
509 1165 883 1209 beatitudinibus.

417 1245 485 1286 De
508 1243 780 1288 humilitate.

415 1322 483 1364 De
506 1320 808 1376 simplicitate.

413 1400 481 1441 De
505 1397 778 1441 obedientia.

412 1476 481 1517 De
504 1469 869 1520 mortificatione.

412 1553 478 1594 De
504 1560 786 1608 paupertate.

409 1631 477 1673 De
503 1629 711 1673 castitate
735 1630 1037 1686 omnibusque
1060 1629 1325 1675 uirtutibus.

408 1707 476 1749 De
499 1706 709 1749 instituto
734 1707 976 1751 Societatis
997 1715 1042 1751 et
1073 1707 1317 1752 vniuersali
1346 1707 1591 1752 Societatis
1621 1708 1767 1765 gratia
1799 1716 1844 1754 et
1873 1724 1955 1753 vo-

320 1783 517 1828 canone.

407 1862 474 1903 De
499 1861 645 1917 gratia
670 1861 924 1905 uocationis
947 1862 1170 1918 cuiusque
1192 1862 1468 1918 particulari.

407 1940 475 1980 De
499 1938 618 1980 votis
642 1937 883 1982 Societatis
905 1953 1153 1995 eorumque
1177 1939 1323 1995 gratia
1346 1947 1391 1982 et
1414 1939 1473 1981 vi.

406 2017 474 2058 De
498 2015 702 2070 partibus
726 2021 770 2059 et
795 2015 1054 2058 ministeriis
1077 2015 1334 2060 Societatis.

408 2094 631 2134 Poterunt
665 2092 799 2135 etiam
833 2092 1150 2136 meditationes
1179 2092 1276 2136 fieri
1306 2107 1362 2136 ex
1391 2093 1479 2146 his,
1511 2108 1627 2148 quae
1657 2094 1875 2151 leguntur
1904 2095 1948 2138 in
1994 2104 2006 2147 ᾗ

314 2169 452 2211 sacris
476 2169 630 2219 literis,
657 2176 735 2211 aut
758 2169 1019 2211 doctoribus
1041 2169 1226 2222 sanctis,
1259 2170 1330 2212 vel
1360 2169 1406 2212 in
1434 2170 1586 2215 libello
1614 2171 1672 2216 de
1700 2171 1949 2215 imitatione

313 2245 387 2289 X}
416 2253 459 2289 et
489 2245 727 2288 similibus.
761 2247 874 2288 Illud
903 2246 1021 2290 idem
1053 2246 1148 2289 fieri
1181 2247 1346 2302 poterit
1377 2247 1422 2289 in
1449 2247 1535 2301 his,
1572 2262 1689 2304 quae
1721 2248 1949 2304 pertinent

313 2323 369 2364 ad
395 2322 668 2377 theologiam
705 2322 1042 2375 scholasticam,
1078 2322 1227 2378 siqui
1266 2323 1452 2376 fuerint,
1494 2323 1570 2379 qui
1608 2325 1694 2367 hoc
1717 2331 1946 2380 praestare

313 2399 503 2455 possint.
1992 2386 1994 2390 Ι

400 2478 464 2518 Ex
489 2476 699 2519 omnibus
722 2477 857 2518 rebus
880 2477 1043 2519 creatis
1066 2477 1221 2521 haberi
1245 2484 1394 2533 potest
1416 2477 1577 2532 oratio,
1599 2479 1875 2535 speculando
1898 2479 1943 2522 in
1983 2520 1987 2524 .

308 2553 432 2609 ipsiS,
458 2557 541 2599 565
565 2554 791 2595 laudando
815 2564 859 2595 et
883 2554 1075 2596 amando
1101 2562 1367 2607 creatorem,
1394 2562 1761 2598 conseruatorem
1785 2563 1830 2599 et
1853 2570 1943 2612 gu-
1979 2603 1981 2605 ,

306 2631 592 2673 bernatorem
617 2630 896 2683 earumdem,
922 2637 1004 2672 etc.

365 2764 539 2793 CAPITA
574 2763 822 2801 QUAEDAM,
850 2763 1027 2800 QUIBUS
1059 2763 1107 2792 IN
1140 2763 1333 2808 SPIRITU
1363 2765 1596 2795 ADIUUARI
1628 2765 1878 2796 POSSUMUS

393 2863 559 2907 Omnia
586 2863 733 2906 facere
757 2863 812 2904 ad
835 2861 1050 2905 maiorem
1075 2861 1264 2917 gloriam
1290 2862 1391 2906 Dei.

393 2941 561 2982 Amore
585 2938 794 2995 prosequi
819 2937 1077 2980 institutum
1103 2937 1358 2982 Societatis.

393 3016 549 3059 Finem
576 3016 694 3058 illius
717 3014 920 3071 diligere.
