2028 3426
348 223 361 248 1
370 225 390 259 4
921 212 1099 248 No‘rinA
1127 220 1316 248 comeum

297 318 362 354 dal
382 317 615 355 declarabat
635 317 945 354 constitutiones
964 316 1149 364 personis
1169 315 1316 352 domus
1337 319 1376 351 et
1395 314 1438 352 P.
1460 314 1637 352 Polanco
1653 320 1739 352 erat
1753 321 1930 353 secreta-

296 390 391 433 rius,
411 393 649 437 procurator
668 393 708 425 et
727 387 1038 424 thesaurarius.»
1061 386 1184 422 Foliis
1210 395 1250 432 13
1282 385 1440 434 scriptis
1460 391 1631 431 constat,
1651 397 1824 433 quorum
1851 398 1927 423 sex

298 461 430 508 priora
446 443 602 496 tantum
619 460 775 508 signata
791 459 938 495 suntin
956 469 1025 494 ora
1045 456 1233 494 inferiori.
1256 456 1467 494 Praecedit
1481 457 1631 502 folium,
1652 457 1690 494 in
1712 468 1794 504 quo
1814 458 1929 503 haec,

296 531 449 568 Natalis
470 541 604 576 manu,
626 529 833 577 inscriptio
854 534 1020 565 exarata
1041 533 1113 564 est:
1137 526 1366 574 «Antiquae
1386 528 1562 577 regulae,
1583 533 1684 565 etc.»
1708 527 1824 576 Quae
1840 529 1928 576 qui-

294 602 388 639 dem
409 602 614 649 inscriptio
635 612 716 638 non
738 600 843 637 bene
874 599 1097 636 concordat
1117 610 1209 635 curn
1236 598 1427 646 iissquae
1454 599 1493 636 in
1520 600 1598 636 hoc
1629 599 1774 636 codice
1799 600 1928 636 conti-

294 679 450 718 nentur:
473 684 553 709 non
576 673 681 709 enim
702 672 865 721 regulae
887 675 991 716 sunt,
1012 670 1084 706 sed
1105 670 1338 707 memoriale
1358 670 1567 718 quoddam
1593 681 1726 707 rerum
1751 670 1926 718 particu-

293 745 447 789 larium,
468 746 506 780 in
528 744 686 791 praxim
707 742 758 779 ad
780 742 992 780 Societatis
1012 741 1348 790 gubernationem
1367 741 1692 791 redigendarum.
1714 741 1832 790 Quae
1851 741 1926 779 sub

295 817 372 852 hoc
394 826 563 852 numero
585 815 606 851 8
629 815 898 859 continentur,
919 814 1061 860 partim
1082 824 1104 849 a
1126 812 1166 850 P.
1188 812 1333 859 Natali,
1353 813 1497 861 partim
1517 824 1540 850 a
1561 812 1602 849 P.
1622 812 1812 859 Polanco,
1829 824 1927 850 con-

295 888 441 934 scripta
463 891 567 923 sunt.
586 885 703 934 Quae
720 897 743 921 a
763 885 829 922 fol.
858 895 896 921 1r
917 884 967 920 ad
991 884 1040 920 ὃν
1062 884 1326 931 reperiuntur,
1347 883 1501 921 Natalis
1517 895 1608 921 esse
1623 884 1823 931 videntur,
1844 895 1926 921 non

293 963 427 994 tamen
449 958 573 1004 ipsius
595 968 731 1001 manu,
753 956 825 992 sed
856 955 1014 1001 librarii,
1036 960 1214 993 exarata.
1242 955 1411 1003 Reliqua
1432 961 1526 992 sunt
1546 961 1654 992 certe
1681 955 1722 993 P.
1750 955 1926 993 Polanci.

294 1028 409 1071 Nam,
440 1038 545 1075 quac
576 1039 598 1064 a
626 1027 691 1065 fol.
715 1027 764 1064 Sv
786 1027 837 1064 ad
865 1037 937 1064 11v
964 1026 1177 1072 habentur,
1198 1027 1322 1074 ipsius
1348 1038 1469 1063 manu
1496 1027 1655 1074 scripta,
1675 1027 1928 1074 reperiuntur

292 1101 330 1136 in
353 1100 495 1137 codice
517 1098 689 1138 flliscell.
715 1098 763 1135 de
784 1098 898 1143 lust„
921 1097 954 1143 J,
977 1110 1018 1137 n.
1044 1108 1078 1146 3;
1100 1102 1258 1135 caetera
1285 1110 1339 1134 ex
1366 1099 1602 1147 apographo
1628 1099 1748 1146 hujus
1774 1099 1927 1136 codicis

291 1171 570 1216 desumuntur,
598 1182 689 1207 nam
717 1182 854 1207 earum
881 1170 1177 1218 autographum
1203 1169 1466 1206 desideratur.
1497 1169 1541 1205 In
1571 1169 1698 1206 tribus
1726 1169 1942 1218 prioribus?

291 1243 393 1279 soliis
414 1243 526 1290 plura
547 1242 800 1290 particularia
820 1246 1023 1287 notantur,
1043 1253 1081 1278 v.
1102 1253 1140 1290 g.
1162 1241 1213 1277 de
1234 1240 1358 1277 domo
1374 1240 1626 1288 probationis
1641 1241 1680 1277 in
1696 1242 1791 1278 turri
1805 1241 1926 1278 rubra

292 1296 436 1362 (anre
456 1314 601 1360 Rossa)
625 1313 922 1350 constituenda:
950 1312 1002 1349 de
1028 1312 1297 1360 eleemosynis
1323 1324 1346 1348 a
1373 1312 1414 1348 P.
1443 1311 1621 1349 Polanco
1647 1312 1924 1360 procurandis:

291 1386 343 1422 de
370 1386 549 1433 hispanis
576 1385 627 1421 ad
649 1384 815 1430 Italiam,
837 1389 877 1421 et
897 1383 948 1420 de
969 1383 1071 1421 italis
1093 1388 1133 1420 et
1153 1383 1282 1432 belgis
1304 1384 1342 1420 in
1364 1383 1603 1431 Hispaniam
1625 1383 1841 1420 mittendis:
1872 1383 1924 1421 de

291 1456 648 1494 constitutionibus
669 1455 762 1493 alibi
783 1455 1102 1504 promulgandis,
1123 1460 1199 1492 etc.
1221 1454 1309 1495 Fol.
1335 1464 1398 1501 3v,
1420 1455 1484 1492 hic
1513 1454 1650 1492 titulus
1676 1455 1832 1502 positus
1852 1460 1924 1492 est:

292 1529 602 1565 «Resolutiones
632 1528 683 1565 de
713 1528 750 1564 la
781 1527 964 1564 consulta
994 1526 1114 1564 sobre
1141 1526 1157 1543 ³
1183 1526 1220 1563 la
1241 1526 1369 1563 orden
1391 1525 1442 1562 de
1470 1537 1602 1563 casa.»
1623 1525 1856 1573 Sequuntur
1877 1538 1926 1576 30

288 1600 570 1646 resolutiones,
589 1605 649 1636 tot
669 1599 846 1636 numeris
875 1599 1070 1647 signatae.
1100 1597 1185 1634 Fol.
1221 1605 1273 1644 51·‚
1303 1598 1366 1634 hic
1396 1597 1534 1634 titulus
1563 1597 1744 1634 habetur:
1777 1597 1924 1635 «Suma

288 1672 340 1708 de
369 1672 427 1708 las
457 1677 576 1709 cosas
604 1683 684 1719 que
714 1682 857 1719 pareze
877 1675 998 1707 tocan
1025 1670 1048 1706 a
1075 1669 1123 1706 N.
1152 1670 1193 1707 Ρ.
1217 1681 1267 1706 011
1288 1674 1441 1717 quanto
1463 1669 1702 1706 fundador.»
1730 1668 1815 1706 Sub
1845 1670 1923 1707 hoc

289 1743 403 1780 titulo
435 1753 477 1780 12
506 1748 657 1791 puncta
686 1746 904 1790 ponuntur:
933 1747 1022 1779 Lum
1054 1740 1171 1789 «Que
1201 1753 1245 1778 se
1275 1741 1457 1777 asienten
1487 1740 1545 1778 las
1575 1743 1921 1780 constitutiones.»

296 1821 412 1853 12.um
436 1815 543 1852 <Dar
563 1814 691 1851 orden
712 1814 735 1850 a
756 1813 817 1850 105
837 1812 961 1850 libros
981 1813 1033 1849 de
1054 1812 1302 1849 humanidad
1324 1824 1404 1868 que
1425 1823 1468 1849 se
1496 1813 1575 1849 han
1602 1813 1654 1849 de
1680 1813 1873 1862 aderecar
1897 1827 1922 1863 y

288 1888 310 1924 a
329 1887 390 1924 los
411 1887 462 1923 de
482 1886 691 1935 theologia
710 1898 736 1934 y
757 1890 875 1930 artes,
895 1889 996 1922 etc.»
1019 1883 1108 1922 Fol.
1133 1891 1195 1930 5v,
1216 1884 1279 1921 hic
1300 1883 1438 1921 titulus
1458 1884 1585 1921 adest:
1609 1884 1770 1922 «Delas
1790 1896 1870 1933 que
1886 1886 1922 1923 le

285 1965 407 1996 tocan
430 1970 548 1995 como
569 1957 777 2006 preposito
794 1956 996 2006 general.»
1019 1955 1264 2004 Quindecim
1281 1961 1431 2003 puncta
1448 1962 1683 2003 sequuntur:
1707 1963 1796 1994 1.11111
1813 1957 1923 1994 «Ha-

286 2042 351 2068 zer
371 2030 546 2080 guardar
565 2029 623 2066 las
645 2029 840 2078 reglas...»
870 2033 987 2074 15.1¹m
1011 2027 1099 2064 «No
1121 2026 1164 2064 50
1184 2038 1264 2074 que
1286 2038 1328 2063 se
1350 2038 1421 2064 use
1443 2027 1666 2065 demandat
1691 2028 1714 2064 zi
1743 2028 1804 2064 los
1829 2040 1920 2076 pre-

286 2103 441 2149 positos
462 2100 732 2149 prouinciales
753 2105 899 2137 cuenta
919 2099 971 2136 de
992 2110 1060 2135 sus
1082 2098 1251 2143 officios,
1274 2099 1311 2135 ni
1333 2104 1524 2146 tampoco
1546 2099 1597 2135 de
1619 2111 1687 2136 sus
1708 2100 1920 2137 conscien-

286 2174 374 2218 tias;
403 2174 440 2209 ni
461 2179 652 2220 tampoco
680 2172 724 2208 se
745 2182 825 2218 que
853 2182 896 2207 se
918 2181 991 2208 use
1013 2181 1090 2206 con
1111 2169 1282 2218 algunos
1303 2174 1413 2206 otros
1434 2170 1456 2206 a
1477 2171 1646 2217 quienes
1669 2182 1712 2207 se
1733 2176 1919 2208 cometen

286 2256 430 2294 cargos
451 2244 503 2280 de
526 2243 802 2291 importancia;
823 2255 848 2291 y
875 2253 918 2278 es
945 2241 997 2278 de
1017 2241 1193 2278 aduertir
1218 2240 1298 2288 que
1325 2241 1516 2289 exemplo
1544 2252 1587 2278 se
1613 2241 1671 2278 les
1701 2241 1797 2278 dara
1824 2253 1920 2290 para

285 2316 474 2353 adelante
495 2316 517 2351 a
538 2315 598 2351 105
619 2325 699 2362 que
720 2313 983 2358 succederem,
1005 2313 1036 2349 si
1057 2323 1152 2349 aora
1173 2324 1226 2348 no
1249 2323 1292 2349 se
1313 2313 1448 2349 haze.»
1472 2312 1556 2350 Fol.
1581 2323 1642 2361 7v:
1668 2313 1753 2350 «De
1780 2313 1818 2350 lo
1839 2325 1919 2361 que

285 2394 379 2424 toea
406 2388 428 2423 a
456 2387 504 2424 N.
534 2386 590 2432 P.‚
618 2397 736 2423 como
763 2384 787 2421 a
813 2385 935 2432 quien
955 2395 999 2420 es
1019 2384 1203 2431 superior
1224 2394 1273 2419 en
1295 2383 1331 2420 la
1352 2395 1446 2420 casa
1465 2396 1490 2432 y
1512 2384 1683 2434 collegio
1704 2385 1756 2422 de
1776 2385 1918 2431 Roma,

285 2460 400 2496 hasta
420 2470 500 2505 que
521 2468 658 2506 ponga
679 2461 819 2510 otro.»·
834 2465 878 2504 17
899 2460 1049 2503 puncta
1070 2459 1270 2491 notantur:
1299 2460 1388 2492 Lum
1412 2454 1556 2492 «Mirar
1575 2456 1607 2492 si
1628 2467 1672 2492 se
1694 2456 1844 2493 alteran
1860 2456 1918 2493 las

286 2530 658 2567 constitutiones...»
688 2532 805 2576 17.¹¹m
824 2526 968 2563 «Mirar
988 2537 1067 2573 que
1088 2537 1141 2562 no
1163 2525 1256 2562 salte
1276 2525 1314 2561 10
1336 2526 1566 2563 necessario
1586 2513 1682 2574 para
1702 2527 1739 2564 la
1759 2532 1918 2564 susten-

282 2602 482 2639 tacion...»
516 2599 601 2637 Fol.
633 2600 695 2637 8v:
729 2598 876 2636 «Suma
905 2597 957 2634 de
978 2597 1036 2634 las
1057 2608 1175 2634 cosas
1195 2608 1275 2644 que
1296 2608 1371 2634 son
1398 2598 1579 2645 proprias
1607 2597 1673 2634 del
1702 2598 1837 2635 officio
1865 2598 1918 2635 de

284 2674 514 2718 secretario,
535 2682 615 2719 que
636 2670 686 2708 N.
709 2670 750 2708 P.
772 2671 824 2707 ha
844 2668 952 2706 dado
973 2668 996 2705 a
1017 2667 1232 2705 Polanco.»
1262 2673 1351 2705 1.¹1m
1371 2668 1500 2705 «Leer
1514 2668 1572 2705 las
1587 2669 1706 2706 letras
1726 2669 1778 2706 de
1798 2669 1917 2707 todas

283 2750 480 2793 partes...»
511 2748 627 2792 17.um
651 2741 741 2779 «Un
761 2740 863 2778 libro
885 2740 936 2777 de
962 2739 1023 2776 los
1044 2751 1124 2787 que
1145 2745 1349 2777 entran...»
1375 2739 1460 2776 Fol.
1481 2749 1536 2785 9r:
1562 2740 1667 2777 «Las
1693 2751 1811 2777 cosas
1837 2752 1916 2788 que

285 2828 359 2854 son
381 2813 712 2852 encomendadas
733 2813 768 2850 al
789 2823 945 2849 mesmo
966 2811 1157 2857 Polanco‚
1177 2822 1296 2848 como
1323 2811 1345 2847 a
1365 2811 1612 2849 thesorero.»
1647 2817 1735 2848 Lum
1759 2811 1918 2849 «Tener

284 2887 473 2937 cuydado
505 2885 556 2922 de
585 2885 732 2922 buscar
758 2884 877 2922 como
904 2895 948 2920 se
968 2893 1121 2931 prouea
1140 2881 1176 2919 al
1196 2882 1381 2919 vestir...»
1408 2888 1500 2930 7‚um
1533 2882 1744 2920 «...buscar
1763 2888 1916 2930 presta-

355 3048 371 3063 a
422 3035 537 3071 sobra
557 3045 628 3070 ms.
