2028 3426
639 286 912 321 MONUMENTA
937 284 1203 327 ITALIAE—17
1244 314 1249 318 .
1619 295 1685 330 149

7 373 11 387 ἦ
32 433 39 436 ⁴
83 381 86 384 ⁴
113 389 258 433 minus
274 387 381 430 velit
404 387 523 430 illam
549 388 698 428 facere
721 386 777 429 de
800 399 881 427 sua
897 383 1136 427 clementia
1159 398 1210 426 ac
1228 384 1372 439 gratia
1392 385 1657 438 auctiorem,
1683 387 1728 429 id

111 465 238 510 nobis
259 467 344 507 hoc
366 471 567 518 tempore
590 461 858 505 confidimus
876 460 1098 512 euenisse,
1122 467 1168 502 vt
1185 475 1240 503 ex
1258 462 1342 502 hac
1360 460 1450 503 leui
1474 461 1726 505 tribulatio-

49 537 53 540 *
111 557 166 586 ne
182 548 452 598 prouentum
475 539 670 593 aliquem
688 537 872 593 spiritus
897 538 1043 580 facere
1066 537 1308 592 possimus.

194 619 296 661 Non
319 616 549 672 potuimus
572 622 720 657 tamen
745 615 810 671 (ut
842 614 1042 670 ingenue
1070 614 1286 678 dicamus)
1317 629 1406 657 non
1436 629 1534 657 esse
1563 616 1726 659 soliciti

105 696 169 739 de'
182 693 512 737 existimatione
534 705 586 735 ac
609 693 728 734 bono
751 691 989 735 Societatis
1012 691 1209 744 nomine,
1235 692 1355 746 quod
1375 692 1611 748 negligere
1635 709 1724 736 non

84 816 89 822 ,
105 771 336 814 debemus:
358 770 420 811 ita
439 768 558 812 enim
574 783 656 811 nos
673 770 837 810 docent
856 783 1009 812 sacrae
1027 768 1196 820 literae,
1216 768 1277 810 ita
1292 777 1549 811 sanctorum
1570 784 1723 812 exem-

9 894 11 900 ,
107 849 177 904 pla
199 854 399 889 monent.
427 845 706 889 Videbamus
729 859 924 899 namque
946 845 1137 900 primum
1157 844 1444 888 acerbissime
1467 847 1722 890 traductam

50 933 202 968 pesse
228 922 518 967 Societatem:
560 921 855 965 audiebamus
884 921 1047 965 deinde
1071 935 1252 964 causam
1281 922 1371 977 agi,
1399 929 1538 966 testes
1566 925 1715 980 appel-

9 979 11 987 Ι
103 999 184 1042 lari
206 1006 342 1054 atque
365 998 626 1050 examinari,
653 998 783 1040 nobis
813 997 991 1041 interim
1015 1012 1105 1040 non
1130 998 1315 1041 uocatis:
1341 998 1599 1043 sciebamus
1623 1015 1721 1044 esse

10 1112 11 1122 ,
54 1084 55 1089 ’
99 1077 350 1120 desertores
387 1075 561 1129 aliquos
600 1074 856 1119 Societatis:
888 1089 986 1117 esse
1023 1074 1099 1129 qui
1137 1074 1267 1118 nobis
1303 1090 1394 1117 non
1427 1076 1535 1120 satis
1568 1086 1721 1121 essent

10 1133 11 1151 i
102 1152 244 1208 aequi:
270 1166 502 1207 nunquam
525 1151 659 1194 etiam
682 1151 881 1195 defuisse
904 1151 1266 1194 calumniatores:
1300 1166 1482 1195 causam
1516 1155 1721 1197 animad-

104 1229 387 1273 uertebamus
411 1229 530 1271 unde
553 1235 672 1271 esset
694 1235 791 1270 orta
813 1230 925 1271 haec
948 1228 1218 1271 criminatio.
1250 1228 1458 1284 Denique
1490 1239 1720 1275 ueterato-

100 1305 158 1347 ris
185 1305 418 1349 daemoni‘s
454 1304 671 1347 inuidiam
709 1312 754 1347 et
793 1305 987 1360 pessima
1023 1305 1209 1347 consilia
1247 1320 1338 1348 non
1377 1306 1715 1362 ignorabamus.

69 1397 73 1399 ’
100 1383 198 1426 Non
227 1390 487 1437 poteramus
516 1381 656 1438 igitur
683 1397 771 1424 non
802 1397 901 1426 esse
929 1381 1109 1433 soliciti,
1136 1382 1172 1424 si
1201 1397 1290 1425 non
1330 1392 1487 1426 nostro
1516 1385 1719 1440 priuato-

103 1471 198 1500 rum
235 1459 486 1512 hominum,
512 1466 634 1501 certe
673 1458 911 1503 Societatis
950 1458 1146 1510 nomine,
1179 1459 1308 1502 cuius
1340 1460 1611 1504 existimatio
1650 1471 1719 1507 est

100 1537 156 1577 ad
172 1536 304 1578 finem
330 1542 531 1578 nostrum
553 1537 872 1588 exercendum,
894 1537 981 1578 hoc
999 1546 1082 1586 est,
1104 1537 1159 1578 ad
1181 1536 1403 1579 iuuandas
1427 1535 1614 1591 animas}
1636 1556 1717 1584 ne-

100 1611 303 1654 cessaria.
331 1613 485 1666 Itaque
514 1613 638 1656 zelus
667 1627 748 1654 nos
777 1612 958 1654 diuinae
986 1613 1156 1668 gloriae
1185 1615 1511 1657 commovebat.
1547 1617 1717 1660 Verum

100 1687 145 1730 in
161 1688 230 1730 his
252 1688 604 1744 cogitationibus
627 1690 909 1732 sustentabat
931 1703 1055 1744 spem
1079 1696 1275 1732 nostram
1299 1691 1416 1733 bona
1439 1692 1717 1736 conscientia

99 1763 143 1806 in
171 1765 307 1820 Xpo.,
339 1765 558 1807 districtio
594 1765 728 1808 etiam
761 1766 1037 1821 disciplinae,
1074 1780 1189 1820 quae
1226 1766 1271 1808 in
1308 1767 1532 1811 Societate
1570 1769 1710 1826 viget,

99 1841 214 1896 Xpo.
240 1842 370 1894 duce,
397 1842 614 1897 perfectio
643 1842 849 1885 instituti.
879 1844 1127 1886 Recreabat
1151 1857 1260 1885 uero
1289 1843 1487 1886 animum
1511 1848 1712 1890 nostrum

62 1935 66 1938 ·
99 1918 364 1961 sanctissimi
392 1918 560 1960 domini
591 1919 731 1962 nostri
769 1920 846 1961 lux
884 1919 956 1961 illa
985 1919 1230 1974 sapientiae
1267 1928 1312 1969 et
1340 1920 1552 1975 iustitiae,
1579 1938 1712 1978 quam

97 1994 222 2048 quasi
250 1995 443 2037 deriuari
472 1996 778 2038 sentiebamus
806 1996 851 2037 in
883 2010 1060 2038 sacrum
1095 1994 1420 2040 reformationis
1451 1999 1710 2055 collegium,

78 2070 171 2116 ¹cui
193 2085 374 2113 causam
400 2079 598 2114 nostram
621 2073 806 2116 dederat
828 2075 1208 2128 cognoscendam.
1235 2075 1390 2128 Itaque
1407 2090 1466 2118 eo
1489 2077 1712 2120 euadebat

58 2163 60 2166 >
97 2143 446 2200 illa‘solicitudo,
473 2155 522 2190 ut
545 2149 848 2204 gauderemus
870 2149 1037 2205 potius.
1064 2151 1165 2193 Non
1189 2151 1336 2193 solum
1360 2159 1510 2195 autem
1535 2154 1600 2209 (ut
1624 2155 1710 2196 hoc

96 2256 183 2303 psit,
202 2257 359 2293 inducta
377 2266 479 2303 sunt,
499 2271 598 2306 quae
616 2271 685 2306 pro
704 2272 808 2295 more
827 2266 972 2306 nostro,
992 2262 1136 2296 lectore
1146 2263 1313 2311 monito,
1337 2263 1601 2300 emendamus.
1623 2265 1711 2300 Sac-

95 2309 247 2352 chinum
281 2324 455 2354 nostrum
485 2320 557 2354 hac
587 2320 762 2366 apologia
793 2332 905 2354 usum
937 2319 1057 2355 fuisse
1089 2321 1127 2355 in
1155 2321 1342 2356 Historia
1375 2322 1584 2357 Societatis
1600 2323 1712 2373 Jesu,

96 2380 200 2420 parte
219 2377 269 2422 11,
290 2378 388 2412 libro
407 2376 513 2422 VIII,
540 2390 587 2413 ex
607 2378 691 2424 ipso
710 2378 870 2413 exordio
894 2390 987 2414 suae
1010 2379 1221 2415 narrationi
1246 2380 1392 2415 inserto
1418 2388 1591 2427 apparet.
1612 2383 1712 2418 Illud

96 2438 220 2469 tamen
239 2447 315 2470 non
332 2436 380 2470 ad
399 2436 568 2472 litteram
587 2437 845 2483 transcripsit,
865 2437 933 2472 sed
961 2437 1131 2473 melioris
1156 2438 1361 2474 latinitatis
1383 2442 1620 2476 ornamentis
1646 2453 1711 2476 ex-

73 2484 242 2540 'polivit‚
262 2500 303 2529 ut
322 2495 455 2530 videre
475 2502 535 2530 est
554 2496 592 2531 in
611 2497 694 2531 loco
712 2496 845 2540 citato,
860 2498 934 2531 sub
953 2497 1125 2532 numeris
1145 2498 1266 2542 29-31.
1287 2499 1403 2533 Pater
1417 2505 1546 2534 autem
1566 2502 1712 2536 Bartoli

56 2572 82 2582 ,-
98 2551 134 2585 in
150 2562 219 2586 suo
237 2563 353 2598 opere
374 2554 480 2589 Dell’
500 2554 643 2589 istoria
662 2555 769 2590 della
790 2554 1044 2602 Compagnz'a
1074 2556 1117 2590 di
1138 2555 1259 2597 Gemi,
1290 2557 1332 2590 L'
1357 2555 1494 2601 ltalia,
1522 2558 1620 2593 libro
1645 2560 1711 2603 IV,

90 2603 176 2654 cap.
194 2609 248 2656 13,
267 2611 334 2651 ait.
354 2623 430 2647 non
449 2614 572 2648 solum
592 2614 637 2648 P.
663 2614 841 2648 Natalem
860 2614 929 2648 sed
948 2615 990 2648 P.
1012 2615 1221 2649 Polancum
1241 2615 1358 2650 etiam
1376 2618 1524 2651 calamo
1540 2617 1709 2652 Societa-

94 2671 169 2702 tem
187 2669 226 2704 in
243 2670 313 2704 hac
332 2673 500 2716 procella
518 2672 755 2707 defendisse.
777 2673 833 2707 En
852 2672 936 2718 ejus
956 2674 1089 2708 verba:
1123 2674 1298 2717 «Poscia,
1327 2686 1396 2720 per
1425 2675 1621 2710 iscrittura
1646 2676 1708 2710 de'

57 2769 69 2773 ς
93 2724 202 2762 Padri
220 2728 400 2774 Polanco,
416 2742 438 2764 e
457 2730 610 2776 Natale‚
630 2731 663 2766 si
683 2731 876 2766 sodisfece
891 2743 912 2765 a
931 2743 982 2766 un
1000 2732 1156 2767 residuo
1174 2732 1212 2767 di
1237 2732 1525 2768 sciocchissime
1545 2734 1709 2769 fantasie

93 2783 310 2832 imaginate,
333 2799 353 2822 e
373 2794 554 2834 proposte
573 2795 707 2824 contro
732 2791 766 2824 a’
793 2789 1018 2825 Confessori
1045 2791 1358 2827 massimamente
1383 2792 1484 2827 della
1516 2793 1614 2827 Casa
1645 2793 1707 2827 de’

95 2841 272 2888 Professi,
294 2848 459 2891 peroche
477 2847 610 2883 aventi
625 2850 699 2883 alla
717 2850 774 2883 lor
791 2848 922 2883 chiesa
941 2861 992 2883 un
1011 2854 1148 2895 troppo
1168 2862 1375 2885 numeroso
1390 2863 1412 2885 e
1433 2857 1708 2897 perseverante

10 2937 16 2952 Ι
93 2911 273 2939 concorso
291 2904 329 2939 di
359 2905 565 2951 penitenti,
585 2918 606 2941 e
631 2907 768 2952 divofi,
795 2919 815 2941 e
836 2906 966 2953 percio
992 2907 1136 2942 veduto
1160 2908 1198 2942 di
1230 2911 1318 2943 mal'
1345 2909 1491 2952 oechio,
1521 2921 1541 2943 e
1569 2909 1607 2943 di
1634 2911 1707 2944 mal

76 2970 218 2996 cuore:
238 2974 258 2997 e
277 2964 412 3010 quindi
441 2966 530 3011 quel
562 2965 622 3000 eh’
641 2977 705 3000 era
729 2965 849 3001 frutto
874 2966 911 3000 d’
937 2966 1138 3013 assiduita,
1158 2979 1179 3002 e
1205 2969 1309 3003 buon
1330 2968 1467 3002 effetto
1492 2968 1531 3002 di
1555 2968 1704 3014 spirito,

4 3016 6 3018 ’
46 3027 49 3030 ·
92 3025 219 3056 recato
236 3033 258 3056 a
276 3021 463 3058 industria
481 3024 519 3058 d’
540 3024 613 3059 arti
631 3024 951 3060 disconvenevoli
969 3025 1016 3060 ad
1036 3026 1205 3061 usarsi.»
1226 3028 1282 3061 Ex
1314 3027 1455 3073 quibus
1481 3026 1612 3061 verbis
1637 3028 1708 3062 Po-

94 3076 240 3114 lancum
259 3091 346 3115 cum
361 3082 490 3117 Natali
507 3083 544 3117 in
562 3083 632 3117 hac
652 3083 829 3129 apologia
848 3084 1084 3119 lucubranda
1102 3086 1360 3120 collaborasse
1380 3085 1462 3119 erui
1480 3085 1646 3120 videtur.

6 2536 17 2599 ..-.⁴‘1—¹
6 2467 17 2521 μεμε
6 2176 16 2459 453ψὸυῂ-μω...
6 2009 15 2170 -.ns-mesa...
8 1953 15 2001 ..-.-

5 2826 14 2840 κ
11 2739 17 2779 *A*
6 2602 17 2721 »gs-au<-
