<?xml version="1.0" encoding="UTF-8"?>
<!DOCTYPE html PUBLIC "-//W3C//DTD XHTML 1.0 Transitional//EN"
    "http://www.w3.org/TR/xhtml1/DTD/xhtml1-transitional.dtd">
<html xmlns="http://www.w3.org/1999/xhtml" xml:lang="en" lang="en">
 <head>
  <title>
</title>
<meta http-equiv="Content-Type" content="text/html;charset=utf-8" />
  <meta name='ocr-system' content='tesseract 3.04.00' />
  <meta name='ocr-capabilities' content='ocr_page ocr_carea ocr_par ocr_line ocrx_word'/>
</head>
<body>
  <div class='ocr_page' id='page_1' title='image "./epistolaephieron11nada_0729.png"; bbox 0 0 2028 3426; ppageno 0'>
   <div class='ocr_carea' id='block_1_1' title="bbox 579 240 1698 289">
    <p class='ocr_par' dir='ltr' id='par_1_1' title="bbox 579 240 1698 289">
     <span class='ocr_line' id='line_1_1' title="bbox 579 240 1698 289; baseline 0.002 -11"><span class='ocrx_word' id='word_1_1' title='bbox 579 240 812 278; x_wconf 77' lang='lat' dir='ltr'>ORATioNis</span> <span class='ocrx_word' id='word_1_2' title='bbox 838 249 1280 287; x_wconf 70' lang='lat' dir='ltr'>OBSERVA&#39;rioNEs—7o</span> <span class='ocrx_word' id='word_1_3' title='bbox 1627 244 1698 289; x_wconf 88' lang='lat'>703</span> 
     </span>
    </p>
   </div>
   <div class='ocr_carea' id='block_1_2' title="bbox 107 341 1767 3077">
    <p class='ocr_par' dir='ltr' id='par_1_2' title="bbox 109 341 1744 1163">
     <span class='ocr_line' id='line_1_2' title="bbox 203 341 1744 400; baseline 0.003 -16"><span class='ocrx_word' id='word_1_4' title='bbox 203 341 422 385; x_wconf 81' lang='lat' dir='ltr'>Ieiunium</span> <span class='ocrx_word' id='word_1_5' title='bbox 457 357 597 385; x_wconf 89' lang='lat' dir='ltr'>vnum</span> <span class='ocrx_word' id='word_1_6' title='bbox 621 342 813 398; x_wconf 88' lang='lat' dir='ltr'>singulis</span> <span class='ocrx_word' id='word_1_7' title='bbox 841 343 1152 396; x_wconf 76' lang='lat' dir='ltr'>hebdomadis,</span> <span class='ocrx_word' id='word_1_8' title='bbox 1187 351 1231 388; x_wconf 89' lang='lat' dir='ltr'>et</span> <span class='ocrx_word' id='word_1_9' title='bbox 1268 345 1514 400; x_wconf 87' lang='lat' dir='ltr'>flagellatio</span> <span class='ocrx_word' id='word_1_10' title='bbox 1551 361 1655 400; x_wconf 88' lang='lat' dir='ltr'>vna,</span> <span class='ocrx_word' id='word_1_11' title='bbox 1695 357 1744 389; x_wconf 89' lang='lat' dir='ltr'>vt</span> 
     </span>
     <span class='ocr_line' id='line_1_3' title="bbox 115 418 1741 474; baseline 0.004 -15"><span class='ocrx_word' id='word_1_12' title='bbox 115 420 318 474; x_wconf 83' lang='lat' dir='ltr'>symbola</span> <span class='ocrx_word' id='word_1_13' title='bbox 340 419 635 462; x_wconf 87' lang='lat' dir='ltr'>afflictionum</span> <span class='ocrx_word' id='word_1_14' title='bbox 659 426 704 462; x_wconf 93' lang='lat' dir='ltr'>et</span> <span class='ocrx_word' id='word_1_15' title='bbox 727 418 947 474; x_wconf 80' lang='lat' dir='ltr'>passionis</span> <span class='ocrx_word' id='word_1_16' title='bbox 969 420 1076 474; x_wconf 85' lang='lat' dir='ltr'>Xpi.</span> <span class='ocrx_word' id='word_1_17' title='bbox 1103 419 1192 464; x_wconf 83' lang='lat'>2⁰3</span> <span class='ocrx_word' id='word_1_18' title='bbox 1212 422 1326 463; x_wconf 91' lang='lat' dir='ltr'>Nam</span> <span class='ocrx_word' id='word_1_19' title='bbox 1346 421 1442 463; x_wconf 91' lang='lat' dir='ltr'>aliis</span> <span class='ocrx_word' id='word_1_20' title='bbox 1460 422 1505 464; x_wconf 91' lang='lat' dir='ltr'>in</span> <span class='ocrx_word' id='word_1_21' title='bbox 1529 424 1663 465; x_wconf 89' lang='lat' dir='ltr'>rebus</span> <span class='ocrx_word' id='word_1_22' title='bbox 1686 438 1741 466; x_wconf 87' lang='lat' dir='ltr'>ex</span> 
     </span>
     <span class='ocr_line' id='line_1_4' title="bbox 116 494 1741 555; baseline 0.004 -19"><span class='ocrx_word' id='word_1_23' title='bbox 116 494 287 538; x_wconf 88' lang='lat' dir='ltr'>ratione</span> <span class='ocrx_word' id='word_1_24' title='bbox 310 503 455 538; x_wconf 90' lang='lat' dir='ltr'>status</span> <span class='ocrx_word' id='word_1_25' title='bbox 478 495 727 538; x_wconf 88' lang='lat' dir='ltr'>imitatores</span> <span class='ocrx_word' id='word_1_26' title='bbox 749 510 907 538; x_wconf 89' lang='lat' dir='ltr'>sumus</span> <span class='ocrx_word' id='word_1_27' title='bbox 931 495 1116 547; x_wconf 83' lang='lat' dir='ltr'>Christi,</span> <span class='ocrx_word' id='word_1_28' title='bbox 1144 503 1190 537; x_wconf 85' lang='lat' dir='ltr'>vt</span> <span class='ocrx_word' id='word_1_29' title='bbox 1218 496 1264 538; x_wconf 92' lang='lat' dir='ltr'>in</span> <span class='ocrx_word' id='word_1_30' title='bbox 1297 497 1514 549; x_wconf 90' lang='lat' dir='ltr'>oratione,</span> <span class='ocrx_word' id='word_1_31' title='bbox 1547 513 1741 555; x_wconf 54' lang='lat' dir='ltr'>pauper»</span> 
     </span>
     <span class='ocr_line' id='line_1_5' title="bbox 116 571 1739 629; baseline 0.003 -17"><span class='ocrx_word' id='word_1_32' title='bbox 116 578 221 623; x_wconf 88' lang='lat' dir='ltr'>tate,</span> <span class='ocrx_word' id='word_1_33' title='bbox 248 572 471 625; x_wconf 76' lang='lat' dir='ltr'>castitate,</span> <span class='ocrx_word' id='word_1_34' title='bbox 497 572 543 614; x_wconf 89' lang='lat' dir='ltr'>in</span> <span class='ocrx_word' id='word_1_35' title='bbox 573 573 678 624; x_wconf 90' lang='lat' dir='ltr'>fine,</span> <span class='ocrx_word' id='word_1_36' title='bbox 710 571 755 614; x_wconf 89' lang='lat' dir='ltr'>in</span> <span class='ocrx_word' id='word_1_37' title='bbox 785 572 1054 624; x_wconf 83' lang='lat' dir='ltr'>humilitate,</span> <span class='ocrx_word' id='word_1_38' title='bbox 1081 580 1126 615; x_wconf 92' lang='lat' dir='ltr'>et</span> <span class='ocrx_word' id='word_1_39' title='bbox 1154 573 1434 616; x_wconf 73' lang='lat' dir='ltr'>abiectione·</span> <span class='ocrx_word' id='word_1_40' title='bbox 1455 576 1511 616; x_wconf 90' lang='lat' dir='ltr'>Et</span> <span class='ocrx_word' id='word_1_41' title='bbox 1541 575 1739 629; x_wconf 89' lang='lat' dir='ltr'>quidem,</span> 
     </span>
     <span class='ocr_line' id='line_1_6' title="bbox 115 647 1740 704; baseline 0.002 -15"><span class='ocrx_word' id='word_1_42' title='bbox 115 649 237 702; x_wconf 92' lang='lat' dir='ltr'>quod</span> <span class='ocrx_word' id='word_1_43' title='bbox 259 649 315 690; x_wconf 91' lang='lat' dir='ltr'>ad</span> <span class='ocrx_word' id='word_1_44' title='bbox 333 648 551 692; x_wconf 86' lang='lat' dir='ltr'>ieiunium</span> <span class='ocrx_word' id='word_1_45' title='bbox 571 648 747 702; x_wconf 81' lang='lat' dir='ltr'>attinet,</span> <span class='ocrx_word' id='word_1_46' title='bbox 768 647 855 690; x_wconf 90' lang='lat' dir='ltr'>iam</span> <span class='ocrx_word' id='word_1_47' title='bbox 875 650 1011 692; x_wconf 87' lang='lat' dir='ltr'>Pater</span> <span class='ocrx_word' id='word_1_48' title='bbox 1027 649 1231 704; x_wconf 91' lang='lat' dir='ltr'>Ignatius</span> <span class='ocrx_word' id='word_1_49' title='bbox 1248 648 1409 691; x_wconf 83' lang='lat' dir='ltr'>indixit</span> <span class='ocrx_word' id='word_1_50' title='bbox 1426 650 1740 693; x_wconf 81' lang='lat' dir='ltr'>abstinentiam</span> 
     </span>
     <span class='ocr_line' id='line_1_7' title="bbox 113 723 1741 782; baseline 0.003 -17"><span class='ocrx_word' id='word_1_51' title='bbox 113 723 274 767; x_wconf 87' lang='lat' dir='ltr'>diebus</span> <span class='ocrx_word' id='word_1_52' title='bbox 297 725 491 776; x_wconf 84' lang='lat' dir='ltr'>veneris,</span> <span class='ocrx_word' id='word_1_53' title='bbox 518 739 652 781; x_wconf 90' lang='lat' dir='ltr'>quam</span> <span class='ocrx_word' id='word_1_54' title='bbox 677 724 881 769; x_wconf 85' lang='lat' dir='ltr'>Societas</span> <span class='ocrx_word' id='word_1_55' title='bbox 904 724 1062 780; x_wconf 80' lang='lat' dir='ltr'>recipit</span> <span class='ocrx_word' id='word_1_56' title='bbox 1084 732 1220 779; x_wconf 90' lang='lat' dir='ltr'>atque</span> <span class='ocrx_word' id='word_1_57' title='bbox 1242 726 1472 769; x_wconf 86' lang='lat' dir='ltr'>obseruat.</span> <span class='ocrx_word' id='word_1_58' title='bbox 1498 728 1566 769; x_wconf 91' lang='lat' dir='ltr'>De</span> <span class='ocrx_word' id='word_1_59' title='bbox 1589 728 1741 782; x_wconf 83' lang='lat' dir='ltr'>flagel-</span> 
     </span>
     <span class='ocr_line' id='line_1_8' title="bbox 113 800 1741 863; baseline 0.002 -21"><span class='ocrx_word' id='word_1_60' title='bbox 113 800 278 844; x_wconf 88' lang='lat' dir='ltr'>latione</span> <span class='ocrx_word' id='word_1_61' title='bbox 301 801 489 857; x_wconf 89' lang='lat' dir='ltr'>grauius</span> <span class='ocrx_word' id='word_1_62' title='bbox 511 809 580 844; x_wconf 89' lang='lat' dir='ltr'>est</span> <span class='ocrx_word' id='word_1_63' title='bbox 603 801 996 853; x_wconf 89' lang='lat' dir='ltr'>considerandum,</span> <span class='ocrx_word' id='word_1_64' title='bbox 1023 816 1080 844; x_wconf 90' lang='lat' dir='ltr'>an</span> <span class='ocrx_word' id='word_1_65' title='bbox 1103 801 1320 845; x_wconf 88' lang='lat' dir='ltr'>Societati</span> <span class='ocrx_word' id='word_1_66' title='bbox 1343 802 1401 863; x_wconf 87' lang='lat' dir='ltr'>sit</span> <span class='ocrx_word' id='word_1_67' title='bbox 1429 803 1741 858; x_wconf 85' lang='lat' dir='ltr'>praescriben-</span> 
     </span>
     <span class='ocr_line' id='line_1_9' title="bbox 110 877 1740 934; baseline 0.002 -15"><span class='ocrx_word' id='word_1_68' title='bbox 110 878 184 920; x_wconf 87' lang='lat' dir='ltr'>da.</span> <span class='ocrx_word' id='word_1_69' title='bbox 212 879 343 930; x_wconf 89' lang='lat' dir='ltr'>Nam,</span> <span class='ocrx_word' id='word_1_70' title='bbox 370 878 492 932; x_wconf 92' lang='lat' dir='ltr'>quod</span> <span class='ocrx_word' id='word_1_71' title='bbox 515 892 602 934; x_wconf 89' lang='lat' dir='ltr'>ego</span> <span class='ocrx_word' id='word_1_72' title='bbox 625 877 832 934; x_wconf 88' lang='lat' dir='ltr'>superius</span> <span class='ocrx_word' id='word_1_73' title='bbox 855 877 962 929; x_wconf 86' lang='lat' dir='ltr'>dixi,</span> <span class='ocrx_word' id='word_1_74' title='bbox 988 877 1197 933; x_wconf 90' lang='lat' dir='ltr'>proprius</span> <span class='ocrx_word' id='word_1_75' title='bbox 1225 878 1309 920; x_wconf 86' lang='lat' dir='ltr'>fuit</span> <span class='ocrx_word' id='word_1_76' title='bbox 1337 893 1497 921; x_wconf 85' lang='lat' dir='ltr'>sensus</span> <span class='ocrx_word' id='word_1_77' title='bbox 1527 880 1582 921; x_wconf 92' lang='lat' dir='ltr'>ad</span> <span class='ocrx_word' id='word_1_78' title='bbox 1615 894 1740 922; x_wconf 86' lang='lat' dir='ltr'>meae</span> 
     </span>
     <span class='ocr_line' id='line_1_10' title="bbox 109 954 1740 1010; baseline 0.001 -14"><span class='ocrx_word' id='word_1_79' title='bbox 109 954 416 998; x_wconf 90' lang='lat' dir='ltr'>conscientiae</span> <span class='ocrx_word' id='word_1_80' title='bbox 440 956 708 1010; x_wconf 88' lang='lat' dir='ltr'>profectum.</span> <span class='ocrx_word' id='word_1_81' title='bbox 735 956 804 997; x_wconf 91' lang='lat' dir='ltr'>De</span> <span class='ocrx_word' id='word_1_82' title='bbox 831 954 1139 1010; x_wconf 87' lang='lat' dir='ltr'>flagellatione</span> <span class='ocrx_word' id='word_1_83' title='bbox 1167 955 1531 1010; x_wconf 85' lang='lat' dir='ltr'>praescribenda,</span> <span class='ocrx_word' id='word_1_84' title='bbox 1563 955 1598 997; x_wconf 84' lang='lat' dir='ltr'>si</span> <span class='ocrx_word' id='word_1_85' title='bbox 1630 971 1740 998; x_wconf 85' lang='lat' dir='ltr'>con·</span> 
     </span>
     <span class='ocr_line' id='line_1_11' title="bbox 115 1030 1738 1087; baseline 0.002 -15"><span class='ocrx_word' id='word_1_86' title='bbox 115 1031 303 1073; x_wconf 86' lang='lat' dir='ltr'>sultaret</span> <span class='ocrx_word' id='word_1_87' title='bbox 340 1030 560 1083; x_wconf 80' lang='lat' dir='ltr'>Societas,</span> <span class='ocrx_word' id='word_1_88' title='bbox 594 1031 828 1087; x_wconf 89' lang='lat' dir='ltr'>probarem</span> <span class='ocrx_word' id='word_1_89' title='bbox 858 1044 945 1086; x_wconf 89' lang='lat' dir='ltr'>ego</span> <span class='ocrx_word' id='word_1_90' title='bbox 974 1038 1022 1072; x_wconf 82' lang='lat' dir='ltr'>vt</span> <span class='ocrx_word' id='word_1_91' title='bbox 1048 1045 1101 1073; x_wconf 87' lang='lat' dir='ltr'>ea</span> <span class='ocrx_word' id='word_1_92' title='bbox 1129 1038 1247 1074; x_wconf 90' lang='lat' dir='ltr'>esset</span> <span class='ocrx_word' id='word_1_93' title='bbox 1280 1031 1566 1085; x_wconf 86' lang='lat' dir='ltr'>breuissima,</span> <span class='ocrx_word' id='word_1_94' title='bbox 1603 1040 1652 1074; x_wconf 87' lang='lat' dir='ltr'>vt</span> <span class='ocrx_word' id='word_1_95' title='bbox 1691 1044 1738 1086; x_wconf 80' lang='lat'>15</span> 
     </span>
     <span class='ocr_line' id='line_1_12' title="bbox 116 1106 1321 1163; baseline 0.001 -15"><span class='ocrx_word' id='word_1_96' title='bbox 116 1106 303 1160; x_wconf 90' lang='lat' dir='ltr'>ictuum,</span> <span class='ocrx_word' id='word_1_97' title='bbox 331 1109 400 1152; x_wconf 89' lang='lat' dir='ltr'>vel</span> <span class='ocrx_word' id='word_1_98' title='bbox 424 1109 598 1159; x_wconf 83' lang='lat' dir='ltr'>decern,</span> <span class='ocrx_word' id='word_1_99' title='bbox 619 1109 778 1152; x_wconf 88' lang='lat' dir='ltr'>saltem</span> <span class='ocrx_word' id='word_1_100' title='bbox 796 1107 987 1163; x_wconf 89' lang='lat' dir='ltr'>singulis</span> <span class='ocrx_word' id='word_1_101' title='bbox 1011 1107 1321 1151; x_wconf 85' lang='lat' dir='ltr'>hebdomadis.</span> 
     </span>
    </p>

    <p class='ocr_par' dir='ltr' id='par_1_3' title="bbox 114 1183 1734 1316">
     <span class='ocr_line' id='line_1_13' title="bbox 201 1183 1734 1240; baseline 0.001 -14"><span class='ocrx_word' id='word_1_102' title='bbox 201 1185 437 1227; x_wconf 87' lang='lat' dir='ltr'>Renouare</span> <span class='ocrx_word' id='word_1_103' title='bbox 459 1184 767 1235; x_wconf 89' lang='lat' dir='ltr'>deuotionem,</span> <span class='ocrx_word' id='word_1_104' title='bbox 794 1198 908 1238; x_wconf 88' lang='lat' dir='ltr'>quae</span> <span class='ocrx_word' id='word_1_105' title='bbox 926 1183 1137 1239; x_wconf 86' lang='lat' dir='ltr'>prouenit</span> <span class='ocrx_word' id='word_1_106' title='bbox 1155 1199 1210 1227; x_wconf 83' lang='lat' dir='ltr'>ex</span> <span class='ocrx_word' id='word_1_107' title='bbox 1227 1183 1508 1240; x_wconf 87' lang='lat' dir='ltr'>inspectione</span> <span class='ocrx_word' id='word_1_108' title='bbox 1530 1184 1734 1240; x_wconf 91' lang='lat' dir='ltr'>reliquia-</span> 
     </span>
     <span class='ocr_line' id='line_1_14' title="bbox 114 1260 872 1316; baseline 0.003 -15"><span class='ocrx_word' id='word_1_109' title='bbox 114 1274 229 1312; x_wconf 84' lang='lat' dir='ltr'>rum,</span> <span class='ocrx_word' id='word_1_110' title='bbox 256 1260 494 1316; x_wconf 89' lang='lat' dir='ltr'>aliquoties</span> <span class='ocrx_word' id='word_1_111' title='bbox 512 1261 643 1304; x_wconf 89' lang='lat' dir='ltr'>annis</span> <span class='ocrx_word' id='word_1_112' title='bbox 665 1260 872 1316; x_wconf 91' lang='lat' dir='ltr'>singulis.</span> 
     </span>
    </p>

    <p class='ocr_par' dir='ltr' id='par_1_4' title="bbox 110 1336 1738 1546">
     <span class='ocr_line' id='line_1_15' title="bbox 200 1336 1735 1394; baseline 0.001 -14"><span class='ocrx_word' id='word_1_113' title='bbox 200 1337 319 1380; x_wconf 91' lang='lat' dir='ltr'>Vnio</span> <span class='ocrx_word' id='word_1_114' title='bbox 344 1337 519 1381; x_wconf 90' lang='lat' dir='ltr'>animae</span> <span class='ocrx_word' id='word_1_115' title='bbox 542 1338 597 1380; x_wconf 88' lang='lat' dir='ltr'>ad</span> <span class='ocrx_word' id='word_1_116' title='bbox 622 1339 767 1380; x_wconf 89' lang='lat' dir='ltr'>Deum</span> <span class='ocrx_word' id='word_1_117' title='bbox 791 1338 961 1392; x_wconf 88' lang='lat' dir='ltr'>absque</span> <span class='ocrx_word' id='word_1_118' title='bbox 978 1336 1161 1392; x_wconf 87' lang='lat' dir='ltr'>praeuia</span> <span class='ocrx_word' id='word_1_119' title='bbox 1183 1336 1439 1392; x_wconf 85' lang='lat' dir='ltr'>particulari</span> <span class='ocrx_word' id='word_1_120' title='bbox 1459 1337 1735 1394; x_wconf 81' lang='lat' dir='ltr'>cognitione,</span> 
     </span>
     <span class='ocr_line' id='line_1_16' title="bbox 110 1413 1738 1470; baseline 0.002 -16"><span class='ocrx_word' id='word_1_121' title='bbox 110 1413 194 1455; x_wconf 87' lang='lat' dir='ltr'>nisi</span> <span class='ocrx_word' id='word_1_122' title='bbox 224 1429 292 1465; x_wconf 92' lang='lat' dir='ltr'>ea,</span> <span class='ocrx_word' id='word_1_123' title='bbox 325 1429 440 1469; x_wconf 91' lang='lat' dir='ltr'>quae</span> <span class='ocrx_word' id='word_1_124' title='bbox 469 1430 524 1458; x_wconf 82' lang='lat' dir='ltr'>ex</span> <span class='ocrx_word' id='word_1_125' title='bbox 554 1415 643 1458; x_wconf 89' lang='lat' dir='ltr'>fide</span> <span class='ocrx_word' id='word_1_126' title='bbox 671 1421 739 1457; x_wconf 93' lang='lat' dir='ltr'>est</span> <span class='ocrx_word' id='word_1_127' title='bbox 767 1413 990 1470; x_wconf 89' lang='lat' dir='ltr'>generalis</span> <span class='ocrx_word' id='word_1_128' title='bbox 1013 1420 1058 1455; x_wconf 91' lang='lat' dir='ltr'>et</span> <span class='ocrx_word' id='word_1_129' title='bbox 1080 1413 1125 1454; x_wconf 91' lang='lat' dir='ltr'>in</span> <span class='ocrx_word' id='word_1_130' title='bbox 1149 1413 1486 1469; x_wconf 84' lang='lat' dir='ltr'>enig204mate,</span> <span class='ocrx_word' id='word_1_131' title='bbox 1514 1421 1558 1458; x_wconf 90' lang='lat' dir='ltr'>et</span> <span class='ocrx_word' id='word_1_132' title='bbox 1580 1415 1624 1456; x_wconf 89' lang='lat' dir='ltr'>in</span> <span class='ocrx_word' id='word_1_133' title='bbox 1655 1417 1738 1457; x_wconf 90' lang='lat' dir='ltr'>hac</span> 
     </span>
     <span class='ocr_line' id='line_1_17' title="bbox 110 1489 870 1546; baseline 0.003 -15"><span class='ocrx_word' id='word_1_134' title='bbox 110 1489 398 1533; x_wconf 89' lang='lat' dir='ltr'>continenter</span> <span class='ocrx_word' id='word_1_135' title='bbox 420 1491 610 1546; x_wconf 89' lang='lat' dir='ltr'>mystica</span> <span class='ocrx_word' id='word_1_136' title='bbox 628 1490 870 1546; x_wconf 82' lang='lat' dir='ltr'>theologia.</span> 
     </span>
    </p>

    <p class='ocr_par' dir='ltr' id='par_1_5' title="bbox 107 1567 1767 2697">
     <span class='ocr_line' id='line_1_18' title="bbox 200 1567 1736 1623; baseline -0.001 -13"><span class='ocrx_word' id='word_1_137' title='bbox 200 1569 368 1623; x_wconf 90' lang='lat' dir='ltr'>Magna</span> <span class='ocrx_word' id='word_1_138' title='bbox 390 1567 639 1611; x_wconf 90' lang='lat' dir='ltr'>consolatio</span> <span class='ocrx_word' id='word_1_139' title='bbox 657 1568 702 1610; x_wconf 93' lang='lat' dir='ltr'>in</span> <span class='ocrx_word' id='word_1_140' title='bbox 721 1567 910 1612; x_wconf 88' lang='lat' dir='ltr'>veritate</span> <span class='ocrx_word' id='word_1_141' title='bbox 928 1575 1107 1610; x_wconf 87' lang='lat' dir='ltr'>nostrae</span> <span class='ocrx_word' id='word_1_142' title='bbox 1124 1567 1372 1610; x_wconf 90' lang='lat' dir='ltr'>vocationis</span> <span class='ocrx_word' id='word_1_143' title='bbox 1391 1576 1526 1622; x_wconf 91' lang='lat' dir='ltr'>atque</span> <span class='ocrx_word' id='word_1_144' title='bbox 1543 1567 1736 1611; x_wconf 89' lang='lat' dir='ltr'>instituti</span> 
     </span>
     <span class='ocr_line' id='line_1_19' title="bbox 110 1644 1736 1701; baseline 0.001 -15"><span class='ocrx_word' id='word_1_145' title='bbox 110 1657 211 1686; x_wconf 91' lang='lat' dir='ltr'>cum</span> <span class='ocrx_word' id='word_1_146' title='bbox 237 1645 390 1687; x_wconf 91' lang='lat' dir='ltr'>multis</span> <span class='ocrx_word' id='word_1_147' title='bbox 413 1645 670 1701; x_wconf 88' lang='lat' dir='ltr'>lachrymis,</span> <span class='ocrx_word' id='word_1_148' title='bbox 698 1659 801 1688; x_wconf 92' lang='lat' dir='ltr'>cum</span> <span class='ocrx_word' id='word_1_149' title='bbox 824 1644 1071 1688; x_wconf 90' lang='lat' dir='ltr'>audiuisset</span> <span class='ocrx_word' id='word_1_150' title='bbox 1104 1644 1284 1699; x_wconf 89' lang='lat' dir='ltr'>quidam</span> <span class='ocrx_word' id='word_1_151' title='bbox 1316 1652 1590 1687; x_wconf 89' lang='lat' dir='ltr'>commotum</span> <span class='ocrx_word' id='word_1_152' title='bbox 1616 1647 1736 1687; x_wconf 85' lang='lat' dir='ltr'>Pau-</span> 
     </span>
     <span class='ocr_line' id='line_1_20' title="bbox 109 1721 1767 1778; baseline 0.002 -16"><span class='ocrx_word' id='word_1_153' title='bbox 109 1721 199 1763; x_wconf 89' lang='lat' dir='ltr'>lum</span> <span class='ocrx_word' id='word_1_154' title='bbox 223 1733 251 1775; x_wconf 80' lang='grc'>4</span> <span class='ocrx_word' id='word_1_155' title='bbox 273 1722 516 1766; x_wconf 84' lang='lat' dir='ltr'>aduersum</span> <span class='ocrx_word' id='word_1_156' title='bbox 540 1737 638 1774; x_wconf 89' lang='lat' dir='ltr'>nos,</span> <span class='ocrx_word' id='word_1_157' title='bbox 661 1729 845 1778; x_wconf 88' lang='lat' dir='ltr'>propter</span> <span class='ocrx_word' id='word_1_158' title='bbox 862 1722 1130 1766; x_wconf 88' lang='lat' dir='ltr'>delationem</span> <span class='ocrx_word' id='word_1_159' title='bbox 1150 1723 1405 1776; x_wconf 89' lang='lat' dir='ltr'>quamdam,</span> <span class='ocrx_word' id='word_1_160' title='bbox 1428 1736 1517 1776; x_wconf 93' lang='lat' dir='ltr'>quo</span> <span class='ocrx_word' id='word_1_161' title='bbox 1537 1729 1737 1776; x_wconf 88' lang='lat' dir='ltr'>tempore</span> <span class='ocrx_word' id='word_1_162' title='bbox 1764 1749 1767 1753; x_wconf 88' lang='lat'>·</span> 
     </span>
     <span class='ocr_line' id='line_1_21' title="bbox 108 1797 1735 1854; baseline 0.001 -16"><span class='ocrx_word' id='word_1_163' title='bbox 108 1805 203 1839; x_wconf 89' lang='lat' dir='ltr'>erat</span> <span class='ocrx_word' id='word_1_164' title='bbox 227 1797 421 1841; x_wconf 87' lang='lat' dir='ltr'>vicarius</span> <span class='ocrx_word' id='word_1_165' title='bbox 448 1801 498 1841; x_wconf 80' lang='lat' dir='ltr'>P.</span> <span class='ocrx_word' id='word_1_166' title='bbox 526 1800 722 1854; x_wconf 83' lang='lat' dir='ltr'>LayneZ.</span> <span class='ocrx_word' id='word_1_167' title='bbox 751 1799 975 1842; x_wconf 88' lang='lat' dir='ltr'>Postridie</span> <span class='ocrx_word' id='word_1_168' title='bbox 998 1813 1105 1841; x_wconf 81' lang='lat' dir='ltr'>vero</span> <span class='ocrx_word' id='word_1_169' title='bbox 1129 1799 1184 1841; x_wconf 91' lang='lat' dir='ltr'>ad</span> <span class='ocrx_word' id='word_1_170' title='bbox 1207 1798 1404 1853; x_wconf 87' lang='lat' dir='ltr'>missam,</span> <span class='ocrx_word' id='word_1_171' title='bbox 1426 1798 1501 1839; x_wconf 87' lang='lat' dir='ltr'>vbi</span> <span class='ocrx_word' id='word_1_172' title='bbox 1524 1798 1569 1839; x_wconf 91' lang='lat' dir='ltr'>in</span> <span class='ocrx_word' id='word_1_173' title='bbox 1593 1798 1735 1853; x_wconf 87' lang='lat' dir='ltr'>primo</span> 
     </span>
     <span class='ocr_line' id='line_1_22' title="bbox 109 1875 1737 1931; baseline 0.001 -16"><span class='ocrx_word' id='word_1_174' title='bbox 109 1882 336 1918; x_wconf 87' lang='lat' dir='ltr'>memento</span> <span class='ocrx_word' id='word_1_175' title='bbox 361 1883 618 1919; x_wconf 85' lang='lat' dir='ltr'>versaretur</span> <span class='ocrx_word' id='word_1_176' title='bbox 641 1875 776 1928; x_wconf 89' lang='lat' dir='ltr'>idem,</span> <span class='ocrx_word' id='word_1_177' title='bbox 803 1883 847 1918; x_wconf 89' lang='lat' dir='ltr'>et</span> <span class='ocrx_word' id='word_1_178' title='bbox 870 1877 1006 1919; x_wconf 89' lang='lat' dir='ltr'>vellet</span> <span class='ocrx_word' id='word_1_179' title='bbox 1028 1876 1209 1918; x_wconf 87' lang='lat' dir='ltr'>missam</span> <span class='ocrx_word' id='word_1_180' title='bbox 1234 1875 1457 1931; x_wconf 89' lang='lat' dir='ltr'>applicare</span> <span class='ocrx_word' id='word_1_181' title='bbox 1490 1876 1545 1917; x_wconf 91' lang='lat' dir='ltr'>ad</span> <span class='ocrx_word' id='word_1_182' title='bbox 1576 1889 1737 1918; x_wconf 87' lang='lat' dir='ltr'>neces-</span> 
     </span>
     <span class='ocr_line' id='line_1_23' title="bbox 109 1949 1733 2007; baseline 0.001 -16"><span class='ocrx_word' id='word_1_183' title='bbox 109 1949 285 1994; x_wconf 86' lang='lat' dir='ltr'>sitatem</span> <span class='ocrx_word' id='word_1_184' title='bbox 310 1951 551 1995; x_wconf 87' lang='lat' dir='ltr'>Societatis</span> <span class='ocrx_word' id='word_1_185' title='bbox 576 1961 874 2007; x_wconf 86' lang='lat' dir='ltr'>praesentem,</span> <span class='ocrx_word' id='word_1_186' title='bbox 900 1952 963 1994; x_wconf 88' lang='lat' dir='ltr'>ita</span> <span class='ocrx_word' id='word_1_187' title='bbox 987 1952 1071 1994; x_wconf 86' lang='lat' dir='ltr'>fuit</span> <span class='ocrx_word' id='word_1_188' title='bbox 1094 1959 1248 2007; x_wconf 88' lang='lat' dir='ltr'>raptus</span> <span class='ocrx_word' id='word_1_189' title='bbox 1271 1952 1326 1994; x_wconf 93' lang='lat' dir='ltr'>ad</span> <span class='ocrx_word' id='word_1_190' title='bbox 1349 1951 1550 1993; x_wconf 88' lang='lat' dir='ltr'>intimam</span> <span class='ocrx_word' id='word_1_191' title='bbox 1574 1965 1733 2005; x_wconf 80' lang='lat' dir='ltr'>quam—</span> 
     </span>
     <span class='ocr_line' id='line_1_24' title="bbox 109 2027 1736 2084; baseline 0.001 -16"><span class='ocrx_word' id='word_1_192' title='bbox 109 2027 210 2068; x_wconf 87' lang='lat' dir='ltr'>dam</span> <span class='ocrx_word' id='word_1_193' title='bbox 250 2028 489 2071; x_wconf 84' lang='lat' dir='ltr'>Societatis</span> <span class='ocrx_word' id='word_1_194' title='bbox 528 2028 782 2071; x_wconf 85' lang='lat' dir='ltr'>firmitatem</span> <span class='ocrx_word' id='word_1_195' title='bbox 821 2037 866 2071; x_wconf 89' lang='lat' dir='ltr'>et</span> <span class='ocrx_word' id='word_1_196' title='bbox 903 2028 1187 2084; x_wconf 86' lang='lat' dir='ltr'>principium,</span> <span class='ocrx_word' id='word_1_197' title='bbox 1228 2036 1276 2070; x_wconf 87' lang='lat' dir='ltr'>vt</span> <span class='ocrx_word' id='word_1_198' title='bbox 1314 2035 1407 2070; x_wconf 90' lang='lat' dir='ltr'>toto</span> <span class='ocrx_word' id='word_1_199' title='bbox 1440 2035 1608 2070; x_wconf 89' lang='lat' dir='ltr'>conatu</span> <span class='ocrx_word' id='word_1_200' title='bbox 1647 2042 1736 2070; x_wconf 92' lang='lat' dir='ltr'>non</span> 
     </span>
     <span class='ocr_line' id='line_1_25' title="bbox 109 2103 1736 2160; baseline 0 -15"><span class='ocrx_word' id='word_1_201' title='bbox 109 2104 304 2158; x_wconf 86' lang='lat' dir='ltr'>potuerit</span> <span class='ocrx_word' id='word_1_202' title='bbox 327 2105 383 2147; x_wconf 91' lang='lat' dir='ltr'>ad</span> <span class='ocrx_word' id='word_1_203' title='bbox 406 2103 528 2147; x_wconf 91' lang='lat' dir='ltr'>aliud</span> <span class='ocrx_word' id='word_1_204' title='bbox 557 2105 755 2148; x_wconf 89' lang='lat' dir='ltr'>animum</span> <span class='ocrx_word' id='word_1_205' title='bbox 786 2105 1036 2157; x_wconf 81' lang='lat' dir='ltr'>intendere,</span> <span class='ocrx_word' id='word_1_206' title='bbox 1067 2106 1140 2149; x_wconf 88' lang='lat' dir='ltr'>vel</span> <span class='ocrx_word' id='word_1_207' title='bbox 1169 2105 1348 2148; x_wconf 88' lang='lat' dir='ltr'>missam</span> <span class='ocrx_word' id='word_1_208' title='bbox 1379 2105 1619 2160; x_wconf 87' lang='lat' dir='ltr'>applicare,</span> <span class='ocrx_word' id='word_1_209' title='bbox 1652 2104 1736 2146; x_wconf 88' lang='lat' dir='ltr'>nisi</span> 
     </span>
     <span class='ocr_line' id='line_1_26' title="bbox 109 2181 1736 2242; baseline -0.001 -20"><span class='ocrx_word' id='word_1_210' title='bbox 109 2181 230 2234; x_wconf 91' lang='lat' dir='ltr'>quod</span> <span class='ocrx_word' id='word_1_211' title='bbox 253 2182 309 2223; x_wconf 94' lang='lat' dir='ltr'>ad</span> <span class='ocrx_word' id='word_1_212' title='bbox 331 2182 465 2225; x_wconf 87' lang='lat' dir='ltr'>finem</span> <span class='ocrx_word' id='word_1_213' title='bbox 491 2182 712 2236; x_wconf 87' lang='lat' dir='ltr'>applicare</span> <span class='ocrx_word' id='word_1_214' title='bbox 736 2182 882 2237; x_wconf 87' lang='lat' dir='ltr'>potuit</span> <span class='ocrx_word' id='word_1_215' title='bbox 904 2183 949 2224; x_wconf 92' lang='lat' dir='ltr'>in</span> <span class='ocrx_word' id='word_1_216' title='bbox 973 2197 1142 2238; x_wconf 78' lang='lat' dir='ltr'>genere</span> <span class='ocrx_word' id='word_1_217' title='bbox 1165 2183 1360 2237; x_wconf 89' lang='lat' dir='ltr'>quodam</span> <span class='ocrx_word' id='word_1_218' title='bbox 1385 2183 1440 2242; x_wconf 86' lang='lat' dir='ltr'>ad</span> <span class='ocrx_word' id='word_1_219' title='bbox 1469 2197 1537 2232; x_wconf 90' lang='lat' dir='ltr'>ea,</span> <span class='ocrx_word' id='word_1_220' title='bbox 1571 2181 1736 2236; x_wconf 85' lang='lat' dir='ltr'>quibus</span> 
     </span>
     <span class='ocr_line' id='line_1_27' title="bbox 108 2257 1735 2314; baseline 0 -15"><span class='ocrx_word' id='word_1_221' title='bbox 108 2265 203 2299; x_wconf 86' lang='lat' dir='ltr'>erat</span> <span class='ocrx_word' id='word_1_222' title='bbox 225 2257 383 2300; x_wconf 90' lang='lat' dir='ltr'>solitus</span> <span class='ocrx_word' id='word_1_223' title='bbox 406 2257 645 2313; x_wconf 90' lang='lat' dir='ltr'>applicare.</span> <span class='ocrx_word' id='word_1_224' title='bbox 674 2260 789 2301; x_wconf 91' lang='lat' dir='ltr'>Tota</span> <span class='ocrx_word' id='word_1_225' title='bbox 811 2259 950 2314; x_wconf 87' lang='lat' dir='ltr'>igitur</span> <span class='ocrx_word' id='word_1_226' title='bbox 973 2258 1214 2314; x_wconf 87' lang='lat' dir='ltr'>applicatio</span> <span class='ocrx_word' id='word_1_227' title='bbox 1238 2260 1294 2300; x_wconf 91' lang='lat' dir='ltr'>ad</span> <span class='ocrx_word' id='word_1_228' title='bbox 1311 2258 1498 2314; x_wconf 90' lang='lat' dir='ltr'>gloriam</span> <span class='ocrx_word' id='word_1_229' title='bbox 1524 2258 1607 2301; x_wconf 92' lang='lat' dir='ltr'>Dei</span> <span class='ocrx_word' id='word_1_230' title='bbox 1632 2258 1735 2300; x_wconf 91' lang='lat' dir='ltr'>sim—</span> 
     </span>
     <span class='ocr_line' id='line_1_28' title="bbox 108 2331 1736 2390; baseline 0.002 -16"><span class='ocrx_word' id='word_1_231' title='bbox 108 2331 281 2387; x_wconf 85' lang='lat' dir='ltr'>pliciter</span> <span class='ocrx_word' id='word_1_232' title='bbox 299 2335 544 2385; x_wconf 87' lang='lat' dir='ltr'>ferebatur,</span> <span class='ocrx_word' id='word_1_233' title='bbox 568 2335 691 2376; x_wconf 87' lang='lat' dir='ltr'>nullo</span> <span class='ocrx_word' id='word_1_234' title='bbox 709 2335 1096 2387; x_wconf 65' lang='lat' dir='ltr'>consideratQ205</span> <span class='ocrx_word' id='word_1_235' title='bbox 1120 2335 1318 2390; x_wconf 87' lang='lat' dir='ltr'>periculo</span> <span class='ocrx_word' id='word_1_236' title='bbox 1338 2342 1517 2377; x_wconf 82' lang='lat' dir='ltr'>nostrae</span> <span class='ocrx_word' id='word_1_237' title='bbox 1542 2349 1736 2389; x_wconf 85' lang='lat' dir='ltr'>congre-</span> 
     </span>
     <span class='ocr_line' id='line_1_29' title="bbox 109 2410 1735 2467; baseline 0.002 -16"><span class='ocrx_word' id='word_1_238' title='bbox 109 2410 322 2465; x_wconf 84' lang='lat' dir='ltr'>gationis,</span> <span class='ocrx_word' id='word_1_239' title='bbox 355 2411 439 2453; x_wconf 90' lang='lat' dir='ltr'>nisi</span> <span class='ocrx_word' id='word_1_240' title='bbox 469 2413 589 2466; x_wconf 91' lang='lat' dir='ltr'>quod</span> <span class='ocrx_word' id='word_1_241' title='bbox 619 2411 841 2455; x_wconf 88' lang='lat' dir='ltr'>desiderio</span> <span class='ocrx_word' id='word_1_242' title='bbox 879 2427 931 2454; x_wconf 90' lang='lat' dir='ltr'>ac</span> <span class='ocrx_word' id='word_1_243' title='bbox 971 2414 1163 2467; x_wconf 85' lang='lat' dir='ltr'>quadam</span> <span class='ocrx_word' id='word_1_244' title='bbox 1196 2412 1317 2454; x_wconf 93' lang='lat' dir='ltr'>dulci</span> <span class='ocrx_word' id='word_1_245' title='bbox 1356 2411 1735 2466; x_wconf 85' lang='lat' dir='ltr'>contemplatione</span> 
     </span>
     <span class='ocr_line' id='line_1_30' title="bbox 107 2485 1734 2543; baseline 0.001 -16"><span class='ocrx_word' id='word_1_246' title='bbox 107 2485 338 2530; x_wconf 84' lang='lat' dir='ltr'>videretur</span> <span class='ocrx_word' id='word_1_247' title='bbox 367 2502 419 2530; x_wconf 89' lang='lat' dir='ltr'>ea</span> <span class='ocrx_word' id='word_1_248' title='bbox 448 2502 549 2543; x_wconf 86' lang='lat' dir='ltr'>pars</span> <span class='ocrx_word' id='word_1_249' title='bbox 578 2488 724 2532; x_wconf 86' lang='lat' dir='ltr'>iuuari</span> <span class='ocrx_word' id='word_1_250' title='bbox 752 2489 983 2531; x_wconf 86' lang='lat' dir='ltr'>hominurn</span> <span class='ocrx_word' id='word_1_251' title='bbox 1018 2504 1043 2531; x_wconf 91' lang='lat' dir='ltr'>a</span> <span class='ocrx_word' id='word_1_252' title='bbox 1076 2489 1318 2539; x_wconf 88' lang='lat' dir='ltr'>Societate,</span> <span class='ocrx_word' id='word_1_253' title='bbox 1359 2503 1472 2542; x_wconf 90' lang='lat' dir='ltr'>quae</span> <span class='ocrx_word' id='word_1_254' title='bbox 1511 2487 1734 2529; x_wconf 83' lang='lat' dir='ltr'>adiutorio</span> 
     </span>
     <span class='ocr_line' id='line_1_31' title="bbox 108 2563 1730 2619; baseline 0.001 -15"><span class='ocrx_word' id='word_1_255' title='bbox 108 2569 204 2604; x_wconf 84' lang='lat' dir='ltr'>erat</span> <span class='ocrx_word' id='word_1_256' title='bbox 225 2563 456 2616; x_wconf 86' lang='lat' dir='ltr'>destituta,</span> <span class='ocrx_word' id='word_1_257' title='bbox 484 2566 539 2607; x_wconf 90' lang='lat' dir='ltr'>ad</span> <span class='ocrx_word' id='word_1_258' title='bbox 563 2579 679 2619; x_wconf 90' lang='lat' dir='ltr'>quos</span> <span class='ocrx_word' id='word_1_259' title='bbox 702 2565 923 2607; x_wconf 88' lang='lat' dir='ltr'>iuuandos</span> <span class='ocrx_word' id='word_1_260' title='bbox 945 2565 1256 2619; x_wconf 85' lang='lat' dir='ltr'>vnusquisque</span> <span class='ocrx_word' id='word_1_261' title='bbox 1278 2564 1446 2618; x_wconf 83' lang='lat' dir='ltr'>alioqui</span> <span class='ocrx_word' id='word_1_262' title='bbox 1477 2565 1730 2607; x_wconf 86' lang='lat' dir='ltr'>tenebatur.</span> 
     </span>
     <span class='ocr_line' id='line_1_32' title="bbox 110 2639 1348 2697; baseline 0.002 -17"><span class='ocrx_word' id='word_1_263' title='bbox 110 2639 242 2681; x_wconf 88' lang='lat' dir='ltr'>Hanc</span> <span class='ocrx_word' id='word_1_264' title='bbox 267 2647 414 2683; x_wconf 87' lang='lat' dir='ltr'>tamen</span> <span class='ocrx_word' id='word_1_265' title='bbox 437 2655 591 2683; x_wconf 89' lang='lat' dir='ltr'>curam</span> <span class='ocrx_word' id='word_1_266' title='bbox 617 2641 796 2684; x_wconf 89' lang='lat' dir='ltr'>subibat</span> <span class='ocrx_word' id='word_1_267' title='bbox 820 2642 1025 2686; x_wconf 86' lang='lat' dir='ltr'>Societas</span> <span class='ocrx_word' id='word_1_268' title='bbox 1048 2642 1348 2697; x_wconf 86' lang='lat' dir='ltr'>peculiariter.</span> 
     </span>
    </p>

    <p class='ocr_par' dir='ltr' id='par_1_6' title="bbox 108 2716 1736 3077">
     <span class='ocr_line' id='line_1_33' title="bbox 195 2716 1734 2773; baseline 0.001 -16"><span class='ocrx_word' id='word_1_269' title='bbox 195 2716 422 2759; x_wconf 88' lang='lat' dir='ltr'>Gaudium</span> <span class='ocrx_word' id='word_1_270' title='bbox 447 2718 630 2773; x_wconf 89' lang='lat' dir='ltr'>spiritus</span> <span class='ocrx_word' id='word_1_271' title='bbox 654 2718 775 2760; x_wconf 91' lang='lat' dir='ltr'>omni</span> <span class='ocrx_word' id='word_1_272' title='bbox 798 2733 906 2761; x_wconf 88' lang='lat' dir='ltr'>cura</span> <span class='ocrx_word' id='word_1_273' title='bbox 936 2718 979 2759; x_wconf 93' lang='lat' dir='ltr'>in</span> <span class='ocrx_word' id='word_1_274' title='bbox 1011 2720 1130 2773; x_wconf 90' lang='lat' dir='ltr'>Xpo.</span> <span class='ocrx_word' id='word_1_275' title='bbox 1166 2717 1540 2760; x_wconf 86' lang='lat' dir='ltr'>considerandum</span> <span class='ocrx_word' id='word_1_276' title='bbox 1572 2729 1734 2770; x_wconf 84' lang='lat' dir='ltr'>perpe-</span> 
     </span>
     <span class='ocr_line' id='line_1_34' title="bbox 109 2791 1733 2849; baseline 0 -17"><span class='ocrx_word' id='word_1_277' title='bbox 109 2798 202 2843; x_wconf 91' lang='lat' dir='ltr'>tuo,</span> <span class='ocrx_word' id='word_1_278' title='bbox 229 2794 350 2847; x_wconf 91' lang='lat' dir='ltr'>quod</span> <span class='ocrx_word' id='word_1_279' title='bbox 373 2808 476 2835; x_wconf 91' lang='lat' dir='ltr'>cum</span> <span class='ocrx_word' id='word_1_280' title='bbox 499 2794 695 2849; x_wconf 86' lang='lat' dir='ltr'>puritate</span> <span class='ocrx_word' id='word_1_281' title='bbox 716 2794 879 2837; x_wconf 85' lang='lat' dir='ltr'>amoris</span> <span class='ocrx_word' id='word_1_282' title='bbox 912 2794 997 2837; x_wconf 82' lang='lat' dir='ltr'>Dei</span> <span class='ocrx_word' id='word_1_283' title='bbox 1030 2809 1205 2849; x_wconf 85' lang='lat' dir='ltr'>semper</span> <span class='ocrx_word' id='word_1_284' title='bbox 1240 2801 1307 2836; x_wconf 85' lang='lat' dir='ltr'>est</span> <span class='ocrx_word' id='word_1_285' title='bbox 1341 2792 1650 2842; x_wconf 88' lang='lat' dir='ltr'>coniunctum,</span> <span class='ocrx_word' id='word_1_286' title='bbox 1690 2791 1733 2832; x_wconf 91' lang='lat' dir='ltr'>in</span> 
     </span>
     <span class='ocr_line' id='line_1_35' title="bbox 108 2867 1735 2926; baseline 0.001 -18"><span class='ocrx_word' id='word_1_287' title='bbox 108 2867 265 2922; x_wconf 89' lang='lat' dir='ltr'>spiritu</span> <span class='ocrx_word' id='word_1_288' title='bbox 289 2869 451 2912; x_wconf 88' lang='lat' dir='ltr'>amoris</span> <span class='ocrx_word' id='word_1_289' title='bbox 475 2870 609 2912; x_wconf 91' lang='lat' dir='ltr'>illius.</span> <span class='ocrx_word' id='word_1_290' title='bbox 637 2872 703 2913; x_wconf 85' lang='lat' dir='ltr'>Ex</span> <span class='ocrx_word' id='word_1_291' title='bbox 725 2873 809 2913; x_wconf 93' lang='lat' dir='ltr'>hoc</span> <span class='ocrx_word' id='word_1_292' title='bbox 833 2870 1143 2926; x_wconf 86' lang='lat' dir='ltr'>componenda</span> <span class='ocrx_word' id='word_1_293' title='bbox 1166 2869 1316 2911; x_wconf 88' lang='lat' dir='ltr'>omnia</span> <span class='ocrx_word' id='word_1_294' title='bbox 1339 2868 1560 2910; x_wconf 84' lang='lat' dir='ltr'>inferioris</span> <span class='ocrx_word' id='word_1_295' title='bbox 1584 2868 1735 2909; x_wconf 90' lang='lat' dir='ltr'>homi-</span> 
     </span>
     <span class='ocr_line' id='line_1_36' title="bbox 109 2943 1736 3000; baseline 0.001 -16"><span class='ocrx_word' id='word_1_296' title='bbox 109 2943 178 2985; x_wconf 90' lang='lat' dir='ltr'>nis</span> <span class='ocrx_word' id='word_1_297' title='bbox 199 2945 381 3000; x_wconf 88' lang='lat' dir='ltr'>gaudia,</span> <span class='ocrx_word' id='word_1_298' title='bbox 407 2947 478 2989; x_wconf 87' lang='lat' dir='ltr'>vel</span> <span class='ocrx_word' id='word_1_299' title='bbox 502 2948 679 2990; x_wconf 86' lang='lat' dir='ltr'>dolores</span> <span class='ocrx_word' id='word_1_300' title='bbox 701 2947 970 3000; x_wconf 88' lang='lat' dir='ltr'>sustinendi,</span> <span class='ocrx_word' id='word_1_301' title='bbox 995 2947 1067 2988; x_wconf 79' lang='lat' dir='ltr'>vel</span> <span class='ocrx_word' id='word_1_302' title='bbox 1091 2946 1370 2995; x_wconf 85' lang='lat' dir='ltr'>moderandi,</span> <span class='ocrx_word' id='word_1_303' title='bbox 1398 2946 1468 2986; x_wconf 78' lang='lat' dir='ltr'>vel</span> <span class='ocrx_word' id='word_1_304' title='bbox 1497 2944 1631 2987; x_wconf 88' lang='lat' dir='ltr'>etiam</span> <span class='ocrx_word' id='word_1_305' title='bbox 1655 2944 1736 2985; x_wconf 91' lang='lat' dir='ltr'>im-</span> 
     </span>
     <span class='ocr_line' id='line_1_37' title="bbox 109 3020 1732 3077; baseline -0.001 -14"><span class='ocrx_word' id='word_1_306' title='bbox 109 3021 310 3074; x_wconf 89' lang='lat' dir='ltr'>perandi.</span> <span class='ocrx_word' id='word_1_307' title='bbox 344 3024 462 3064; x_wconf 92' lang='lat' dir='ltr'>Num</span> <span class='ocrx_word' id='word_1_308' title='bbox 493 3024 580 3065; x_wconf 91' lang='lat' dir='ltr'>hoc</span> <span class='ocrx_word' id='word_1_309' title='bbox 603 3031 671 3066; x_wconf 90' lang='lat' dir='ltr'>est</span> <span class='ocrx_word' id='word_1_310' title='bbox 700 3024 820 3077; x_wconf 88' lang='lat' dir='ltr'>quod</span> <span class='ocrx_word' id='word_1_311' title='bbox 854 3023 1021 3065; x_wconf 85' lang='lat' dir='ltr'>Paulus</span> <span class='ocrx_word' id='word_1_312' title='bbox 1055 3022 1181 3064; x_wconf 80' lang='lat' dir='ltr'>dixit:</span> <span class='ocrx_word' id='word_1_313' title='bbox 1222 3022 1456 3064; x_wconf 74' lang='lat' dir='ltr'>«Gaudete</span> <span class='ocrx_word' id='word_1_314' title='bbox 1494 3021 1537 3062; x_wconf 90' lang='lat' dir='ltr'>in</span> <span class='ocrx_word' id='word_1_315' title='bbox 1575 3020 1732 3063; x_wconf 89' lang='lat' dir='ltr'>Domi-</span> 
     </span>
    </p>
   </div>
  </div>
 </body>
</html>
