2028 3426
445 263 719 298 MoNUMENTA
745 269 999 298 1>RovmciAE
1025 261 1360 304 RHENANAE—54
1598 259 1667 305 329

87 365 249 408 fratres
271 370 434 407 octauo
456 377 636 418 quoque
652 361 740 413 die,
767 362 939 406 linthea
965 361 1197 405 mensibus
1225 360 1434 416 singulis;
1461 367 1506 404 et
1529 367 1713 403 curetur

86 448 136 483 vt
157 440 373 493 mantilia,
399 440 563 495 quibus
582 453 740 481 manus
758 439 1098 494 absterguntur,
1118 453 1176 481 ne
1194 436 1472 479 retineantur
1490 436 1711 478 inmunda

86 517 289 568 nimium,
315 518 436 572 quod
459 517 649 558 fortasse
666 529 974 569 assequemur,
995 515 1032 557 si
1049 514 1118 557 bis
1140 514 1185 556 in
1209 514 1494 557 hebdomada
1532 520 1710 557 muten-

87 601 175 647 tur,
215 600 259 636 et
282 593 370 635 sint
393 591 613 647 longiora,
645 597 690 632 et
720 605 858 633 vnum
887 590 1103 634 inseruiat
1131 590 1468 642 sacerdotibus,
1500 590 1590 632 duo
1622 590 1709 632 fra-

87 669 247 712 tribus.

173 747 223 788 In
245 748 524 801 hypocausto
547 760 682 797 nouo,
709 746 830 800 quod
853 752 921 789 est
943 744 1208 787 continuum
1232 743 1442 786 cubiculo
1461 743 1701 799 prouintia-

84 822 154 875 lis,
179 823 346 875 nullus,
373 837 430 865 ne
452 837 476 864 e
499 821 828 877 superioribus,
853 822 1060 864 comedet
1082 829 1099 845 a
1121 822 1258 864 donet
1280 819 1527 876 accipiatur
1548 820 1605 863 de
1627 821 1712 862 hac

86 914 134 942 re
158 913 421 954 responsum
444 913 469 940 a
487 899 600 940 Rdo.
631 900 764 941 Patre
786 905 955 940 nostro.
983 899 1144 941 Posset
1170 897 1432 952 dispensare
1460 896 1712 952 prouintia-

83 975 137 1018 lis
161 975 231 1017 vel
253 981 400 1018 rector
421 989 477 1017 ex
505 988 642 1018 causa
674 974 851 1027 idonea;
877 975 957 1017 sed
978 975 1034 1017 de
1064 972 1477 1029 dispensationibus
1509 972 1712 1016 scribant

84 1053 141 1094 ad
159 1065 246 1095 me.

170 1130 231 1171 Vt
254 1135 321 1171 est
344 1142 453 1170 vsus
475 1127 730 1179 Societatis,
757 1128 802 1170 in
826 1135 1015 1182 Vtraque
1038 1127 1172 1169 ianua
1195 1126 1392 1183 collegii,
1419 1133 1464 1168 et
1486 1141 1555 1178 ea,
1590 1141 1706 1181 quae

83 1212 257 1261 spectat
280 1206 337 1247 ad
358 1205 701 1258 commensales,
727 1211 771 1247 et
795 1218 862 1256 ea,
889 1219 1005 1259 quae
1026 1205 1083 1246 ad
1104 1203 1267 1246 atrium
1298 1204 1572 1255 scholarum,
1598 1204 1709 1246 fiant

82 1296 248 1337 paruae
271 1282 510 1333 fenestrae,
535 1281 737 1323 adhibito
760 1295 900 1336 paruo
923 1281 1123 1323 cancello
1147 1281 1308 1331 ferreo,
1334 1287 1383 1322 vt
1405 1279 1510 1323 inde
1533 1280 1707 1335 possint

81 1357 235 1400 videre
252 1358 458 1413 quisnam
482 1358 645 1413 pulset,
673 1358 825 1400 clausa
848 1357 997 1409 ianua,
1024 1365 1068 1399 et
1091 1357 1129 1399 si
1145 1356 1189 1399 in
1210 1356 1340 1400 tertia
1357 1363 1401 1398 et
1421 1371 1601 1412 magna,
1624 1371 1712 1412 qua

80 1433 273 1478 intratur
295 1435 351 1477 ad
374 1435 538 1476 atrium
561 1435 835 1486 scholarum,
869 1448 959 1476 non
989 1433 1096 1475 satis
1119 1433 1327 1476 videatur
1356 1448 1455 1476 esse
1484 1435 1706 1484 toramen,

80 1511 201 1566 quod
217 1512 354 1555 habet
376 1525 584 1566 paruum,
610 1509 873 1553 instituatur
894 1510 1030 1552 etiam
1055 1511 1252 1553 fenestra
1275 1509 1377 1554 alia.

168 1587 453 1631 Obseruetur
474 1587 548 1630 illa
571 1588 730 1643 regula
748 1587 849 1630 Rdi.
873 1587 1021 1630 Patris
1039 1587 1180 1629 nostri
1198 1586 1441 1642 generalis,
1467 1600 1524 1628 ne
1548 1585 1709 1641 aliquis

78 1664 340 1720 egrediatur
362 1665 546 1706 domurn
569 1665 708 1716 solus,
736 1678 793 1706 ne
814 1663 1021 1720 superior
1044 1663 1243 1719 quidem.
1414 1716 1417 1720 ι

167 1742 236 1784 Ne
259 1748 364 1783 eant
387 1740 529 1782 nostri
551 1742 608 1784 ad
645 1740 859 1783 conuiuia
896 1755 1069 1792 eorum,
1111 1740 1188 1795 qui
1226 1746 1568 1795 promouentur,
1596 1753 1712 1794 quae

78 1818 194 1859 fiunt
216 1817 262 1860 in
284 1817 490 1873 hospitiis
512 1817 721 1873 publicis:
754 1826 945 1873 possunt
977 1818 1247 1874 pretendere
1281 1831 1481 1869 causam,
1507 1817 1628 1871 quod
1652 1816 1711 1858 ita
1750 1811 1754 1814 ⁵
1784 1813 1790 1818 “

79 1895 249 1938 habent
272 1894 601 1950 praescriptum
624 1909 650 1937 a
672 1894 1002 1950 superioribus.
1230 1899 1234 1902 “

170 1971 263 2026 Qui
280 1986 371 2014 non
394 1972 599 2015 fecerunt
616 1971 846 2023 exercitia,
866 1986 891 2014 e
914 1971 1079 2013 nostris
1102 1970 1328 2023 omnibus,
1351 1970 1427 2025 qui
1445 1978 1552 2013 sunt
1570 1970 1709 2021 domi,

79 2055 321 2104 quaeratur
345 2047 525 2090 occasio
546 2054 591 2090 et
615 2055 808 2103 tempus,
831 2062 920 2103 quo
943 2047 1018 2090 illa
1035 2047 1216 2099 faciant,
1243 2047 1279 2090 si
1298 2047 1419 2090 aliud
1442 2048 1617 2089 nullum
1641 2047 1714 2090 vel

78 2119 124 2166 in
147 2124 492 2180 particularibus
514 2124 845 2174 vacationibus,
873 2125 1029 2180 quales
1051 2125 1168 2167 fiunt
1191 2126 1247 2166 ad
1271 2125 1385 2168 festa
1401 2124 1620 2175 natalitia,
1642 2125 1715 2166 vel

77 2201 134 2244 ad
155 2201 302 2244 carnis
325 2201 538 2257 priuium,
579 2202 652 2245 vel
674 2202 730 2244 ad
758 2203 945 2256 pascha,
977 2202 1050 2244 vel
1088 2201 1500 2244 intermissionibus
1538 2201 1712 2243 studio-

79 2293 192 2320 rum:
219 2285 361 2322 estate
384 2287 575 2334 possunt
596 2278 747 2330 etiam,
772 2278 809 2320 si
832 2278 894 2321 ita
918 2278 1140 2334 superiori
1159 2279 1406 2331 videretur,
1433 2293 1457 2320 a
1488 2278 1581 2321 suis
1612 2279 1714 2320 offi-

78 2354 159 2397 ciis
176 2369 352 2398 cessare
375 2362 454 2398 aut
474 2354 635 2398 studiis
657 2370 735 2410 per
758 2355 928 2411 aliquot
951 2355 1063 2407 dies,
1085 2369 1198 2410 quos
1216 2356 1324 2398 dent
1343 2354 1585 2399 exercitiis.
1608 2356 1712 2397 Non

78 2431 225 2474 solum
246 2430 291 2473 in
314 2431 402 2484 his,
429 2431 506 2486 qui
528 2446 622 2474 non
651 2432 860 2475 fecerunt
897 2422 1126 2483 exercitia,
1158 2446 1274 2486 quae
1303 2431 1514 2485 diximus,
1548 2431 1713 2474 intelli-

79 2507 281 2562 gendum
303 2515 387 2560 est,
414 2509 493 2550 sed
516 2508 650 2551 etiam
673 2508 718 2550 in
741 2507 810 2562 iis,
837 2508 913 2563 qui
937 2509 1212 2552 videbuntur
1235 2508 1462 2552 exercitiis
1486 2521 1639 2563 egere.

166 2584 434 2627 Instituatur
457 2599 544 2626 vna
566 2584 716 2636 lectio,
742 2585 900 2627 saltem
924 2585 1084 2627 diebus
1113 2585 1239 2629 festis
1269 2593 1314 2629 et
1343 2584 1598 2635 dominicis,
1624 2583 1712 2624 lin-

81 2674 200 2715 guae
228 2661 531 2716 germanicae,
573 2676 707 2716 quam
745 2662 945 2714 audient,
986 2662 1062 2717 qui
1086 2662 1184 2706 eius
1222 2662 1409 2717 linguae
1449 2660 1712 2717 cognitione

79 2750 184 2779 curn
206 2751 289 2779 suo
311 2737 526 2780 exercitio
556 2739 775 2793 egebunt,
801 2754 856 2782 ex
884 2738 1070 2782 arbitrio
1098 2738 1365 2795 superioris:
1398 2739 1484 2780 hoc
1517 2736 1713 2792 diligen-

83 2812 172 2854 tius
195 2813 291 2856 fieri
313 2813 498 2857 debebit
518 2813 564 2855 in
586 2814 786 2867 nouitiis‚
806 2814 1069 2870 praesertim
1093 2815 1129 2857 si
1153 2822 1331 2870 tempus
1354 2813 1535 2868 aliquod
1553 2812 1610 2855 sit
1632 2826 1714 2854 va-

84 2902 222 2931 cuum
244 2904 270 2932 a
292 2889 545 2946 praecipuis
567 2891 955 2946 occupationibus.

158 3053 165 3072 ¹
219 3054 291 3089 Ms.
312 3054 527 3089 commedet
544 3054 607 3089 hic
626 3060 667 3090 et
684 3054 801 3089 infra.
