2028 3426
532 257 765 295 ORATIONIS
791 264 1136 292 OBSERVATIONES
1146 265 1232 301 —70
1579 264 1645 305 091

158 358 283 401 Dixit
307 360 358 401 Ρ.
385 360 531 402 Faber
553 357 771 414 gaudium
795 371 894 401 esse
916 356 962 399 in
991 356 1200 399 omnibus
1230 358 1516 401 reflexionem
1549 361 1696 405 facere

67 450 208 491 super
228 436 393 486 omnia,
419 450 537 491 quae
559 442 750 490 possunt
772 433 970 477 taedium
995 433 1174 485 inferre,
1200 441 1244 475 et
1267 433 1312 475 in
1335 435 1552 490 gaudium
1575 437 1696 480 desi-

72 526 178 555 nere
200 520 232 554 ³:
253 511 445 567 amplius
463 512 540 567 qui
558 526 647 554 non
666 519 829 567 potest,
851 510 959 565 quid
977 518 1044 553 est
1067 511 1189 565 quod
1212 511 1377 553 tristari
1400 512 1582 555 debeat?
1605 515 1697 556 Imo

69 600 180 632 ‘vero
198 603 250 632 ea
267 595 335 631 est
352 588 628 643 arrogantia;
649 596 694 631 et
712 595 861 631 tamen
879 588 983 642 plus
1000 594 1146 642 potes,
1172 601 1307 641 quam
1331 587 1574 640 arbitraris;
1596 590 1698 644 plus

74 664 182 708 facis
204 681 281 721 per
305 664 497 720 gratiam
521 664 707 716 Christi,
734 679 868 719 quam
891 663 1053 706 credis:
1082 663 1187 706 facit
1210 663 1511 706 melancholia
1541 672 1588 706 vt
1611 667 1698 707 hoc

74 756 167 784 non
189 742 362 784 credas.

164 820 216 860 P.
242 817 460 873 Ignatius.
489 817 582 872 Qui
604 818 720 861 bene
743 831 855 860 sano
879 831 1066 872 corpore
1089 817 1334 872 degustare
1357 817 1474 859 solet
1492 816 1699 872 spiritua-

75 895 148 946 lia,
174 909 313 950 quum
336 895 453 938 male.
474 909 613 937 sanus
635 901 704 936 est
724 894 772 936 'in
795 908 998 949 corpore,
1024 893 1142 937 idem
1166 893 1228 935 illi
1250 893 1288 935 si
1311 895 1491 947 quando
1521 894 1700 936 contin-

76 979 154 1027 gat
176 971 359 1023 sentire,
387 971 604 1013 miraculo
626 970 771 1014 simile
793 978 917 1014 est...

163 1047 222 1092 48
255 1048 521 1102 Sequendae
545 1055 652 1089 sunt
675 1046 893 1091 ecclesiae
914 1046 1180 1090 deuotiones
1203 1047 1248 1088 in
1271 1046 1365 1089 suis
1394 1046 1569 1089 officiis:
1602 1049 1703 1102 plus

78 1125 196 1168 enim
219 1125 413 1169 sentitur
435 1123 635 1180 spiritus,
656 1123 733 1166 vbi
751 1131 844 1166 tota
861 1123 1051 1167 ecclesia
1074 1123 1136 1165 illi
1156 1123 1332 1178 spiritui
1356 1130 1502 1176 vacat,
1524 1132 1568 1168 et
1586 1125 1703 1168 beati

79 1201 126 1243 in
149 1202 306 1245 eodem
331 1201 552 1245 exultant.
579 1202 689 1243 Plus
712 1201 952 1244 exauditur
974 1200 1018 1242 in
1042 1215 1124 1242 suo
1147 1201 1263 1244 festo
1286 1208 1487 1251 sanctus,
1514 1201 1704 1244 caeteris

80 1278 280 1333 paribus.
329 1277 631 1333 Epistolarum
670 1276 802 1320 Pauli
845 1284 1077 1332 praeterea
1119 1277 1528 1332 contemplationes
1573 1292 1704 1320 vsur-

81 1355 310 1409 pandae„,

167 1432 413 1486 Speculum
435 1432 743 1485 peccatorum,
769 1432 914 1486 Xpus.
940 1429 1199 1482 crucifixus3
1221 1429 1267 1472 in
1285 1444 1338 1474 eo
1356 1430 1474 1472 enim
1495 1430 1705 1474 videntur

80 1515 269 1562 peccata
292 1522 392 1551 mea
415 1507 460 1549 in
483 1507 580 1551 eius
602 1507 759 1562 poenis
782 1515 827 1551 et
850 1514 1008 1550 morte.

171 1585 422 1628 Procedere
444 1585 578 1627 debet
600 1583 820 1637 Societas,
846 1592 894 1626 vt
916 1583 1134 1639 sapientia
1157 1583 1326 1635 diuina,
1353 1598 1469 1638 quae
1488 1599 1587 1627 eam
1606 1585 1702 1626 fun·

82 1661 223 1704 dauit:
250 1663 374 1704 Deus
397 1661 570 1704 fortiter
593 1671 638 1704 et
660 1661 938 1705 sua54uiter:
965 1668 1010 1704 et
1038 1660 1221 1703 iuuatur
1250 1676 1275 1703 a
1304 1661 1501 1713 Christo,
1534 1661 1609 1716 qui
1639 1669 1706 1705 est

82 1738 170 1790 via,
208 1738 374 1782 veritas
402 1745 447 1781 et
475 1738 582 1780 vita:
615 1737 767 1792 itaque
800 1737 973 1793 operari
1002 1738 1137 1780 debet
1166 1738 1339 1780 fortiter
1368 1745 1412 1781 et
1439 1738 1639 1780 suauiter
1661 1738 1706 1779 in
1733 1795 1735 1797 ι
1765 1744 1769 1748 ’

83 1815 241 1871 spiritu
263 1823 308 1858 et
330 1815 574 1858 veritate...

171 1893 378 1948 Agnouit
400 1891 599 1946 quidam,
627 1893 746 1946 quod
768 1891 880 1934 dixit
912 1893 966 1936 P.
995 1892 1217 1947 Ignatius,
1250 1906 1341 1934 non
1369 1892 1704 1947 properandum

85 1968 129 2010 in
152 1969 368 2021 oratione;
395 1969 474 2011 sed
496 1969 542 2010 in
566 1969 721 2012 eadem
745 1983 793 2012 re
814 1968 1028 2023 progredi
1052 1983 1104 2011 ac
1127 1969 1362 2024 proficere,
1389 1982 1439 2010 ac
1456 1968 1706 2010 libertatem

87 2045 349 2088 inueniendi
372 2045 619 2088 orationem
644 2045 822 2099 assequi
845 2044 890 2086 in
913 2060 960 2087 re
989 2044 1204 2099 qualibet,
1237 2052 1282 2087 et
1311 2059 1401 2087 non
1430 2045 1627 2100 pendere
1654 2059 1709 2086 ex

85 2121 287 2163 oratione
320 2121 607 2177 praecedenti
638 2129 683 2164 et
715 2135 869 2163 sensu:
902 2123 1012 2164 haec
1040 2135 1148 2165 vero
1175 2121 1395 2165 intellexit
1424 2120 1639 2175 consequi
1661 2135 1710 2163 se

85 2211 232 2252 posse,
265 2198 302 2240 si
331 2197 591 2253 purgationi
619 2197 860 2253 diligenter
889 2198 1108 2246 attendat,
1139 2205 1184 2240 et
1211 2197 1422 2254 operibus
1452 2197 1706 2245 Societatis,

85 2274 424 2329 orationemque
446 2274 743 2329 amplectatur
764 2274 980 2326 suauiter,
1006 2274 1232 2317 humiliter
1255 2289 1306 2316 ac
1330 2274 1574 2316 fideliter..,

177 2351 232 2395 59
266 2350 423 2394 Virtus
447 2350 600 2392 diuina
623 2350 817 2393 sentitur
838 2358 883 2393 et
905 2351 1080 2406 capitur
1102 2351 1147 2392 in
1171 2351 1378 2392 omnibus
1402 2351 1537 2392 rebus
1566 2350 1711 2392 eccle—

88 2426 295 2479 siasticis,
320 2434 367 2468 vt
390 2427 435 2468 in
459 2426 750 2482 imaginibus,
776 2426 821 2468 in
844 2427 1073 2479 altaribus,
1101 2427 1146 2468 in
1178 2428 1369 2483 templis,
1396 2427 1442 2468 in
1471 2427 1605 2468 rebus
1633 2427 1712 2468 be—

88 2503 294 2556 nedictis,
321 2503 366 2545 in
391 2502 789 2546 obseruationibus
811 2511 856 2546 et
879 2503 1146 2546 ceremoniis
1170 2503 1501 2546 ecclesiasticis.

178 2579 376 2634 Quidam
400 2580 590 2635 rogabat
613 2579 864 2631 Christum,
890 2588 939 2621 vt
961 2579 1106 2634 ipsum
1131 2580 1398 2635 dignaretur
1426 2593 1576 2622 cruce:
1609 2593 1712 2622 sen-

91 2655 147 2698 sit
170 2663 321 2700 autem
344 2670 392 2698 se
415 2671 579 2699 errare:
606 2670 824 2710 quaerere
841 2655 1015 2698 scilicet
1032 2670 1229 2707 crucem,
1252 2662 1296 2698 et
1314 2655 1497 2698 reiicere
1515 2668 1711 2705 crucem,

91 2746 227 2786 quam
260 2733 411 2783 habet,
444 2734 529 2774 hoc
559 2739 628 2773 est
657 2731 836 2773 fastidia
864 2733 1006 2774 malae
1036 2732 1305 2775 valetudinis
1334 2738 1379 2773 et
1407 2730 1712 2774 desolationis:

91 2808 202 2852 haec
225 2808 364 2864 igitur
387 2822 497 2850 crux
529 2815 619 2850 tam
641 2816 709 2850 est
745 2808 902 2859 facilis,
940 2822 1023 2850 nec
1053 2808 1170 2850 tollis
1203 2822 1317 2851 eam.
1355 2807 1478 2862 Quid
1510 2807 1547 2848 si
1578 2806 1717 2849 maior

95 2883 174 2925 tibi
195 2885 396 2927 daretur?
414 2884 518 2927 Noli
536 2884 676 2940 igitur
694 2885 834 2927 altum
853 2899 1027 2940 sapere,
1049 2885 1128 2927 sed
1147 2883 1393 2925 humilibus
1411 2882 1666 2926 consentias
1688 2885 1716 2925 ¹.

161 2982 186 3016 a,
227 2971 405 3008 Obscure
426 2977 615 3009 notatum.

173 3049 178 3066 ¹
233 3049 356 3094 Rom„
378 3049 463 3094 XII,
488 3049 543 3087 16,
