2028 3426
335 224 406 259 666
812 223 964 258 PATms
989 223 1233 258 Hit-:RONYMx
1261 221 1410 256 NADAL

289 325 365 380 gio
389 333 544 367 nostro
566 332 610 367 et
635 325 679 367 in
699 323 978 379 germanico,
1000 330 1048 365 vt
1065 322 1440 366 scholasticorum
1464 323 1718 366 habeantur
1736 338 1927 380 congre·

290 402 513 458 gationes,
550 401 596 444 in
635 401 801 456 quibus
839 402 894 443 de
927 401 1065 444 rebus
1097 401 1153 442 ad
1186 399 1399 455 pietatem
1433 399 1707 444 facientibus
1740 408 1926 462 agatur,

292 478 494 535 praeside
519 493 607 521 vno
630 493 654 521 e
685 477 866 520 nostris.
896 478 952 519 Et
981 476 1164 532 quidem
1187 476 1225 519 si
1256 475 1357 531 quis
1391 491 1416 519 a
1445 491 1515 519 me
1549 476 1820 520 sententiam
1855 493 1929 521 ro-

290 563 436 612 garet,
461 569 694 599 censerem
721 562 926 597 nostrum
951 569 1051 598 esse
1075 555 1166 596 hoc
1189 568 1338 609 genus
1362 553 1616 606 ministerii,
1643 554 1687 596 in
1718 554 1930 598 domibus

291 633 554 687 praesertim
595 631 831 688 professis.
873 631 963 675 Sed
1001 638 1170 675 certam
1209 645 1308 674 esse
1341 629 1560 673 rationem
1599 630 1929 688 designandam

292 718 428 765 atque
452 710 757 761 statuendam,
781 722 898 763 quae
921 707 1154 750 obseruari
1176 707 1379 759 deberet,
1405 714 1451 751 et
1480 722 1705 763 sperarem
1737 723 1825 765 ego
1855 709 1928 752 fu-

294 794 443 829 turum
468 794 515 828 vt
540 786 708 828 multae
738 785 915 829 animae
946 786 1032 827 hac
1066 783 1239 827 ratione
1272 786 1328 827 ad
1359 784 1574 840 pietatem
1605 799 1929 841 promoueren-

293 872 381 917 tur,
408 865 575 906 multae
599 862 879 907 lucrifierent
903 864 1064 918 Xpo...

313 941 321 948 ’
380 939 595 985 Succedit
618 940 724 982 item
750 940 943 983 formula
966 939 1179 982 instituti:
1205 944 1270 981 aet
1284 945 1368 994 per
1384 940 1651 995 spiritualia
1669 941 1927 982 exercitia».

294 1017 430 1060 Dedit
454 1017 584 1059 nobis
606 1018 663 1060 de
685 1031 766 1059 sua
791 1016 993 1060 bonitate
1017 1018 1158 1067 Deus,
1186 1016 1391 1059 attribuit
1415 1018 1547 1060 sedes
1569 1016 1836 1072 apostolica,
1863 1016 1930 1059 in-

293 1094 423 1150 signe
446 1094 552 1135 illud
579 1093 878 1137 ministerium
903 1093 1091 1136 iuuandi
1113 1101 1159 1136 et
1182 1108 1265 1136 nos
1287 1100 1333 1135 et
1363 1093 1616 1149 proximum
1648 1107 1726 1148 per
1754 1094 1931 1136 exerci-

263 1202 265 1206 -
295 1170 355 1213 tia
379 1170 644 1227 spiritualia,
670 1170 714 1212 id
739 1178 823 1222 est,
851 1185 932 1226 per
953 1170 1208 1212 doctrinam
1238 1178 1283 1214 et
1307 1171 1571 1214 methodum
1604 1170 1928 1222 meditationis,

294 1247 688 1303 contemplationis
721 1255 766 1290 et
795 1247 1027 1290 orationis.
1055 1247 1358 1303 Intelligimus
1391 1262 1515 1297 vero,
1544 1261 1633 1290 non
1672 1248 1817 1290 solum
1852 1263 1932 1290 no-

294 1333 433 1367 stram
459 1325 578 1368 illam
604 1326 884 1376 methodum,
910 1324 1042 1367 cuius
1071 1332 1138 1368 est
1171 1332 1334 1367 auctor
1366 1326 1418 1368 P.
1451 1324 1673 1380 Ignatius,
1706 1326 1793 1368 sed·
1813 1325 1931 1368 illam

298 1402 553 1457 praecipue.
578 1403 684 1457 Qua
707 1402 753 1443 in
777 1417 824 1445 re
852 1402 1130 1458 singularem
1161 1401 1452 1458 agnoscimus
1475 1401 1561 1445 Dei
1585 1401 1929 1457 benignitatem3

295 1479 418 1522 dedit
442 1479 561 1523 enirn
586 1479 716 1522 nobis
739 1479 868 1533 quasi
892 1486 1018 1522 extra
1050 1478 1252 1522 ordinem
1283 1478 1556 1534 peculiarem
1582 1479 1821 1534 quamdam
1853 1479 1933 1521 do-

295 1556 502 1609 ctrinam,
536 1570 625 1611 qua
658 1557 715 1598 ad
745 1556 993 1600 orationem
1027 1564 1072 1599 et
1106 1570 1188 1598 nos
1220 1555 1550 1600 instrueremus
1582 1565 1626 1598 et
1660 1555 1930 1611 proximum,

296 1648 433 1688 quum
475 1633 587 1676 ratio
625 1633 792 1688 alioqui
827 1633 964 1675 huius
996 1632 1294 1676 institutionis
1327 1633 1580 1676 communis
1612 1633 1670 1676 sit
1703 1633 1929 1685 omnibus,

296 1725 411 1765 quae
435 1711 582 1766 gratia
608 1710 691 1753 Dei
714 1712 989 1754 auctoritate
1011 1711 1257 1767 apostolica
1281 1711 1444 1754 certior
1468 1712 1587 1754 facta
1608 1719 1694 1763 est,
1721 1710 1794 1752 vbi
1817 1712 1933 1753 Pau-

300 1789 368 1829 lus
393 1801 416 1841 3
442 1788 657 1831 exercitia
679 1796 833 1830 nostra
855 1789 1158 1831 confirmauit.
1188 1788 1308 1831 Hinc
1332 1795 1400 1832 est
1421 1788 1543 1842 quod
1566 1789 1815 1831 debeamus
1837 1802 1935 1830 ma-

296 1879 432 1917 gnam
471 1878 597 1919 spem
633 1865 854 1907 collocare
883 1864 928 1907 in
958 1864 1126 1907 nostris
1155 1864 1400 1916 exercitiis,
1434 1865 1697 1920 praesertim
1729 1879 1833 1907 cum
1864 1864 1935 1906 illa

298 1939 533 1984 videamus
558 1949 647 1984 tam
672 1943 833 1985 vberes
855 1949 1107 1998 prouentus
1131 1950 1175 1984 et
1199 1941 1364 1985 nostris
1387 1950 1431 1986 et
1454 1941 1552 1984 aliis
1575 1942 1796 1986 attulisse.

386 2017 490 2060 Fuit
514 2018 632 2060 illius
655 2019 855 2061 methodi
879 2018 1195 2062 exercitiorum
1230 2027 1389 2061 auctor
1421 2021 1471 2061 P.
1506 2019 1712 2075 Ignatius
1743 2019 1826 2063 Dei
1856 2020 1937 2062 be—

298 2094 458 2136 neficio
482 2103 618 2149 atque
642 2095 877 2148 instinctu,
904 2107 949 2139 et
971 2096 1152 2152 quidem
1177 2110 1231 2138 eo
1256 2105 1475 2151 tempore,
1501 2111 1591 2151 quo
1615 2097 1671 2138 ad
1695 2096 1937 2151 poeniten-

298 2170 403 2212 tiam
427 2179 471 2214 et
494 2173 551 2213 ad
573 2173 823 2215 orationem
847 2174 903 2215 ad
928 2175 1081 2217 vrbem
1116 2175 1371 2217 Manresam
1402 2173 1607 2224 secessit,
1634 2174 1771 2229 longe
1802 2187 1827 2216 a
1857 2188 1935 2229 pa-
2007 2217 2010 2221 Α

297 2247 397 2298 tria,
434 2248 478 2289 in
509 2249 843 2301 Cathaloniam,
876 2250 1124 2306 Hispaniae
1153 2251 1379 2293 inferioris
1409 2250 1703 2306 prouinciam.
1737 2250 1936 2294 Secessit

297 2323 432 2375 enim,
471 2332 517 2365 vt
551 2325 646 2380 ipse
680 2326 971 2381 spiritualiter
1011 2335 1300 2370 exerceretur
1333 2337 1377 2370 et
1412 2327 1715 2383 poenitentiae
1749 2341 1932 2382 operam

296 2402 441 2444 daret.
469 2403 599 2456 Quae
623 2403 762 2458 igitur
785 2403 880 2458 ipse
903 2404 1183 2460 experientia
1205 2405 1425 2460 comperit
1443 2404 1527 2446 sibi
1546 2404 1769 2460 profuisse
1787 2403 1933 2457 exiis,

296 2493 411 2531 quae
435 2478 647 2521 omnibus
671 2480 846 2534 putauit
873 2481 966 2523 fore
989 2481 1131 2533 vtilia,
1157 2481 1201 2524 in
1226 2491 1242 2506 ³⁴
1266 2482 1464 2524 libellum
1501 2480 1694 2536 redegit.

386 2554 471 2598 His
494 2555 720 2599 exercitiis
743 2558 892 2611 quoad
916 2558 1043 2609 vixit,
1069 2559 1126 2600 ab
1150 2558 1278 2601 initio
1304 2572 1445 2613 Vsque
1468 2572 1577 2600 suae
1600 2556 1932 2609 conuersionis,
1996 2563 2008 2594 ἐ

298 2645 404 2673 vsus
428 2639 496 2675 est
521 2639 566 2675 et
588 2646 669 2687 pro
692 2646 756 2684 se,
783 2641 827 2676 et
851 2648 930 2688 pro
954 2634 1067 2678 aliis.
1098 2637 1182 2678 Per
1206 2637 1317 2677 haec
1341 2634 1494 2677 statim
1520 2634 1565 2676 in
1590 2633 1826 2689 Hispania,
1853 2649 1935 2676 an-
1994 2626 2002 2664 Ᾰ

301 2716 481 2762 tequam
506 2707 681 2751 veniret
704 2710 928 2753 Lutetiam
956 2711 1247 2762 Parisiorum,
1270 2712 1436 2753 multos
1453 2712 1508 2753 ad
1528 2711 1740 2766 pietatem
1760 2725 1934 2766 promo·
1993 2698 2007 2743 {³

302 2784 379 2826 uit.
408 2785 495 2827 Per
517 2787 628 2828 haec
654 2786 858 2829 Lutetiae
882 2802 1046 2831 nouem
1078 2788 1178 2830 illos
1207 2788 1377 2843 primos
1400 2787 1547 2830 socios
1570 2802 1623 2831 eo
1649 2787 1853 2839 adduxit,
1886 2796 1934 2829 vt
1992 2786 2012 2828 .’

301 2861 610 2905 renuntiarent
633 2863 788 2905 seculo
811 2870 855 2906 et
879 2863 1019 2918 ipsius
1043 2873 1341 2918 sequerentur
1364 2864 1499 2905 animi
1524 2863 1804 2919 propositum
1828 2878 1909 2919 pro
1926 2887 1936 2894 -
1989 2906 1994 2910 ,

371 3039 385 3051 ²·
438 3028 535 3063 etin
556 3041 629 3063 rns.

1996 0 2028 236 l

2014 238 2028 283 ἓ.
