2028 3426
313 203 382 250 342
786 205 939 241 PA’rms
966 206 1210 240 HIERONYM1
1237 204 1388 240 NADAL

264 312 482 360 quantum
502 306 586 350 fert
600 320 708 348 vsus
723 306 937 362 regionis.
956 307 1134 358 Const.,
1153 319 1254 362 cap.
1280 306 1322 358 8,
1343 313 1459 362 part.
1481 318 1525 360 4,
1546 314 1591 351 et
1607 307 1790 351 decreto
1808 307 1904 369 [93]Ι

265 382 637 439 congregationis
662 391 738 426 Ι.-ἿΟ
763 385 827 426 ¹...

354 459 506 502 Nostri
526 474 615 502 non
638 461 795 502 ludant
818 460 965 515 globis
988 459 1032 501 in
1056 460 1242 515 campis,
1269 460 1352 503 nisi
1377 460 1617 517 separatim
1641 462 1698 504 ab
1721 461 1833 506 aliis.

353 535 429 578 Vti
454 543 643 591 possunt
665 536 870 588 clamide,
891 537 998 578 dum
1023 543 1132 579 eunt
1155 537 1211 579 ad
1234 550 1433 593 campos.

354 613 612 654 Bernartius
636 620 680 654 et
704 612 892 667 Egidius
916 612 1081 657 facient
1103 620 1248 665 actus,
1270 613 1375 669 quia
1397 615 1568 659 habent
1589 616 1767 659 bursas.

354 690 455 732 Non
479 697 546 733 est
579 690 699 744 quod
733 689 922 731 ministri
960 697 1038 732 aut
1082 690 1360 734 subministri
1394 691 1479 734 soli
1510 693 1706 735 habeant
1744 693 1905 738 claues-

266 767 404 809 cellae
428 766 626 809 vinariae
658 774 734 808 aut
764 781 899 822 penu,
932 767 1012 810 sed
1040 766 1117 823 qui
1146 774 1215 810 est
1243 767 1527 824 dispensator
1556 768 1692 812 etiam
1716 771 1897 822 habeat,

266 843 397 886 cuius
419 858 553 886 curae
578 843 832 887 immediate
856 843 1075 886 incumbit
1097 858 1252 888 earum
1276 859 1444 898 rerum,
1467 860 1584 901 quae
1607 845 1650 888 in
1675 845 1762 889 illis
1788 846 1901 890 locis

266 928 611 964 conseruantur.
633 920 843 977 Ministri,
868 920 1149 964 subministri
1167 929 1212 964 et
1230 922 1417 965 rectoris
1435 930 1504 967 est
1520 922 1698 980 ingredi
1719 924 1907 979 quando*

265 997 439 1049 volunt,
466 1011 566 1039 nam
592 998 675 1038 sub
698 997 873 1039 illorum
898 1005 1123 1053 potestate
1147 1005 1216 1042 est
1238 998 1580 1055 dispensator...

357 1073 682 1126 Poenitentias,
707 1089 787 1130 pro
810 1075 978 1118 sanctis
1000 1083 1211 1131 acceptas
1239 1090 1322 1119 suo
1351 1076 1552 1129 arbitrio,
1580 1078 1739 1121 fratres
1769 1077 1901 1120 exhi-

267 1152 402 1193 beant
420 1151 598 1202 rectori,
615 1165 696 1193 suo
714 1151 895 1194 nomine
912 1152 1208 1209 subscriptas.
1224 1154 1388 1196 Rector
1405 1153 1504 1198 illas
1522 1155 1593 1199 vel
1612 1154 1902 1211 temperabit,

266 1228 336 1270 vel
359 1227 509 1280 etiam,
536 1227 571 1269 si
595 1227 822 1270 leuissime
844 1236 1012 1282 essent,
1038 1229 1242 1286 augebit,
1268 1231 1500 1275 moderate
1522 1238 1692 1285 tamen,
1724 1238 1768 1275 ct
1796 1231 1899 1275 illas

268 1304 432 1346 facient
455 1313 643 1357 secrete,
668 1313 714 1347 et
737 1306 932 1349 referent
954 1307 1011 1349 ad
1034 1314 1255 1350 rectorem
1280 1322 1336 1350 an
1361 1308 1564 1352 fecerint.

354 1381 572 1436 Superior
595 1381 777 1426 visitare
799 1381 1026 1427 interdum
1050 1383 1214 1440 poterit
1237 1385 1459 1429 amicos...

356 1460 444 1501 Pro
466 1458 725 1501 domesticis
747 1459 974 1504 exercitiis
996 1475 1215 1517 campana
1242 1463 1547 1518 suspendatur
1575 1462 1620 1505 in
1650 1464 1752 1506 loco
1781 1463 1902 1506 desi-

265 1542 419 1590 gnato.
448 1537 623 1580 Interea
645 1537 753 1578 dum
777 1536 831 1580 lis
852 1538 985 1581 durat
1007 1539 1040 1590 ⁶²,
1065 1553 1156 1581 non
1179 1539 1255 1582 fiat
1278 1539 1488 1583 executio
1512 1540 1649 1583 huius
1672 1540 1791 1586 rei...

353 1613 422 1656 Ne
451 1612 697 1656 retineatur
724 1628 918 1657 vacuum
947 1615 1207 1658 cubiculum
1238 1616 1535 1672 prouintialis,
1577 1618 1657 1661 sed
1695 1618 1901 1662 habitent

266 1689 353 1741 alii,
386 1690 483 1745 ipso
512 1691 699 1734 absente
727 1692 799 1735 vel
827 1692 1093 1737 decedente:
1129 1692 1226 1749 ipse
1258 1701 1408 1738 tamen
1437 1694 1693 1747 discedens,
1726 1694 1763 1738 si
1793 1695 1901 1751 quid

265 1767 445 1818 habeat,
467 1768 588 1822 quod
611 1781 699 1810 non
725 1768 969 1813 conueniat
991 1769 1105 1812 alios
1122 1768 1293 1824 videre,
1314 1772 1556 1814 concludat
1578 1770 1625 1814 in
1648 1771 1776 1814 cista.

355 1843 644 1887 Prouintialis
666 1859 749 1888 nec
773 1853 920 1889 rector
943 1847 1150 1890 comedat
1167 1847 1213 1889 in
1231 1847 1457 1900 cubiculo,
1478 1849 1557 1891 sed
1575 1848 1621 1891 in
1640 1848 1897 1892 refectorio.

268 1919 439 1962 Poterit
462 1927 611 1963 tamen
634 1921 917 1976 prouintialis
944 1921 989 1965 in
1018 1923 1229 1966 cubiculo
1257 1924 1512 1978 comedere,
1543 1926 1726 1980 quando
1755 1924 1903 1981 primo

267 1996 415 2039 veniet
439 1998 494 2039 ad
517 1997 775 2054 collegium,
797 2001 948 2043 semel.

352 2073 640 2118 Prouintialis
664 2075 708 2117 in
731 2076 854 2119 victu
886 2091 969 2120 suo
1001 2085 1153 2122 seruet
1182 2078 1386 2122 ordinem
1417 2067 1674 2133 Societatis,
1706 2078 1898 2131 scilicet,

265 2148 333 2191 bis
351 2152 572 2205 comedat,
589 2154 968 2207 quemadmodum
986 2154 1272 2211 praescripsit
1291 2157 1341 2198 P.
1365 2155 1570 2212 Ignatius
1589 2155 1711 2199 Patri
1728 2155 1897 2199 Natali.

352 2227 525 2270 Interea
542 2242 643 2271 cum
669 2244 755 2285 ego
778 2230 952 2274 rediero
973 2246 1028 2275 ex
1045 2239 1202 2275 sancto
1221 2233 1484 2275 Audomaro
1503 2234 1534 2285 ⁵,
1555 2232 1708 2277 videat
1727 2239 1895 2284 rector,

263 2317 318 2345 an
343 2318 421 2358 per
444 2304 637 2359 aliquam
658 2307 907 2350 modestam
924 2307 1276 2353 insinuationem
1295 2316 1340 2353 et
1357 2309 1551 2366 gratiam
1570 2311 1900 2354 monachorum

265 2381 604 2424 martinensium
629 2384 851 2438 possimus
874 2385 1107 2441 consequi,
1133 2394 1183 2429 ut
1205 2386 1338 2431 liceat
1361 2386 1491 2430 nobis
1518 2386 1900 2444 simplicissimum

269 2472 445 2500 murum
471 2460 539 2501 vel
557 2467 696 2503 ratem
722 2461 876 2504 illitam
901 2462 1059 2519 argilla
1080 2463 1273 2519 erigere,
1295 2451 1383 2519 qua
1401 2471 1667 2520 prospectus
1684 2471 1729 2507 et
1748 2471 1897 2506 trans-

269 2534 357 2577 itus
396 2534 537 2578 facilis
569 2551 593 2578 e
626 2545 779 2580 nostro
810 2540 941 2582 horto
974 2540 1019 2582 in
1052 2540 1228 2583 illorum
1269 2540 1560 2597 impediatur:
1604 2541 1675 2585 uel
1713 2549 1899 2585 curetur

264 2610 382 2654 idem
405 2627 484 2668 per
507 2612 648 2666 illum,
675 2615 751 2669 qui
774 2615 1010 2669 inhabitat,
1037 2617 1231 2660 amicum
1255 2625 1518 2661 nostrum...

338 2720 346 2738 ¹
399 2717 461 2753 Cf.
486 2717 793 2756 constitutiones
810 2723 895 2757 Soc.
908 2722 1006 2768 jesu
1027 2723 1099 2759 lat.
1116 2726 1153 2759 et
1172 2722 1288 2770 hisp„
1305 2735 1394 2770 pag.
1415 2723 1494 2768 1363
1511 2730 1550 2760 et
1561 2725 1798 2761 Institutum
1814 2726 1901 2762 Soc.

255 2776 354 2821 Jesu
376 2777 613 2820 (Florentiae
637 2779 741 2824 1893)
761 2781 809 2825 ΙΙ,
835 2781 913 2824 176.
1071 2795 1074 2798 ’

333 2838 347 2856 ²
399 2836 458 2871 De
483 2837 551 2872 lite
576 2838 769 2884 superius,
794 2839 904 2875 initio
932 2841 1046 2887 hujus
1072 2842 1355 2889 instructionis,
1376 2848 1588 2879 memorata
1613 2843 1715 2879 circa
1741 2843 1901 2879 domum.

265 2894 471 2941 licentiati,
492 2907 619 2931 sermo
638 2909 726 2932 esse
746 2898 913 2935 videtur.

336 2955 349 2973 ·'’
400 2954 585 2990 Sanctum
622 2957 884 2993 Audomarum
922 2960 1030 2996 venit
1065 2961 1215 2997 Natalis
1253 2973 1342 2997 cum
1380 2962 1421 2997 Ρ.
1464 2962 1629 2999 Costero
1669 2961 1708 2998 in
1749 2967 1904 2998 aestate

265 3013 353 3048 anni
378 3015 478 3058 1567.
500 3014 561 3050 Cf.
584 3016 711 3062 Epist.
735 3017 782 3052 P.
800 3018 950 3063 Nadal,
971 3019 1038 3064 111,
1058 3020 1129 3066 496
1143 3026 1183 3056 et
1197 3033 1306 3069 seqq.
