2028 3426
363 214 434 250 320
836 215 989 249 PATms
1015 213 1257 247 HOERoxmn
1283 209 1434 246 NADAL

408 319 568 373 Aeque
591 326 607 343 ³
630 318 745 361 bene
769 323 1020 359 tractentur
1037 328 1217 369 semper
1239 313 1398 363 nostri,
1417 313 1799 368 quemadmodum
1823 327 1955 356 corn—
2007 304 2021 346 ἦ

317 396 558 439 mensales.

408 473 564 515 Potest
597 486 706 514 usus
729 470 864 513 studii
889 469 1143 511 tabularum
1180 466 1406 511 introduci
1428 466 1473 509 in
1497 466 1707 523 collegio,
1732 468 1958 523 quemad—

317 551 501 593 modum
534 551 647 592 solet
678 551 846 592 Romae
877 547 973 590 fieri
997 547 1117 602 apud
1139 546 1335 599 vineam;
1375 546 1455 589 sed
1477 545 1555 588 fiat
1583 544 1721 598 domi,
1747 548 1953 601 quando-

319 627 499 682 quidem
525 642 616 669 non
641 627 809 668 habent
833 624 968 667 alium
999 624 1168 676 locum,
1195 624 1274 666 sed
1302 623 1349 666 in
1372 624 1473 666 loco
1500 637 1635 678 quam
1666 622 1763 667 fieri
1787 623 1951 679 poterit

318 704 637 755 secretissimo,
664 704 782 745 vnde
805 702 988 743 minime
1011 700 1254 744 audiantur
1277 701 1334 742 ab
1358 699 1573 753 externis3
1599 707 1645 743 et
1667 700 1832 756 poterit
1850 700 1952 756 qui—

317 783 419 826 dem
445 780 539 824 fieri
565 781 607 821 in
633 780 703 822 die
727 778 1035 831 recreat-ionis,
1062 777 1099 820 si
1122 778 1198 833 qui
1223 792 1312 821 non
1338 784 1553 833 poterunt
1577 776 1641 821 ire
1665 777 1720 819 ad
1745 791 1949 833 campos:

320 858 482 914 poterit
507 857 640 901 etiam
665 856 907 910 aliquando
929 855 1025 898 fieri
1043 855 1115 898 die
1133 855 1283 911 aliquo
1302 856 1434 906 festo,
1457 853 1534 897 ubi
1551 855 1717 898 absunt
1734 855 1949 898 scolares.

408 934 610 989 Singulis
634 932 930 976 hebdomadis
960 932 1128 988 singuli
1158 933 1416 975 sacerdotes
1445 931 1741 975 celebrabunt
1770 931 1952 974 missam

320 1027 451 1054 vnam
476 1026 556 1066 pro
583 1013 713 1053 Patre
738 1009 886 1053 Natali
906 1017 951 1052 et
974 1010 1072 1054 eius
1096 1008 1360 1052 ministerio:
1381 1008 1551 1065 singuli
1584 1008 1719 1051 etiarn
1744 1009 1952 1052 sacerdo·

320 1097 386 1132 tes
403 1087 596 1141 singulis
614 1087 975 1130 hebdomadibus
993 1087 1225 1135 celebrent
1246 1100 1381 1128 vnam
1406 1085 1586 1128 missam
1611 1100 1692 1141 pro
1715 1072 1852 1129 Patre
1869 1099 1953 1142 ge-

320 1165 459 1208 nerali
483 1173 526 1208 et
549 1164 760 1207 omnibus
784 1163 950 1207 nostris
974 1164 1202 1216 Patribus,
1224 1162 1301 1218 qui
1324 1170 1432 1206 sunt
1454 1162 1499 1204 in
1522 1162 1714 1205 concilio
1736 1161 1769 1206 b:
1796 1177 1959 1206 omnes

323 1243 481 1284 fratres
505 1242 572 1284 bis
595 1241 730 1286 etiam
750 1241 795 1283 in
820 1242 1106 1284 hebdomada
1127 1241 1326 1301 orabunt
1349 1240 1405 1282 ad
1428 1239 1563 1283 idem.

1095 1372 1177 1415 :53

1069 1462 1203 1556 jhiis.

486 1593 682 1650 QUAE
719 1595 914 1638 DIXIT
955 1596 1010 1637 P.
1053 1593 1359 1650 NATALIS
1399 1593 1785 1654 HERB'IPOLI

601 1705 741 1733 PATm
769 1703 1080 1733 Paouthmm
1107 1689 1162 1731 26
1186 1702 1467 1741 NQUEMBms
1497 1689 1608 1743 1566
1634 1690 1662 1731 ¹.

409 1790 656 1842 Postquam
681 1774 736 1828 ex
759 1786 884 1829 Vrbe
906 1785 1123 1840 scriptum
1146 1792 1215 1828 est
1238 1798 1464 1827 summum
1484 1784 1743 1840 pontificem
1764 1784 1956 1828 restrin—

317 1865 435 1908 xisse
459 1872 657 1907 nostram
687 1864 949 1906 facultatem
978 1861 1244 1904 absoluendi
1276 1862 1474 1917 relapsos
1503 1861 1549 1904 in
1576 1861 1818 1913 haeresim,
1853 1876 1953 1904 mo—

318 1940 452 1983 nendi
476 1947 609 1983 erunt
631 1937 894 1983 confessarii
917 1953 974 1982 ne
997 1938 1252 1989 absoluant;
1279 1937 1359 1980 sed
1386 1944 1537 1982 tamen
1560 1938 1686 1980 nullo
1716 1945 1848 1993 pacto
1877 1952 1951 1982 re·
2013 1991 2016 1998 Ι

318 2018 454 2074 lapsis
477 2017 736 2074 significent
760 2030 854 2067 eos,
880 2022 1121 2071 propterea
1144 2015 1265 2069 quod
1295 2013 1456 2070 relapsi
1486 2021 1609 2066 sunt,
1635 2028 1727 2056 non
1755 2013 1948 2057 absolui:
2004 2062 2009 2068 ,

320 2095 492 2138 interea
515 2094 741 2137 scribetur
765 2095 954 2136 Romam
977 2091 1221 2148 diligenter
1243 2092 1275 2133 ².

408 2174 510 2215 Non
536 2173 703 2215 debent
726 2170 818 2226 legi
840 2168 1035 2226 singulis
1057 2168 1291 2213 mensibus
1307 2168 1674 2221 constitutiones,
1694 2182 1777 2211 nec
1796 2167 1841 2210 id
1857 2168 1957 2211 col—
2007 2191 2010 2194 ·

388 2327 404 2342 ἑ·
455 2315 527 2350 Ms.
547 2326 683 2360 equae.
736 2315 803 2341 —b
829 2313 995 2349 consilio
1013 2323 1090 2348 rns.

386 2442 393 2460 ¹
449 2441 506 2474 Ex
535 2442 764 2486 archetypo,
784 2450 806 2474 a
824 2439 868 2474 P.
890 2438 1069 2485 Jimenez
1088 2442 1261 2483 exarato,
1282 2441 1322 2472 et
1348 2436 1500 2472 Natalis
1525 2448 1642 2472 manu
1670 2436 1893 2481 emendato,
1912 2436 1955 2472 in
2016 2470 2021 2475 ,

313 2499 449 2534 codice
465 2500 603 2536 Natat.
624 2500 746 2534 instr.
773 2498 927 2539 Germ„
948 2502 1112 2544 quatuor
1131 2496 1249 2541 foliis,
1267 2497 1378 2541 67-70
1398 2498 1469 2542 (72,
1489 2494 1549 2541 73,
1569 2495 1645 2541 74l.
1662 2496 1865 2542 Responsa
1880 2496 1949 2530 Pa·
2014 2538 2020 2545 ,

316 2559 386 2594 tris
404 2560 614 2605 generalis,
636 2558 794 2594 Polanci
814 2569 930 2593 manu
949 2562 1121 2602 exarata,
1141 2555 1180 2592 in
1199 2555 1373 2602 margine
1397 2556 1606 2591 habentur.
1639 2555 1803 2590 Duabus
1834 2555 1949 2602 parti·
1997 2558 2016 2574 ³

315 2619 388 2653 bus
406 2619 479 2653 hoc
506 2623 799 2653 monumentum
819 2622 991 2652 constat:
1012 2615 1134 2662 prima
1160 2615 1459 2651 instructionem
1482 2614 1633 2650 Natalis
1663 2615 1708 2649 B;
1734 2614 1852 2649 Petro
1877 2613 1950 2650 Ca·
2003 2622 2028 2670 ..¹

312 2677 411 2712 nisio
432 2677 637 2724 Herbipoli
655 2677 784 2712 datam
809 2676 856 2711 de
877 2676 994 2711 rebus
1013 2674 1237 2722 provinciae
1257 2673 1494 2710 Germaniae
1516 2673 1731 2720 superioris
1757 2673 1948 2709 continet.
2006 2711 2017 2723 Ι

313 2736 493 2771 Secunda
512 2742 659 2772 statuta
677 2735 867 2782 quaedam
887 2735 1010 2781 ipsius
1030 2734 1194 2779 Natalis,
1215 2733 1263 2768 ad
1282 2732 1571 2768 institutionem
1591 2732 1750 2778 collegii
1770 2732 1950 2779 herbipo-

315 2796 434 2831 lensis
460 2795 696 2842 spectantia,
718 2794 893 2832 exhibet.
921 2793 1021 2828 Vide
1054 2793 1183 2839 Epist.
1217 2793 1265 2827 P.
1299 2792 1451 2836 Nadal‚
1481 2792 1550 2839 ΙΙΙ,
1584 2791 1653 2836 315
1682 2797 1724 2827 et
1752 2802 1878 2838 seqq.;
1910 2796 1954 2826 et
2003 2796 2021 2838 '32

315 2854 481 2901 append.
503 2855 646 2898 XXXI,
667 2865 754 2899 pag.
775 2863 858 2898 779.
2002 2842 2015 2855 '¹

383 2915 396 2935 ²
446 2914 545 2948 Vide
565 2925 663 2960 quae
683 2913 731 2948 de
751 2914 823 2948 hoc
841 2913 953 2958 gravi
972 2912 1131 2958 negotio
1147 2911 1304 2958 scripsit
1323 2910 1506 2947 Canisius
1526 2911 1693 2957 Borgiae
1716 2919 1757 2955 14
1783 2911 1950 2946 Decem·
2004 2907 2014 2943 ἵ

314 2973 392 3007 bris
412 2973 502 3007 anni
525 2973 627 3017 1566,
650 2973 780 3018 Epist.
800 2973 851 3008 P.
877 2972 1028 3014 Nadal,
1049 2971 1117 3017 111,
1137 2980 1219 3018 7793
1241 2976 1280 3006 et
1296 2970 1456 3006 uberius
1475 2971 1513 3006 in
1529 2970 1625 3018 ipsis
1641 2970 1789 3006 Canisii
1803 2970 1954 3017 episto-
2007 2963 2012 2991 ἶ

316 3033 360 3066 lis
381 3032 550 3078 saepius.
2007 3027 2017 3048 ·‘
