2028 3426
363 281 433 310 222
834 275 987 310 PA‘rms
1013 274 1254 309 Hissnosvin
1281 273 1431 309 NADAL

314 390 404 431 qua
422 390 511 420 non
530 385 735 432 possunt,
757 383 807 418 ut
828 376 924 419 sine
947 378 1045 418 Deo
1065 374 1358 419 selectissime
1374 383 1419 418 et
1441 374 1594 419 diuine
1610 389 1661 419 ac
1684 375 1940 421 immediate

318 460 550 510 operante:
576 454 697 508 quod
719 453 916 496 ostendit
938 453 1095 496 eodem
1113 453 1213 495 loco
1232 453 1416 496 Paulus:
1438 452 1650 496 Charitas
1667 451 1841 509 (inquit)
1858 468 1940 510 pa·
1991 455 1995 466 ⁵

318 530 434 574 tiens
456 539 523 575 est
552 532 580 584 ¹,
602 538 710 582 etc.;
734 537 826 571 tum
848 528 923 571 ubi
947 528 1146 572 ostendit
1167 529 1302 574 fidem
1321 544 1400 585 per
1421 528 1686 574 charitatem
1709 529 1884 586 operari
1906 531 1938 574 ².
1996 531 2003 536 '

356 635 358 637 »
399 609 499 664 Jam
529 607 565 649 si
589 606 777 662 gloriam
809 606 892 649 Dei
923 605 1196 661 quaerimus,
1231 605 1276 649 in
1310 606 1528 650 charitate
1560 620 1735 649 summa
1764 614 1833 651 est
1856 606 1943 651 Dei
1990 593 2008 646 f

314 683 479 739 gloria,
503 691 555 726 ut
578 684 665 726 tale
694 684 862 725 donum
895 682 1024 725 nobis
1053 682 1336 738 gratificetur
1364 684 1505 734 Deus,
1537 684 1658 739 quod
1687 683 1827 740 possit
1859 698 1943 727 no·
2002 696 2004 701 ’

315 760 488 803 biscum
513 760 556 803 in
581 760 723 815 gloria
738 759 928 803 ‘coelesti
947 773 1253 814 perseuerare,
1274 768 1318 804 et
1336 759 1517 815 quidem
1536 760 1756 804 eiusmodi
1774 761 1942 804 donum

315 837 613 893 gratificatur,
646 838 765 892 quod
798 850 899 878 cum
930 835 1056 878 uniat
1093 851 1148 880 ex
1181 836 1352 880 ratione
1388 851 1470 880 sua
1507 838 1655 880 Deum
1693 836 1827 881 nobis
1864 852 1945 894 per
1993 880 1999 886 ,

315 929 528 965 amorem,
554 922 598 956 et
621 928 703 956 nos
731 915 846 966 Deo,
878 912 1175 969 intelligimus
1206 913 1360 969 utique
1391 914 1579 958 eandem
1609 929 1704 958 rem
1731 914 1778 957 in
1811 915 1940 958 nobis

316 1005 394 1046 per
417 990 698 1043 charitatem,
726 989 954 1041 unionem,
987 1005 1120 1046 quam
1149 990 1194 1033 in
1222 991 1349 1034 coelo
1378 990 1728 1047 possidebimus.
1761 991 1809 1036 Si
1838 993 1943 1049 glo·
1991 982 1995 987 ’

317 1067 424 1110 riam
449 1067 532 1111 Dei
557 1075 828 1123 spectemus,
855 1066 964 1122 quid
986 1067 1222 1110 sublimius
1246 1067 1290 1110 in
1322 1067 1482 1111 merito
1509 1067 1696 1122 Christi,
1728 1083 1863 1124 quam
1898 1076 1945 1112 ut

315 1159 403 1187 non
428 1145 570 1186 solum
594 1144 637 1186 in
662 1145 788 1187 coelo
810 1144 1109 1200 promeruerit
1126 1144 1256 1187 nobis
1274 1144 1413 1187 uitam
1431 1152 1680 1199 aeternam,
1705 1146 1786 1190 sed
1808 1146 1941 1189 etiam

315 1220 359 1263 in
383 1223 466 1263 hac
491 1221 602 1264 uita?
626 1229 674 1263 ut
698 1236 789 1264 non
812 1222 957 1264 solum
981 1229 1303 1285 commonstret
1326 1236 1378 1265 ac
1404 1223 1671 1278 persuadeat
1691 1224 1838 1267 Deum
1863 1238 1943 1266 no-

316 1298 383 1341 bis
407 1313 505 1342 esse
524 1298 762 1354 propitium
781 1312 859 1354 per
876 1300 1008 1341 suum
1027 1298 1252 1351 meritum,
1272 1300 1352 1342 sed
1372 1306 1420 1341 ut
1437 1299 1557 1342 illam
1576 1299 1941 1356 propitiationem

315 1375 444 1417 nobis
466 1375 675 1417 conciliet
703 1389 754 1418 ac
781 1375 935 1427 donet,
970 1375 1044 1418 ubi
1073 1375 1243 1419 scilicet
1265 1377 1404 1418 donat
1426 1376 1643 1432 Spiritum
1668 1383 1874 1420 sanctum
1898 1386 1944 1421 et

290 1480 294 1485 -
316 1451 511 1493 infundit
540 1452 583 1493 in
607 1454 692 1494 hoc
715 1452 1072 1508 praeclarissimo
1094 1454 1229 1504 dono,
1255 1453 1291 1496 si
1315 1453 1619 1509 arrogantiam
1643 1461 1842 1497 nostram
1866 1469 1942 1498 ex—

314 1529 498 1572 cludere
521 1537 565 1572 et
588 1529 937 1572 imbecillitatem
961 1539 1282 1574 commostrare
1312 1530 1443 1573 uelim
1453 1532 1524 1574 us?

405 1606 527 1661 Quid
552 1614 641 1649 tam
665 1606 938 1650 imbecillum
961 1607 1018 1649 ad
1039 1607 1230 1650 salutem
1254 1608 1618 1663 consequendam
1637 1623 1692 1651 ex
1715 1623 1781 1662 se,
1807 1622 1942 1664 quam

315 1690 472 1726 nostra
495 1698 638 1736 mens,
665 1697 781 1739 quae
803 1683 900 1726 sine
923 1683 1091 1726 auxilio
1114 1684 1199 1728 Dei
1223 1700 1280 1728 ne
1302 1685 1358 1727 ad
1380 1684 1609 1728 minimam
1639 1685 1818 1740 quidem
1837 1700 1943 1742 gra-

317 1760 422 1803 tiam
446 1760 531 1804 Dei
561 1760 893 1816 suscipiendam
923 1776 978 1805 ex
1006 1775 1055 1804 se
1083 1761 1224 1817 possit
1256 1762 1329 1806 uel
1351 1762 1522 1805 moueri
1561 1763 1632 1806 uel
1665 1762 1939 1819 praeparari,

315 1852 431 1892 quae
468 1837 603 1880 etiam
643 1845 733 1880 tam
771 1837 887 1880 seria
924 1845 1057 1894 egeat
1084 1838 1444 1894 praeparatione,
1477 1846 1526 1882 ut
1561 1840 1617 1882 ad
1645 1839 1860 1883 iustitiam
1893 1854 1942 1883 se

314 1922 549 1970 praeparet
580 1914 761 1970 (auxilio
792 1914 963 1958 scilicet
993 1915 1179 1972 diuino),
1212 1931 1326 1971 quae
1358 1916 1544 1972 primam
1575 1916 1940 1960 iustificationem

315 1992 474 2034 mereri
497 2007 587 2034 non
611 1992 768 2048 possit,
801 1993 907 2035 dum
938 1992 1110 2036 scilicet
1139 2001 1241 2037 ante
1270 1993 1388 2036 illam
1419 1995 1566 2037 Deum
1597 1994 1641 2036 in
1679 2009 1727 2038 se
1765 1993 1941 2037 unitum

314 2083 403 2111 non
427 2069 610 2112 habeat?

403 2146 593 2199 Rursus,
619 2145 728 2200 quid
749 2145 926 2199 mirum,
952 2146 1060 2202 quid
1082 2147 1359 2199 incredibile,
1379 2147 1433 2199 si,
1454 2147 1531 2191 ubi
1549 2148 1689 2191 uitam
1713 2155 1940 2192 aeternam

314 2222 445 2264 nobis
474 2222 733 2265 conciliauit
755 2225 880 2266 Deus
902 2238 981 2279 per
1003 2223 1254 2275 Christum,
1281 2224 1355 2266 illa
1376 2224 1422 2266 in
1451 2225 1581 2268 nobis
1610 2233 1654 2269 et
1684 2240 1765 2268 nos
1793 2224 1839 2267 in
1867 2225 1942 2268 illa

315 2313 471 2342 sumus
493 2300 720 2351 efficaces,
746 2307 882 2355 atque
905 2299 950 2342 in
973 2300 1048 2343 illa
1077 2300 1261 2353 uirtute,
1294 2301 1427 2356 quam
1456 2316 1535 2358 per
1563 2302 1792 2345 Christum
1822 2310 1866 2346 et
1894 2302 1940 2344 in

315 2376 497 2419 Christo
526 2376 655 2419 nobis
677 2376 823 2419 influit
850 2378 993 2429 Deus,
1025 2379 1295 2421 mereamur?
1324 2378 1542 2433 Numquid
1565 2380 1653 2421 hoc
1679 2394 1766 2421 non
1790 2387 1941 2435 potest

315 2453 460 2495 Deus?
484 2468 590 2495 num
614 2467 704 2495 non
729 2453 960 2496 Christus?
982 2469 1089 2496 num
1114 2469 1203 2497 non
1227 2454 1333 2496 unio
1356 2455 1551 2510 Spiritus
1568 2455 1710 2499 sancti
1729 2456 1774 2498 in
1791 2456 1941 2499 nobis?

317 2531 435 2572 Num
461 2545 549 2572 non
576 2537 721 2585 potest
743 2532 885 2582 Deus,
912 2538 962 2573 ut
984 2531 1030 2573 in
1053 2530 1127 2573 illo
1149 2532 1271 2574 dono
1294 2532 1370 2575 det
1393 2532 1523 2575 nobis
1547 2532 1681 2584 uires,
1707 2532 1872 2587 quibus
1894 2533 1940 2575 in

318 2606 410 2648 uita
434 2614 614 2649 aeterna
643 2608 699 2648 ad
722 2607 861 2649 uitam
888 2614 1116 2652 aeternam
1140 2609 1396 2663 operemur?
1419 2608 1535 2664 Quis
1557 2623 1655 2652 esse
1678 2617 1826 2665 potest
1849 2617 1937 2652 tam

316 2696 554 2737 peruersae
573 2697 624 2725 ac
642 2684 904 2738 desperatae
922 2682 1141 2736 maliciae,
1164 2691 1214 2726 ut
1232 2692 1405 2726 tantum
1425 2686 1615 2738 donum,
1633 2694 1721 2728 tam
1739 2685 1938 2729 diuinam

315 2759 642 2813 operationem,
687 2767 854 2802 tantam
889 2753 1156 2813 dignitatem
1186 2762 1382 2804 humano
1411 2762 1567 2817 generi
1601 2764 1646 2806 in
1683 2763 1866 2806 Christo
1895 2771 1940 2806 et

316 2850 395 2889 per
419 2836 649 2878 Christum
676 2836 927 2879 restitutam
952 2837 1152 2880 inuideat
1176 2837 1438 2881 mortalibus
1461 2839 1689 2882 omnibus?

404 2913 522 2954 Num
553 2912 742 2955 liberum
775 2912 1007 2956 arbitrium
1037 2929 1125 2957 non
1166 2915 1303 2957 habet
1340 2916 1494 2958 homo?
1531 2917 1632 2959 Hoc
1671 2924 1821 2960 tantae
1855 2917 1940 2959 fuit

386 3023 393 3042 ⁴
448 3023 598 3067 ICoR.,
622 3023 728 3066 XIII,
750 3034 784 3068 4.

384 3086 396 3102 ·-‘
449 3083 625 3129 GALAT„
649 3083 696 3126 V,
716 3090 753 3118 o.
