2028 3426
699 218 1128 257 INSTRucmoNEs-ffl
1192 256 1203 267 x
1610 224 1679 261 475

104 323 273 367 acedia.
305 325 375 367 De
397 337 586 367 excessu
614 322 660 364 in
683 321 783 364 cibo
811 328 855 364 et
877 328 987 377 potu
1016 321 1086 364 vel
1108 319 1467 374 intemperantia.
1494 319 1568 360 An
1592 317 1730 360 fuerit

103 400 148 442 in
178 399 390 443 conuiuio
419 398 586 456 aliquo,
618 406 704 442 etc.
737 403 817 444 297
840 399 909 440 De
938 397 1200 453 imperfecta
1228 394 1546 438 obseruatione
1574 394 1729 437 ieiunii

103 484 149 521 et
170 475 483 520 abstinentiae.
510 467 942 530 De'ingratitudine,
973 489 1064 516 non
1092 474 1237 516 solum
1266 486 1375 527 erga
1400 471 1622 521 homines,
1649 472 1729 514 sed

104 553 239 596 etiam
260 567 369 609 erga
390 555 539 596 Deum
562 559 607 594 et
628 558 821 595 sanctos.
845 553 914 594 De
936 549 1232 607 impatientia.
1251 549 1321 591 De
1343 547 1728 603 pusillanimitate.

105 631 174 673 De
201 629 436 672 mendacio
464 628 598 672 etiam
622 629 791 679 iocoso,
817 629 889 672 vel
918 627 1137 670 officioso.
1164 629 1234 670 De
1261 625 1424 668 debitis
1454 625 1498 666 in
1530 624 1728 668 saeculo.

105 708 180 750 An
208 706 389 748 missam
419 705 610 749 audierit
631 705 790 747 diebus
813 704 954 755 festis,
985 704 1119 747 etiam
1149 717 1253 745 cum
1282 709 1350 744 est
1380 702 1424 744 in
1448 701 1623 744 itinere.
1657 701 1733 742 An⁴

105 782 352 827 comederit
374 782 499 824 cibos
522 781 789 837 prohibitos.
816 781 1060 836 Quomodo
1090 781 1203 822 festa
1231 777 1521 834 transegerit.
1553 779 1628 820 An
1651 777 1732 818 ali-

107 859 214 914 quid
237 859 299 901 illi
321 858 565 914 contigerit
587 858 632 900 in
662 857 927 913 probatione
955 857 1204 913 hospitalis,
1231 862 1309 899 aut
1337 853 1730 911 peregrinationis,

108 937 232 991 quod
254 937 415 979 bonam
448 935 804 978 aedificationem
834 949 925 976 non
948 934 1122 998 dede-rit
1150 933 1370 989 proximo,
1402 939 1446 975 et
1476 931 1520 974 in
1547 930 1733 973 Vniuer-

107 1027 222 1065 sum‚
249 1027 307 1055 an
330 1012 453 1054 domi
474 1012 546 1054 vel
564 1010 671 1054 foris
688 1011 870 1065 aliquod
887 1012 1150 1054 scandalum
1173 1009 1362 1053 dederit.
1386 1011 1460 1051 An
1479 1022 1557 1063 per
1575 1009 1733 1050 horam

107 1091 178 1133 vel
201 1088 398 1132 notabile
421 1096 600 1144 tempus
623 1088 668 1129 in
690 1087 871 1143 aliquod
898 1094 1134 1143 peccatum
1163 1085 1458 1130 consenserit.
1489 1086 1559 1128 De
1588 1091 1734 1127 tenta-

108 1166 304 1208 tionibus
333 1165 377 1207 in
407 1165 570 1221 quouis
598 1178 766 1220 genere
794 1164 984 1219 peccati,
1020 1170 1065 1206 et
1093 1163 1474 1218 quemadmodum
1496 1162 1541 1203 in
1566 1160 1654 1203 illis
1685 1175 1737 1203 se

109 1242 317 1298 gesserit.

520 1368 582 1397 DE
616 1367 910 1396 REGULARUM
944 1366 1315 1396 OBSERUATIONE

199 1474 264 1515 Ex
298 1472 352 1514 iis
380 1471 556 1528 aliquae
591 1471 784 1515 attinent
816 1472 872 1514 ad
909 1471 1106 1513 fructum
1145 1470 1421 1525 spiritualem
1459 1469 1737 1521 immediate,

108 1549 222 1593 aliae
245 1550 301 1592 ad
318 1563 493 1591 morum
516 1547 906 1603 compositionem.
1603 1552 1623 1571 ’

198 1673 283 1714 298
594 1669 665 1709 De
681 1668 836 1722 priori
853 1681 1024 1723 genere
1039 1670 1245 1721 petatur:

199 1782 269 1823 De
292 1780 514 1824 oratione.
533 1782 602 1822 De
619 1779 838 1823 examine.
861 1781 930 1822 De
947 1778 1096 1821 missa.
1119 1780 1188 1822 De
1206 1777 1506 1835 confessione.
1526 1778 1595 1819 De
1611 1790 1738 1818 com-

111 1857 341 1900 munione.
368 1858 439 1900 De
476 1856 706 1899 auditione
743 1854 1013 1898 concionum
1051 1861 1095 1898 et
1116 1844 1361 1897 lectionum
1392 1867 1636 1895 sacrarum.
1669 1854 1742 1894 De

112 1934 366 1990 expletione
393 1932 711 1989 poenitentiae.
738 1933 794 1974 Et
830 1932 874 1974 in
897 1931 967 1974 his
994 1931 1383 1987 interrogandum,
1417 1945 1473 1973 an
1502 1928 1738 1971 omiserint

113 2012 202 2063 illa,
227 2011 301 2053 vel
336 2009 636 2066 neglexerint,
678 2025 733 2052 an
757 2009 891 2053 etiam
928 2024 981 2052 ea
1017 2008 1321 2058 adhibuerint,
1361 2022 1477 2062 quae
1507 2007 1739 2062 postulant

112 2088 188 2130 illa
210 2087 436 2131 exercitia.
462 2087 535 2129 An
559 2086 727 2128 orarint
755 2087 828 2130 vel
849 2085 1118 2130 celebrarint
1140 2100 1222 2141 pro
1243 2085 1312 2136 iis,
1338 2085 1503 2139 quibus
1526 2083 1744 2126 iubentur

114 2164 212 2208 fieri
236 2164 559 2220 applicationes
583 2162 799 2206 orationis
820 2163 893 2207 vel
920 2162 1099 2206 missae.

408 2283 464 2323 In
488 2283 577 2323 alio
595 2295 766 2338 genere
789 2281 1060 2337 regularum
1083 2281 1446 2336 interrogentur:

202 2395 272 2437 De
301 2393 563 2449 acceptione
595 2394 667 2436 vel
696 2392 907 2435 missione
937 2371 1167 2435 literarum
1206 2393 1377 2446 absque
1410 2391 1641 2434 facultate.
1672 2392 1741 2432 De

117 2470 325 2526 ingressu
349 2469 395 2512 in
417 2469 627 2512 cubicula
655 2470 859 2512 aliorum.
885 2471 954 2512 De
981 2468 1241 2524 egressione
1273 2482 1298 2510 e
1327 2469 1459 2510 domo
1489 2469 1660 2522 absque
1684 2466 1740 2507 li-

117 2546 282 2599 centia,
307 2554 352 2590 et
375 2561 433 2589 an
449 2546 534 2589 alio
553 2546 759 2590 venerint
774 2561 909 2601 quam
932 2559 1015 2601 pro
1038 2545 1266 2587 facultate.
1288 2546 1358 2587 De
1378 2543 1636 2586 visitatione
1659 2542 1741 2584 ali-

116 2622 248 2666 cuius
265 2624 436 2678 absque
452 2622 648 2667 licentia.
668 2625 736 2665 De
754 2637 809 2667 eo
827 2637 882 2664 an
902 2621 1093 2678 gesserit
1110 2620 1350 2676 negocium
1374 2620 1554 2674 aliquod
1571 2620 1745 2672 absque

118 2687 350 2750 facultate,
372 2700 444 2743 vel
462 2699 687 2754 pollicitus
709 2713 888 2754 operam
911 2697 1046 2741 fuerit
1068 2698 1124 2740 ad
1142 2697 1322 2751 aliquod
1339 2695 1649 2739 ministerium.
1673 2696 1744 2737 De

121 2776 376 2831 sumptione
399 2776 489 2818 cibi
511 2776 634 2818 foris.
661 2779 741 2821 299
763 2777 834 2818 De
856 2774 1033 2818 silentio
1050 2788 1153 2816 cum
1178 2772 1356 2827 quibus,
1384 2779 1428 2815 et
1446 2771 1610 2826 quibus
1628 2779 1744 2813 tem—

123 2851 307 2907 poribus
329 2859 398 2895 est
414 2852 704 2896 interdictum
723 2850 1012 2905 colloquium.
1032 2852 1107 2893 An
1125 2850 1340 2903 loquutus
1355 2848 1411 2890 sit
1428 2862 1530 2889 cum
1546 2846 1748 2889 externis

122 2929 293 2982 absque
313 2928 510 2980 licentia⁷
531 2935 576 2972 et
592 2928 755 2983 quibus
772 2929 828 2970 de
845 2927 996 2971 rebus.
1022 2928 1091 2969 De
1113 2925 1323 2980 ingressu
1341 2924 1397 2966 ad
1414 2924 1528 2975 loca,
1555 2924 1610 2965 ad
1628 2937 1744 2976 quae

123 3003 380 3058 prohibitus
409 3011 478 3049 est
514 3004 764 3060 ingressus.
804 3006 874 3047 De
910 3010 1034 3045 tactu
1074 3003 1260 3044 fratrum
1290 2999 1516 3055 prohibito
1540 3006 1585 3043 et
1607 2999 1744 3043 nimia
