<?xml version="1.0" encoding="UTF-8"?>
<!DOCTYPE html PUBLIC "-//W3C//DTD XHTML 1.0 Transitional//EN"
    "http://www.w3.org/TR/xhtml1/DTD/xhtml1-transitional.dtd">
<html xmlns="http://www.w3.org/1999/xhtml" xml:lang="en" lang="en">
 <head>
  <title>
</title>
<meta http-equiv="Content-Type" content="text/html;charset=utf-8" />
  <meta name='ocr-system' content='tesseract 3.04.00' />
  <meta name='ocr-capabilities' content='ocr_page ocr_carea ocr_par ocr_line ocrx_word'/>
</head>
<body>
  <div class='ocr_page' id='page_1' title='image "./epistolaephieron11nada_0369.png"; bbox 0 0 2028 3426; ppageno 0'>
   <div class='ocr_carea' id='block_1_1' title="bbox 0 0 94 1236">
    <p class='ocr_par' dir='ltr' id='par_1_1' title="bbox 0 0 94 1236">
     <span class='ocr_line' id='line_1_1' title="bbox 0 0 94 1236; baseline 0 0"><span class='ocrx_word' id='word_1_1' title='bbox 0 0 94 1236; x_wconf 95' lang='lat' dir='ltr'> </span> 
     </span>
    </p>
   </div>
   <div class='ocr_carea' id='block_1_2' title="bbox 439 245 1688 292">
    <p class='ocr_par' dir='ltr' id='par_1_2' title="bbox 439 245 1688 292">
     <span class='ocr_line' id='line_1_2' title="bbox 439 245 1688 292; baseline 0.002 -12"><span class='ocrx_word' id='word_1_2' title='bbox 439 246 711 281; x_wconf 80' lang='lat' dir='ltr'><strong>MONUMENTA</strong></span> <span class='ocrx_word' id='word_1_3' title='bbox 739 254 994 282; x_wconf 74' lang='lat' dir='ltr'>PRovmciAE</span> <span class='ocrx_word' id='word_1_4' title='bbox 1019 245 1358 290; x_wconf 78' lang='lat' dir='ltr'>FLANDmAE—57</span> <span class='ocrx_word' id='word_1_5' title='bbox 1619 246 1688 292; x_wconf 83' lang='lat'>343</span> 
     </span>
    </p>
   </div>
   <div class='ocr_carea' id='block_1_3' title="bbox 33 345 1741 1626">
    <p class='ocr_par' dir='ltr' id='par_1_3' title="bbox 38 345 1741 1154">
     <span class='ocr_line' id='line_1_3' title="bbox 52 345 1731 401; baseline 0.001 -13"><span class='ocrx_word' id='word_1_6' title='bbox 52 391 55 394; x_wconf 56' lang='grc'>,</span> <span class='ocrx_word' id='word_1_7' title='bbox 194 345 437 401; x_wconf 87' lang='lat' dir='ltr'>Hospitum</span> <span class='ocrx_word' id='word_1_8' title='bbox 467 345 829 401; x_wconf 87' lang='lat' dir='ltr'>recipiendorum</span> <span class='ocrx_word' id='word_1_9' title='bbox 860 361 948 388; x_wconf 92' lang='lat' dir='ltr'>non</span> <span class='ocrx_word' id='word_1_10' title='bbox 979 347 1200 389; x_wconf 89' lang='lat' dir='ltr'>habemus</span> <span class='ocrx_word' id='word_1_11' title='bbox 1230 346 1621 399; x_wconf 76' lang='lat' dir='ltr'>consuetudinem,</span> <span class='ocrx_word' id='word_1_12' title='bbox 1650 350 1731 391; x_wconf 82' lang='lat' dir='ltr'>ha—</span> 
     </span>
     <span class='ocr_line' id='line_1_4' title="bbox 48 421 1727 478; baseline 0.002 -15"><span class='ocrx_word' id='word_1_13' title='bbox 48 422 53 426; x_wconf 48' lang='lat'><strong>*</strong></span> <span class='ocrx_word' id='word_1_14' title='bbox 105 422 263 464; x_wconf 90' lang='lat' dir='ltr'>bemus</span> <span class='ocrx_word' id='word_1_15' title='bbox 284 421 402 464; x_wconf 90' lang='lat' dir='ltr'>enim</span> <span class='ocrx_word' id='word_1_16' title='bbox 424 422 643 477; x_wconf 87' lang='lat' dir='ltr'>regulam,</span> <span class='ocrx_word' id='word_1_17' title='bbox 671 436 785 477; x_wconf 90' lang='lat' dir='ltr'>quae</span> <span class='ocrx_word' id='word_1_18' title='bbox 813 422 1020 478; x_wconf 78' lang='lat' dir='ltr'>prohibet</span> <span class='ocrx_word' id='word_1_19' title='bbox 1048 422 1248 477; x_wconf 81' lang='lat' dir='ltr'>hospites</span> <span class='ocrx_word' id='word_1_20' title='bbox 1277 422 1491 478; x_wconf 88' lang='lat' dir='ltr'>recipere,</span> <span class='ocrx_word' id='word_1_21' title='bbox 1525 425 1613 465; x_wconf 91' lang='lat' dir='ltr'>hoc</span> <span class='ocrx_word' id='word_1_22' title='bbox 1643 432 1727 477; x_wconf 90' lang='lat' dir='ltr'>est,</span> 
     </span>
     <span class='ocr_line' id='line_1_5' title="bbox 51 484 1729 554; baseline 0.001 -13"><span class='ocrx_word' id='word_1_23' title='bbox 51 484 59 490; x_wconf 77' lang='lat'>..</span> <span class='ocrx_word' id='word_1_24' title='bbox 104 504 312 541; x_wconf 87' lang='lat' dir='ltr'>externos</span> <span class='ocrx_word' id='word_1_25' title='bbox 335 497 541 541; x_wconf 90' lang='lat' dir='ltr'>homines</span> <span class='ocrx_word' id='word_1_26' title='bbox 562 498 746 540; x_wconf 89' lang='lat' dir='ltr'>domum</span> <span class='ocrx_word' id='word_1_27' title='bbox 771 506 814 542; x_wconf 92' lang='lat' dir='ltr'>et</span> <span class='ocrx_word' id='word_1_28' title='bbox 837 499 893 541; x_wconf 91' lang='lat' dir='ltr'>ad</span> <span class='ocrx_word' id='word_1_29' title='bbox 915 498 1152 554; x_wconf 88' lang='lat' dir='ltr'>prandium</span> <span class='ocrx_word' id='word_1_30' title='bbox 1181 505 1226 542; x_wconf 87' lang='lat' dir='ltr'>et</span> <span class='ocrx_word' id='word_1_31' title='bbox 1253 513 1457 550; x_wconf 90' lang='lat' dir='ltr'>coenam,</span> <span class='ocrx_word' id='word_1_32' title='bbox 1490 507 1535 542; x_wconf 89' lang='lat' dir='ltr'>et</span> <span class='ocrx_word' id='word_1_33' title='bbox 1563 501 1729 543; x_wconf 90' lang='lat' dir='ltr'>lectum</span> 
     </span>
     <span class='ocr_line' id='line_1_6' title="bbox 44 563 1730 631; baseline 0.002 -15"><span class='ocrx_word' id='word_1_34' title='bbox 44 563 48 626; x_wconf 28' lang='grc' dir='ltr'>ἶ</span> <span class='ocrx_word' id='word_1_35' title='bbox 103 573 320 629; x_wconf 89' lang='lat' dir='ltr'>accipere:</span> <span class='ocrx_word' id='word_1_36' title='bbox 352 574 633 629; x_wconf 78' lang='lat' dir='ltr'>hospitalitas</span> <span class='ocrx_word' id='word_1_37' title='bbox 656 581 807 619; x_wconf 88' lang='lat' dir='ltr'>tamen</span> <span class='ocrx_word' id='word_1_38' title='bbox 830 590 921 617; x_wconf 93' lang='lat' dir='ltr'>non</span> <span class='ocrx_word' id='word_1_39' title='bbox 943 575 1206 631; x_wconf 77' lang='lat' dir='ltr'>negligitur,</span> <span class='ocrx_word' id='word_1_40' title='bbox 1232 576 1312 618; x_wconf 90' lang='lat' dir='ltr'>sed</span> <span class='ocrx_word' id='word_1_41' title='bbox 1334 575 1466 618; x_wconf 89' lang='lat' dir='ltr'>amici</span> <span class='ocrx_word' id='word_1_42' title='bbox 1489 576 1730 631; x_wconf 90' lang='lat' dir='ltr'>aliquando</span> 
     </span>
     <span class='ocr_line' id='line_1_7' title="bbox 38 650 1727 706; baseline 0.002 -15"><span class='ocrx_word' id='word_1_43' title='bbox 38 696 41 704; x_wconf 37' lang='grc' dir='ltr'><em>ι</em></span> <span class='ocrx_word' id='word_1_44' title='bbox 103 657 291 705; x_wconf 87' lang='lat' dir='ltr'>possunt</span> <span class='ocrx_word' id='word_1_45' title='bbox 315 650 495 692; x_wconf 87' lang='lat' dir='ltr'>inuitari</span> <span class='ocrx_word' id='word_1_46' title='bbox 519 651 574 693; x_wconf 84' lang='lat' dir='ltr'>ad</span> <span class='ocrx_word' id='word_1_47' title='bbox 590 651 825 706; x_wconf 85' lang='lat' dir='ltr'>prandium</span> <span class='ocrx_word' id='word_1_48' title='bbox 844 652 917 694; x_wconf 90' lang='lat' dir='ltr'>uel</span> <span class='ocrx_word' id='word_1_49' title='bbox 934 666 1136 703; x_wconf 91' lang='lat' dir='ltr'>coenam,</span> <span class='ocrx_word' id='word_1_50' title='bbox 1158 651 1293 695; x_wconf 86' lang='lat' dir='ltr'>etiam</span> <span class='ocrx_word' id='word_1_51' title='bbox 1311 651 1355 693; x_wconf 91' lang='lat' dir='ltr'>in</span> <span class='ocrx_word' id='word_1_52' title='bbox 1376 652 1628 704; x_wconf 89' lang='lat' dir='ltr'>refectorio,</span> <span class='ocrx_word' id='word_1_53' title='bbox 1652 654 1727 695; x_wconf 93' lang='lat' dir='ltr'>ubi</span> 
     </span>
     <span class='ocr_line' id='line_1_8' title="bbox 44 715 1725 783; baseline 0.004 -16"><span class='ocrx_word' id='word_1_54' title='bbox 44 715 51 718; x_wconf 8' lang='grc' dir='ltr'>η’</span> <span class='ocrx_word' id='word_1_55' title='bbox 100 725 161 768; x_wconf 89' lang='lat' dir='ltr'>ita</span> <span class='ocrx_word' id='word_1_56' title='bbox 183 726 384 770; x_wconf 82' lang='lat' dir='ltr'>censebit</span> <span class='ocrx_word' id='word_1_57' title='bbox 406 727 624 782; x_wconf 84' lang='lat' dir='ltr'>superior,</span> <span class='ocrx_word' id='word_1_58' title='bbox 649 736 694 770; x_wconf 91' lang='lat' dir='ltr'>et</span> <span class='ocrx_word' id='word_1_59' title='bbox 716 727 886 771; x_wconf 87' lang='lat' dir='ltr'>videbit</span> <span class='ocrx_word' id='word_1_60' title='bbox 909 728 1018 770; x_wconf 92' lang='lat' dir='ltr'>illud</span> <span class='ocrx_word' id='word_1_61' title='bbox 1040 728 1264 783; x_wconf 89' lang='lat' dir='ltr'>pertinere</span> <span class='ocrx_word' id='word_1_62' title='bbox 1286 729 1342 770; x_wconf 90' lang='lat' dir='ltr'>ad</span> <span class='ocrx_word' id='word_1_63' title='bbox 1366 729 1725 773; x_wconf 86' lang='lat' dir='ltr'>aedificationem</span> 
     </span>
     <span class='ocr_line' id='line_1_9' title="bbox 46 796 1741 859; baseline 0.002 -15"><span class='ocrx_word' id='word_1_64' title='bbox 46 812 50 832; x_wconf 69' lang='lat'>1</span> <span class='ocrx_word' id='word_1_65' title='bbox 100 810 145 844; x_wconf 90' lang='lat' dir='ltr'>et</span> <span class='ocrx_word' id='word_1_66' title='bbox 168 803 364 845; x_wconf 87' lang='lat' dir='ltr'>fructum</span> <span class='ocrx_word' id='word_1_67' title='bbox 389 803 583 859; x_wconf 79' lang='lat' dir='ltr'>aliquem</span> <span class='ocrx_word' id='word_1_68' title='bbox 608 804 899 859; x_wconf 89' lang='lat' dir='ltr'>spiritualem.</span> <span class='ocrx_word' id='word_1_69' title='bbox 1738 796 1741 797; x_wconf 31' lang='lat'><em>⁷</em></span> 
     </span>
     <span class='ocr_line' id='line_1_10' title="bbox 48 870 1721 936; baseline 0.002 -14"><span class='ocrx_word' id='word_1_70' title='bbox 48 870 52 878; x_wconf 70' lang='grc'><em>’</em></span> <span class='ocrx_word' id='word_1_71' title='bbox 188 880 366 935; x_wconf 85' lang='lat' dir='ltr'>Relapsi</span> <span class='ocrx_word' id='word_1_72' title='bbox 389 880 433 922; x_wconf 91' lang='lat' dir='ltr'>in</span> <span class='ocrx_word' id='word_1_73' title='bbox 456 880 676 923; x_wconf 81' lang='lat' dir='ltr'>haeresim</span> <span class='ocrx_word' id='word_1_74' title='bbox 699 881 873 923; x_wconf 91' lang='lat' dir='ltr'>absolui</span> <span class='ocrx_word' id='word_1_75' title='bbox 896 889 1099 936; x_wconf 83' lang='lat' dir='ltr'>possunt,</span> <span class='ocrx_word' id='word_1_76' title='bbox 1124 883 1363 925; x_wconf 81' lang='lat' dir='ltr'>obseruata</span> <span class='ocrx_word' id='word_1_77' title='bbox 1389 889 1540 925; x_wconf 88' lang='lat' dir='ltr'>tamen</span> <span class='ocrx_word' id='word_1_78' title='bbox 1562 883 1721 925; x_wconf 91' lang='lat' dir='ltr'>condi—</span> 
     </span>
     <span class='ocr_line' id='line_1_11' title="bbox 98 955 1725 1014; baseline 0.002 -16"><span class='ocrx_word' id='word_1_79' title='bbox 98 955 219 1000; x_wconf 87' lang='lat' dir='ltr'>tione</span> <span class='ocrx_word' id='word_1_80' title='bbox 246 956 475 1000; x_wconf 89' lang='lat' dir='ltr'>literarum</span> <span class='ocrx_word' id='word_1_81' title='bbox 505 956 744 1000; x_wconf 87' lang='lat' dir='ltr'>cardinalis</span> <span class='ocrx_word' id='word_1_82' title='bbox 771 959 916 1013; x_wconf 88' lang='lat' dir='ltr'>pisani</span> <span class='ocrx_word' id='word_1_83' title='bbox 944 959 1000 1000; x_wconf 92' lang='lat' dir='ltr'>ad</span> <span class='ocrx_word' id='word_1_84' title='bbox 1038 966 1367 1014; x_wconf 83' lang='lat' dir='ltr'>augustanum3</span> <span class='ocrx_word' id='word_1_85' title='bbox 1405 966 1450 1002; x_wconf 91' lang='lat' dir='ltr'>et</span> <span class='ocrx_word' id='word_1_86' title='bbox 1486 959 1725 1014; x_wconf 87' lang='lat' dir='ltr'>supposito</span> 
     </span>
     <span class='ocr_line' id='line_1_12' title="bbox 97 1033 1721 1091; baseline 0.002 -16"><span class='ocrx_word' id='word_1_87' title='bbox 97 1033 216 1088; x_wconf 89' lang='lat' dir='ltr'>quod</span> <span class='ocrx_word' id='word_1_88' title='bbox 253 1034 449 1077; x_wconf 80' lang='lat' dir='ltr'>habeant</span> <span class='ocrx_word' id='word_1_89' title='bbox 485 1033 529 1075; x_wconf 90' lang='lat' dir='ltr'>in</span> <span class='ocrx_word' id='word_1_90' title='bbox 567 1033 637 1076; x_wconf 90' lang='lat' dir='ltr'>his</span> <span class='ocrx_word' id='word_1_91' title='bbox 674 1034 936 1090; x_wconf 79' lang='lat' dir='ltr'>regionibus</span> <span class='ocrx_word' id='word_1_92' title='bbox 975 1035 1238 1078; x_wconf 83' lang='lat' dir='ltr'>facultatem</span> <span class='ocrx_word' id='word_1_93' title='bbox 1278 1051 1303 1078; x_wconf 92' lang='lat' dir='ltr'>a</span> <span class='ocrx_word' id='word_1_94' title='bbox 1347 1037 1483 1079; x_wconf 88' lang='lat' dir='ltr'>Patre</span> <span class='ocrx_word' id='word_1_95' title='bbox 1521 1037 1721 1091; x_wconf 85' lang='lat' dir='ltr'>generali</span> 
     </span>
     <span class='ocr_line' id='line_1_13' title="bbox 65 1108 649 1154; baseline 0.005 -4"><span class='ocrx_word' id='word_1_96' title='bbox 65 1141 69 1144; x_wconf 84' lang='lat'>.</span> <span class='ocrx_word' id='word_1_97' title='bbox 97 1108 361 1153; x_wconf 87' lang='lat' dir='ltr'>absoluendi</span> <span class='ocrx_word' id='word_1_98' title='bbox 378 1111 434 1152; x_wconf 91' lang='lat' dir='ltr'>ab</span> <span class='ocrx_word' id='word_1_99' title='bbox 458 1110 649 1154; x_wconf 90' lang='lat' dir='ltr'>haeresi.</span> 
     </span>
    </p>

    <p class='ocr_par' dir='ltr' id='par_1_4' title="bbox 33 1187 1720 1626">
     <span class='ocr_line' id='line_1_14' title="bbox 183 1187 1720 1245; baseline 0.001 -16"><span class='ocrx_word' id='word_1_100' title='bbox 183 1187 346 1229; x_wconf 88' lang='lat' dir='ltr'>Nullus</span> <span class='ocrx_word' id='word_1_101' title='bbox 369 1187 493 1243; x_wconf 87' lang='lat' dir='ltr'>legat</span> <span class='ocrx_word' id='word_1_102' title='bbox 514 1187 653 1229; x_wconf 90' lang='lat' dir='ltr'>libros</span> <span class='ocrx_word' id='word_1_103' title='bbox 682 1187 934 1230; x_wconf 86' lang='lat' dir='ltr'>haereticos</span> <span class='ocrx_word' id='word_1_104' title='bbox 964 1189 1036 1231; x_wconf 92' lang='lat' dir='ltr'>uel</span> <span class='ocrx_word' id='word_1_105' title='bbox 1065 1188 1315 1244; x_wconf 89' lang='lat' dir='ltr'>prohibitos</span> <span class='ocrx_word' id='word_1_106' title='bbox 1337 1188 1383 1230; x_wconf 90' lang='lat' dir='ltr'>in</span> <span class='ocrx_word' id='word_1_107' title='bbox 1411 1190 1618 1245; x_wconf 86' lang='lat' dir='ltr'>catalogo</span> <span class='ocrx_word' id='word_1_108' title='bbox 1647 1204 1720 1232; x_wconf 94' lang='lat' dir='ltr'>ro-</span> 
     </span>
     <span class='ocr_line' id='line_1_15' title="bbox 33 1263 1720 1320; baseline 0.002 -16"><span class='ocrx_word' id='word_1_109' title='bbox 33 1291 35 1293; x_wconf 96' lang='grc'>-</span> <span class='ocrx_word' id='word_1_110' title='bbox 93 1276 241 1315; x_wconf 89' lang='lat' dir='ltr'>mano,</span> <span class='ocrx_word' id='word_1_111' title='bbox 268 1263 339 1306; x_wconf 87' lang='lat' dir='ltr'>vel</span> <span class='ocrx_word' id='word_1_112' title='bbox 363 1270 514 1306; x_wconf 87' lang='lat' dir='ltr'>utatur</span> <span class='ocrx_word' id='word_1_113' title='bbox 537 1264 749 1307; x_wconf 82' lang='lat' dir='ltr'>facultate</span> <span class='ocrx_word' id='word_1_114' title='bbox 771 1263 920 1318; x_wconf 89' lang='lat' dir='ltr'>aliqua</span> <span class='ocrx_word' id='word_1_115' title='bbox 942 1279 1019 1307; x_wconf 91' lang='lat' dir='ltr'>eos</span> <span class='ocrx_word' id='word_1_116' title='bbox 1040 1265 1236 1320; x_wconf 84' lang='lat' dir='ltr'>legendi,</span> <span class='ocrx_word' id='word_1_117' title='bbox 1264 1265 1349 1307; x_wconf 90' lang='lat' dir='ltr'>nisi</span> <span class='ocrx_word' id='word_1_118' title='bbox 1371 1279 1505 1320; x_wconf 89' lang='lat' dir='ltr'>quam</span> <span class='ocrx_word' id='word_1_119' title='bbox 1530 1266 1720 1310; x_wconf 85' lang='lat' dir='ltr'>haberet</span> 
     </span>
     <span class='ocr_line' id='line_1_16' title="bbox 92 1339 1712 1397; baseline 0.003 -17"><span class='ocrx_word' id='word_1_120' title='bbox 92 1354 117 1381; x_wconf 93' lang='lat' dir='ltr'>a</span> <span class='ocrx_word' id='word_1_121' title='bbox 139 1339 273 1382; x_wconf 87' lang='lat' dir='ltr'>Patre</span> <span class='ocrx_word' id='word_1_122' title='bbox 295 1339 511 1395; x_wconf 88' lang='lat' dir='ltr'>generali,</span> <span class='ocrx_word' id='word_1_123' title='bbox 538 1340 611 1382; x_wconf 89' lang='lat' dir='ltr'>uel</span> <span class='ocrx_word' id='word_1_124' title='bbox 632 1355 712 1396; x_wconf 89' lang='lat' dir='ltr'>per</span> <span class='ocrx_word' id='word_1_125' title='bbox 739 1340 902 1396; x_wconf 83' lang='lat' dir='ltr'>ipsum3</span> <span class='ocrx_word' id='word_1_126' title='bbox 929 1341 1068 1396; x_wconf 78' lang='lat' dir='ltr'>possit</span> <span class='ocrx_word' id='word_1_127' title='bbox 1096 1349 1244 1385; x_wconf 84' lang='lat' dir='ltr'>tamen</span> <span class='ocrx_word' id='word_1_128' title='bbox 1275 1349 1436 1393; x_wconf 88' lang='lat' dir='ltr'>rector,</span> <span class='ocrx_word' id='word_1_129' title='bbox 1463 1343 1535 1385; x_wconf 87' lang='lat' dir='ltr'>vel</span> <span class='ocrx_word' id='word_1_130' title='bbox 1556 1342 1633 1397; x_wconf 88' lang='lat' dir='ltr'>qui</span> <span class='ocrx_word' id='word_1_131' title='bbox 1656 1344 1712 1385; x_wconf 90' lang='lat' dir='ltr'>ab</span> 
     </span>
     <span class='ocr_line' id='line_1_17' title="bbox 90 1415 1715 1474; baseline 0.002 -17"><span class='ocrx_word' id='word_1_132' title='bbox 90 1415 167 1458; x_wconf 95' lang='lat' dir='ltr'>illo</span> <span class='ocrx_word' id='word_1_133' title='bbox 189 1416 518 1472; x_wconf 84' lang='lat' dir='ltr'>designabitur,</span> <span class='ocrx_word' id='word_1_134' title='bbox 544 1416 736 1471; x_wconf 89' lang='lat' dir='ltr'>aliquem</span> <span class='ocrx_word' id='word_1_135' title='bbox 759 1417 922 1459; x_wconf 89' lang='lat' dir='ltr'>librum</span> <span class='ocrx_word' id='word_1_136' title='bbox 944 1418 1112 1473; x_wconf 87' lang='lat' dir='ltr'>legere,</span> <span class='ocrx_word' id='word_1_137' title='bbox 1134 1425 1184 1459; x_wconf 88' lang='lat' dir='ltr'>ut</span> <span class='ocrx_word' id='word_1_138' title='bbox 1206 1418 1408 1473; x_wconf 84' lang='lat' dir='ltr'>exploret</span> <span class='ocrx_word' id='word_1_139' title='bbox 1430 1433 1486 1460; x_wconf 89' lang='lat' dir='ltr'>an</span> <span class='ocrx_word' id='word_1_140' title='bbox 1504 1419 1562 1461; x_wconf 88' lang='lat' dir='ltr'>sit</span> <span class='ocrx_word' id='word_1_141' title='bbox 1579 1420 1715 1474; x_wconf 60' lang='lat' dir='ltr'>plane</span> 
     </span>
     <span class='ocr_line' id='line_1_18' title="bbox 88 1483 1715 1549; baseline 0.002 -15"><span class='ocrx_word' id='word_1_142' title='bbox 88 1492 342 1535; x_wconf 90' lang='lat' dir='ltr'>haereticus</span> <span class='ocrx_word' id='word_1_143' title='bbox 363 1500 409 1535; x_wconf 91' lang='lat' dir='ltr'>et</span> <span class='ocrx_word' id='word_1_144' title='bbox 430 1493 751 1548; x_wconf 89' lang='lat' dir='ltr'>prohibendus,</span> <span class='ocrx_word' id='word_1_145' title='bbox 773 1493 859 1535; x_wconf 92' lang='lat' dir='ltr'>nisi</span> <span class='ocrx_word' id='word_1_146' title='bbox 881 1493 1046 1548; x_wconf 88' lang='lat' dir='ltr'>alioqui</span> <span class='ocrx_word' id='word_1_147' title='bbox 1068 1493 1195 1547; x_wconf 81' lang='lat' dir='ltr'>sciat3</span> <span class='ocrx_word' id='word_1_148' title='bbox 1222 1495 1343 1549; x_wconf 91' lang='lat' dir='ltr'>quod</span> <span class='ocrx_word' id='word_1_149' title='bbox 1360 1508 1463 1536; x_wconf 91' lang='lat' dir='ltr'>cum</span> <span class='ocrx_word' id='word_1_150' title='bbox 1480 1483 1536 1537; x_wconf 59' lang='lat' dir='ltr'>ei&lt;</span> <span class='ocrx_word' id='word_1_151' title='bbox 1555 1495 1715 1539; x_wconf 88' lang='lat' dir='ltr'>lectio-</span> 
     </span>
     <span class='ocr_line' id='line_1_19' title="bbox 88 1569 1711 1626; baseline 0.002 -16"><span class='ocrx_word' id='word_1_152' title='bbox 88 1583 145 1612; x_wconf 92' lang='lat' dir='ltr'>ne</span> <span class='ocrx_word' id='word_1_153' title='bbox 173 1569 519 1624; x_wconf 91' lang='lat' dir='ltr'>deprehenderit</span> <span class='ocrx_word' id='word_1_154' title='bbox 550 1584 648 1613; x_wconf 91' lang='lat' dir='ltr'>esse</span> <span class='ocrx_word' id='word_1_155' title='bbox 677 1570 976 1621; x_wconf 87' lang='lat' dir='ltr'>haereticum,</span> <span class='ocrx_word' id='word_1_156' title='bbox 1002 1584 1059 1612; x_wconf 92' lang='lat' dir='ltr'>ne</span> <span class='ocrx_word' id='word_1_157' title='bbox 1088 1570 1273 1613; x_wconf 85' lang='lat' dir='ltr'>vlterius</span> <span class='ocrx_word' id='word_1_158' title='bbox 1306 1571 1483 1626; x_wconf 85' lang='lat' dir='ltr'>legant,</span> <span class='ocrx_word' id='word_1_159' title='bbox 1524 1573 1604 1615; x_wconf 89' lang='lat' dir='ltr'>sed</span> <span class='ocrx_word' id='word_1_160' title='bbox 1638 1586 1711 1614; x_wconf 91' lang='lat' dir='ltr'>se-</span> 
     </span>
    </p>
   </div>
   <div class='ocr_carea' id='block_1_4' title="bbox 87 1652 1713 1778">
    <p class='ocr_par' dir='ltr' id='par_1_5' title="bbox 87 1652 1713 1778">
     <span class='ocr_line' id='line_1_20' title="bbox 87 1652 274 1700; baseline 0.016 -13"><span class='ocrx_word' id='word_1_161' title='bbox 87 1652 274 1700; x_wconf 87' lang='lat' dir='ltr'>ponant.</span> 
     </span>
     <span class='ocr_line' id='line_1_21' title="bbox 173 1722 1713 1778; baseline 0.002 -13"><span class='ocrx_word' id='word_1_162' title='bbox 173 1723 416 1778; x_wconf 86' lang='lat' dir='ltr'>Separetur</span> <span class='ocrx_word' id='word_1_163' title='bbox 438 1722 726 1774; x_wconf 87' lang='lat' dir='ltr'>bibliotheca,</span> <span class='ocrx_word' id='word_1_164' title='bbox 754 1723 1133 1777; x_wconf 87' lang='lat' dir='ltr'>quemadmodum</span> <span class='ocrx_word' id='word_1_165' title='bbox 1158 1725 1211 1767; x_wconf 79' lang='lat' dir='ltr'>P.</span> <span class='ocrx_word' id='word_1_166' title='bbox 1237 1723 1410 1766; x_wconf 87' lang='lat' dir='ltr'>Natalis</span> <span class='ocrx_word' id='word_1_167' title='bbox 1426 1724 1550 1772; x_wconf 78' lang='lat' dir='ltr'>dicit,</span> <span class='ocrx_word' id='word_1_168' title='bbox 1572 1725 1713 1768; x_wconf 89' lang='lat' dir='ltr'>altera</span> 
     </span>
    </p>
   </div>
   <div class='ocr_carea' id='block_1_5' title="bbox 34 1798 1708 2466">
    <p class='ocr_par' dir='ltr' id='par_1_6' title="bbox 86 1798 728 1850">
     <span class='ocr_line' id='line_1_22' title="bbox 86 1798 728 1850; baseline 0 -10"><span class='ocrx_word' id='word_1_169' title='bbox 86 1805 274 1850; x_wconf 87' lang='lat' dir='ltr'>secreta,</span> <span class='ocrx_word' id='word_1_170' title='bbox 301 1799 440 1842; x_wconf 85' lang='lat' dir='ltr'>altera</span> <span class='ocrx_word' id='word_1_171' title='bbox 462 1798 728 1841; x_wconf 86' lang='lat' dir='ltr'>communis.</span> 
     </span>
    </p>

    <p class='ocr_par' dir='ltr' id='par_1_7' title="bbox 83 1875 1706 2006">
     <span class='ocr_line' id='line_1_23' title="bbox 173 1875 1706 1932; baseline 0.002 -16"><span class='ocrx_word' id='word_1_172' title='bbox 173 1875 566 1930; x_wconf 76' lang='lat' dir='ltr'>Quemadmodum</span> <span class='ocrx_word' id='word_1_173' title='bbox 589 1890 696 1918; x_wconf 91' lang='lat' dir='ltr'>vero</span> <span class='ocrx_word' id='word_1_174' title='bbox 718 1875 807 1918; x_wconf 88' lang='lat' dir='ltr'>sint</span> <span class='ocrx_word' id='word_1_175' title='bbox 829 1876 1053 1931; x_wconf 88' lang='lat' dir='ltr'>purgandi</span> <span class='ocrx_word' id='word_1_176' title='bbox 1075 1875 1191 1928; x_wconf 89' lang='lat' dir='ltr'>libri,</span> <span class='ocrx_word' id='word_1_177' title='bbox 1223 1876 1439 1919; x_wconf 89' lang='lat' dir='ltr'>indicabit</span> <span class='ocrx_word' id='word_1_178' title='bbox 1467 1877 1706 1932; x_wconf 86' lang='lat' dir='ltr'>scriptum,</span> 
     </span>
     <span class='ocr_line' id='line_1_24' title="bbox 83 1951 1253 2006; baseline 0.002 -12"><span class='ocrx_word' id='word_1_179' title='bbox 83 1953 204 2006; x_wconf 90' lang='lat' dir='ltr'>quod</span> <span class='ocrx_word' id='word_1_180' title='bbox 226 1953 281 1995; x_wconf 93' lang='lat' dir='ltr'>de</span> <span class='ocrx_word' id='word_1_181' title='bbox 303 1967 356 1996; x_wconf 90' lang='lat' dir='ltr'>ea</span> <span class='ocrx_word' id='word_1_182' title='bbox 378 1966 426 1994; x_wconf 89' lang='lat' dir='ltr'>re</span> <span class='ocrx_word' id='word_1_183' title='bbox 448 1951 571 1995; x_wconf 87' lang='lat' dir='ltr'>dedit</span> <span class='ocrx_word' id='word_1_184' title='bbox 594 1954 646 1995; x_wconf 85' lang='lat' dir='ltr'>P.</span> <span class='ocrx_word' id='word_1_185' title='bbox 674 1952 860 1995; x_wconf 88' lang='lat' dir='ltr'>Natalis.</span> <span class='ocrx_word' id='word_1_186' title='bbox 1250 1961 1253 1964; x_wconf 75' lang='grc'>’</span> 
     </span>
    </p>

    <p class='ocr_par' dir='ltr' id='par_1_8' title="bbox 34 2018 1708 2237">
     <span class='ocr_line' id='line_1_25' title="bbox 169 2018 1705 2085; baseline 0.001 -13"><span class='ocrx_word' id='word_1_187' title='bbox 169 2027 339 2072; x_wconf 91' lang='lat' dir='ltr'>Nouitii</span> <span class='ocrx_word' id='word_1_188' title='bbox 362 2028 572 2072; x_wconf 87' lang='lat' dir='ltr'>videntur</span> <span class='ocrx_word' id='word_1_189' title='bbox 594 2043 693 2072; x_wconf 84' lang='lat' dir='ltr'>esse</span> <span class='ocrx_word' id='word_1_190' title='bbox 715 2028 950 2085; x_wconf 84' lang='lat' dir='ltr'>separandi</span> <span class='ocrx_word' id='word_1_191' title='bbox 973 2043 1076 2071; x_wconf 91' lang='lat' dir='ltr'>cum</span> <span class='ocrx_word' id='word_1_192' title='bbox 1099 2044 1183 2072; x_wconf 92' lang='lat' dir='ltr'>suo</span> <span class='ocrx_word' id='word_1_193' title='bbox 1207 2030 1434 2085; x_wconf 86' lang='lat' dir='ltr'>praefecto</span> <span class='ocrx_word' id='word_1_194' title='bbox 1457 2037 1501 2073; x_wconf 86' lang='lat' dir='ltr'>et</span> <span class='ocrx_word' id='word_1_195' title='bbox 1518 2018 1705 2074; x_wconf 91' lang='lat' dir='ltr'>coadiu-</span> 
     </span>
     <span class='ocr_line' id='line_1_26' title="bbox 83 2104 1708 2158; baseline 0.001 -11"><span class='ocrx_word' id='word_1_196' title='bbox 83 2112 193 2157; x_wconf 88' lang='lat' dir='ltr'>tore,</span> <span class='ocrx_word' id='word_1_197' title='bbox 225 2104 301 2147; x_wconf 92' lang='lat' dir='ltr'>vbi</span> <span class='ocrx_word' id='word_1_198' title='bbox 328 2104 555 2148; x_wconf 88' lang='lat' dir='ltr'>videbitur</span> <span class='ocrx_word' id='word_1_199' title='bbox 582 2104 1012 2148; x_wconf 87' lang='lat' dir='ltr'>commodissimum.</span> <span class='ocrx_word' id='word_1_200' title='bbox 1048 2106 1218 2149; x_wconf 86' lang='lat' dir='ltr'>Poterit</span> <span class='ocrx_word' id='word_1_201' title='bbox 1247 2106 1381 2150; x_wconf 87' lang='lat' dir='ltr'>etiam</span> <span class='ocrx_word' id='word_1_202' title='bbox 1413 2106 1544 2158; x_wconf 87' lang='lat' dir='ltr'>alius,</span> <span class='ocrx_word' id='word_1_203' title='bbox 1580 2107 1617 2149; x_wconf 92' lang='lat' dir='ltr'>si</span> <span class='ocrx_word' id='word_1_204' title='bbox 1649 2107 1708 2149; x_wconf 90' lang='lat' dir='ltr'>sit</span> 
     </span>
     <span class='ocr_line' id='line_1_27' title="bbox 34 2172 1415 2237; baseline 0.001 -13"><span class='ocrx_word' id='word_1_205' title='bbox 34 2203 35 2206; x_wconf 39' lang='lat'>¹</span> <span class='ocrx_word' id='word_1_206' title='bbox 67 2172 282 2235; x_wconf 81' lang='lat' dir='ltr'>necesse,</span> <span class='ocrx_word' id='word_1_207' title='bbox 308 2196 411 2224; x_wconf 85' lang='lat' dir='ltr'>curn</span> <span class='ocrx_word' id='word_1_208' title='bbox 434 2181 519 2224; x_wconf 89' lang='lat' dir='ltr'>illis</span> <span class='ocrx_word' id='word_1_209' title='bbox 542 2182 747 2226; x_wconf 88' lang='lat' dir='ltr'>habitare</span> <span class='ocrx_word' id='word_1_210' title='bbox 768 2183 987 2237; x_wconf 73' lang='lat' dir='ltr'>probatus</span> <span class='ocrx_word' id='word_1_211' title='bbox 1011 2184 1145 2226; x_wconf 75' lang='lat' dir='ltr'>Pater</span> <span class='ocrx_word' id='word_1_212' title='bbox 1169 2183 1241 2226; x_wconf 92' lang='lat' dir='ltr'>uel</span> <span class='ocrx_word' id='word_1_213' title='bbox 1265 2184 1415 2226; x_wconf 87' lang='lat' dir='ltr'>frater.</span> 
     </span>
    </p>

    <p class='ocr_par' dir='ltr' id='par_1_9' title="bbox 78 2258 1704 2466">
     <span class='ocr_line' id='line_1_28' title="bbox 167 2258 1704 2314; baseline 0.001 -13"><span class='ocrx_word' id='word_1_214' title='bbox 167 2260 384 2314; x_wconf 88' lang='lat' dir='ltr'>Vespere,</span> <span class='ocrx_word' id='word_1_215' title='bbox 409 2258 446 2300; x_wconf 89' lang='lat' dir='ltr'>si</span> <span class='ocrx_word' id='word_1_216' title='bbox 467 2265 722 2310; x_wconf 89' lang='lat' dir='ltr'>cantentur,</span> <span class='ocrx_word' id='word_1_217' title='bbox 754 2259 1131 2313; x_wconf 86' lang='lat' dir='ltr'>quemadmodum</span> <span class='ocrx_word' id='word_1_218' title='bbox 1160 2260 1384 2303; x_wconf 89' lang='lat' dir='ltr'>hactenus</span> <span class='ocrx_word' id='word_1_219' title='bbox 1412 2262 1583 2303; x_wconf 87' lang='lat' dir='ltr'>factum</span> <span class='ocrx_word' id='word_1_220' title='bbox 1616 2267 1704 2311; x_wconf 81' lang='lat' dir='ltr'>est,</span> 
     </span>
     <span class='ocr_line' id='line_1_29' title="bbox 78 2334 1702 2390; baseline 0.001 -12"><span class='ocrx_word' id='word_1_221' title='bbox 78 2349 136 2378; x_wconf 92' lang='lat' dir='ltr'>ne</span> <span class='ocrx_word' id='word_1_222' title='bbox 158 2341 397 2378; x_wconf 89' lang='lat' dir='ltr'>cantentur</span> <span class='ocrx_word' id='word_1_223' title='bbox 419 2334 464 2376; x_wconf 92' lang='lat' dir='ltr'>in</span> <span class='ocrx_word' id='word_1_224' title='bbox 486 2334 594 2390; x_wconf 82' lang='lat' dir='ltr'>ipsis</span> <span class='ocrx_word' id='word_1_225' title='bbox 618 2342 708 2378; x_wconf 87' lang='lat' dir='ltr'>tres</span> <span class='ocrx_word' id='word_1_226' title='bbox 730 2334 905 2390; x_wconf 87' lang='lat' dir='ltr'>psalmi,</span> <span class='ocrx_word' id='word_1_227' title='bbox 936 2336 1016 2379; x_wconf 89' lang='lat' dir='ltr'>sed</span> <span class='ocrx_word' id='word_1_228' title='bbox 1045 2335 1260 2390; x_wconf 90' lang='lat' dir='ltr'>quinque,</span> <span class='ocrx_word' id='word_1_229' title='bbox 1286 2338 1536 2379; x_wconf 87' lang='lat' dir='ltr'>secundum</span> <span class='ocrx_word' id='word_1_230' title='bbox 1567 2337 1702 2379; x_wconf 88' lang='lat' dir='ltr'>ritum</span> 
     </span>
     <span class='ocr_line' id='line_1_30' title="bbox 79 2410 1703 2466; baseline 0 -12"><span class='ocrx_word' id='word_1_231' title='bbox 79 2410 449 2454; x_wconf 87' lang='lat' dir='ltr'>ecclesiasticum:</span> <span class='ocrx_word' id='word_1_232' title='bbox 476 2425 615 2466; x_wconf 87' lang='lat' dir='ltr'>quare</span> <span class='ocrx_word' id='word_1_233' title='bbox 644 2418 906 2465; x_wconf 86' lang='lat' dir='ltr'>sequentur,</span> <span class='ocrx_word' id='word_1_234' title='bbox 932 2424 1023 2454; x_wconf 92' lang='lat' dir='ltr'>non</span> <span class='ocrx_word' id='word_1_235' title='bbox 1049 2411 1324 2454; x_wconf 88' lang='lat' dir='ltr'>breuiarium</span> <span class='ocrx_word' id='word_1_236' title='bbox 1353 2427 1522 2455; x_wconf 90' lang='lat' dir='ltr'>nouum</span> <span class='ocrx_word' id='word_1_237' title='bbox 1558 2415 1587 2465; x_wconf 91' lang='lat'>¹,</span> <span class='ocrx_word' id='word_1_238' title='bbox 1620 2414 1703 2456; x_wconf 85' lang='lat' dir='ltr'>sed</span> 
     </span>
    </p>
   </div>
   <div class='ocr_carea' id='block_1_6' title="bbox 75 2486 1700 2694">
    <p class='ocr_par' dir='ltr' id='par_1_10' title="bbox 75 2486 1700 2694">
     <span class='ocr_line' id='line_1_31' title="bbox 77 2486 484 2542; baseline 0.005 -14"><span class='ocrx_word' id='word_1_239' title='bbox 77 2486 313 2542; x_wconf 87' lang='lat' dir='ltr'>antiquum</span> <span class='ocrx_word' id='word_1_240' title='bbox 336 2502 484 2530; x_wconf 90' lang='lat' dir='ltr'>usum.</span> 
     </span>
     <span class='ocr_line' id='line_1_32' title="bbox 162 2563 1700 2618; baseline -0.001 -11"><span class='ocrx_word' id='word_1_241' title='bbox 162 2563 210 2607; x_wconf 86' lang='lat' dir='ltr'>Si</span> <span class='ocrx_word' id='word_1_242' title='bbox 248 2564 426 2618; x_wconf 88' lang='lat' dir='ltr'>quando</span> <span class='ocrx_word' id='word_1_243' title='bbox 463 2570 648 2606; x_wconf 87' lang='lat' dir='ltr'>cantant</span> <span class='ocrx_word' id='word_1_244' title='bbox 685 2563 882 2615; x_wconf 90' lang='lat' dir='ltr'>missam,</span> <span class='ocrx_word' id='word_1_245' title='bbox 923 2578 1014 2606; x_wconf 90' lang='lat' dir='ltr'>non</span> <span class='ocrx_word' id='word_1_246' title='bbox 1056 2564 1299 2607; x_wconf 88' lang='lat' dir='ltr'>adhibeant</span> <span class='ocrx_word' id='word_1_247' title='bbox 1338 2564 1578 2607; x_wconf 88' lang='lat' dir='ltr'>diaconum</span> <span class='ocrx_word' id='word_1_248' title='bbox 1622 2572 1700 2606; x_wconf 86' lang='lat' dir='ltr'>aut</span> 
     </span>
     <span class='ocr_line' id='line_1_33' title="bbox 75 2639 1698 2694; baseline 0 -13"><span class='ocrx_word' id='word_1_249' title='bbox 75 2639 419 2692; x_wconf 83' lang='lat' dir='ltr'>subdiaconum,</span> <span class='ocrx_word' id='word_1_250' title='bbox 444 2640 523 2683; x_wconf 89' lang='lat' dir='ltr'>sed</span> <span class='ocrx_word' id='word_1_251' title='bbox 546 2639 713 2682; x_wconf 87' lang='lat' dir='ltr'>faciant</span> <span class='ocrx_word' id='word_1_252' title='bbox 734 2640 1116 2694; x_wconf 87' lang='lat' dir='ltr'>quemadmodum</span> <span class='ocrx_word' id='word_1_253' title='bbox 1134 2642 1307 2684; x_wconf 88' lang='lat' dir='ltr'>Romae</span> <span class='ocrx_word' id='word_1_254' title='bbox 1330 2649 1398 2683; x_wconf 87' lang='lat' dir='ltr'>est</span> <span class='ocrx_word' id='word_1_255' title='bbox 1416 2641 1698 2683; x_wconf 87' lang='lat' dir='ltr'>consuetudo</span> 
     </span>
    </p>
   </div>
   <div class='ocr_carea' id='block_1_7' title="bbox 74 2715 1701 2847">
    <p class='ocr_par' dir='ltr' id='par_1_11' title="bbox 74 2715 1701 2847">
     <span class='ocr_line' id='line_1_34' title="bbox 74 2715 369 2760; baseline -0.007 0"><span class='ocrx_word' id='word_1_256' title='bbox 74 2715 329 2760; x_wconf 88' lang='lat' dir='ltr'>Societatis.</span> <span class='ocrx_word' id='word_1_257' title='bbox 342 2749 369 2758; x_wconf 90' lang='lat'>..</span> 
     </span>
     <span class='ocr_line' id='line_1_35' title="bbox 163 2791 1701 2847; baseline -0.001 -12"><span class='ocrx_word' id='word_1_258' title='bbox 163 2792 554 2847; x_wconf 78' lang='lat' dir='ltr'>Quemadmodum</span> <span class='ocrx_word' id='word_1_259' title='bbox 578 2794 798 2835; x_wconf 87' lang='lat' dir='ltr'>hactenus</span> <span class='ocrx_word' id='word_1_260' title='bbox 819 2807 875 2835; x_wconf 85' lang='lat' dir='ltr'>ex</span> <span class='ocrx_word' id='word_1_261' title='bbox 892 2792 1047 2844; x_wconf 87' lang='lat' dir='ltr'>literis,</span> <span class='ocrx_word' id='word_1_262' title='bbox 1069 2807 1181 2847; x_wconf 86' lang='lat' dir='ltr'>quas</span> <span class='ocrx_word' id='word_1_263' title='bbox 1199 2795 1367 2835; x_wconf 87' lang='lat' dir='ltr'>habent</span> <span class='ocrx_word' id='word_1_264' title='bbox 1385 2794 1440 2835; x_wconf 91' lang='lat' dir='ltr'>ad</span> <span class='ocrx_word' id='word_1_265' title='bbox 1461 2795 1511 2834; x_wconf 86' lang='grc' dir='ltr'>Ρ.</span> <span class='ocrx_word' id='word_1_266' title='bbox 1534 2791 1701 2834; x_wconf 85' lang='lat' dir='ltr'>Adria-</span> 
     </span>
    </p>
   </div>
   <div class='ocr_carea' id='block_1_8' title="bbox 89 2906 347 2918">
    <p class='ocr_par' dir='ltr' id='par_1_12' title="bbox 89 2906 347 2918">
     <span class='ocr_line' id='line_1_36' title="bbox 89 2906 347 2918; baseline 0 0"><span class='ocrx_word' id='word_1_267' title='bbox 89 2906 347 2918; x_wconf 95' lang='lat' dir='ltr'> </span> 
     </span>
    </p>
   </div>
   <div class='ocr_carea' id='block_1_9' title="bbox 73 2973 1700 3081">
    <p class='ocr_par' dir='ltr' id='par_1_13' title="bbox 73 2973 1700 3081">
     <span class='ocr_line' id='line_1_37' title="bbox 147 2973 1700 3021; baseline -0.001 -11"><span class='ocrx_word' id='word_1_268' title='bbox 147 2977 155 2997; x_wconf 86' lang='lat'><strong>¹</strong></span> <span class='ocrx_word' id='word_1_269' title='bbox 205 2975 447 3011; x_wconf 89' lang='lat' dir='ltr'>Breviarium</span> <span class='ocrx_word' id='word_1_270' title='bbox 465 2988 607 3011; x_wconf 87' lang='lat' dir='ltr'>novum</span> <span class='ocrx_word' id='word_1_271' title='bbox 626 2988 647 3010; x_wconf 90' lang='lat' dir='ltr'>a</span> <span class='ocrx_word' id='word_1_272' title='bbox 664 2975 847 3011; x_wconf 83' lang='lat' dir='ltr'>cardinali</span> <span class='ocrx_word' id='word_1_273' title='bbox 867 2975 1090 3021; x_wconf 76' lang='lat' dir='ltr'>Quignonio</span> <span class='ocrx_word' id='word_1_274' title='bbox 1107 2975 1378 3021; x_wconf 82' lang='lat' dir='ltr'>compositum.</span> <span class='ocrx_word' id='word_1_275' title='bbox 1396 2974 1457 3012; x_wconf 82' lang='lat' dir='ltr'>Cf,</span> <span class='ocrx_word' id='word_1_276' title='bbox 1477 2973 1622 3008; x_wconf 82' lang='lat' dir='ltr'>Cnrtas</span> <span class='ocrx_word' id='word_1_277' title='bbox 1646 2975 1700 3010; x_wconf 60' lang='lat' dir='ltr'>de*</span> 
     </span>
     <span class='ocr_line' id='line_1_38' title="bbox 73 3033 515 3081; baseline 0.002 -12"><span class='ocrx_word' id='word_1_278' title='bbox 73 3033 121 3069; x_wconf 90' lang='lat' dir='ltr'>S.</span> <span class='ocrx_word' id='word_1_279' title='bbox 150 3034 328 3080; x_wconf 79' lang='lat' dir='ltr'>Ignacio,</span> <span class='ocrx_word' id='word_1_280' title='bbox 344 3035 412 3081; x_wconf 80' lang='lat' dir='ltr'>IV,</span> <span class='ocrx_word' id='word_1_281' title='bbox 433 3034 515 3080; x_wconf 87' lang='grc'><strong>498.</strong></span> 
     </span>
    </p>
   </div>
  </div>
 </body>
</html>
