2028 3426
683 264 1118 310 SUPPLEMENTmir--25
1598 256 1668 313 837

90 372 169 406 aut
192 364 354 409 misere
377 373 586 421 aegrotes
617 367 688 409 vel
721 367 873 409 dolore
902 367 1169 410 conficiaris.
1204 368 1267 410 Ibi
1296 368 1413 412 enim
1447 368 1596 411 omnia
1635 369 1714 411 tibi

92 451 224 483 erunt
242 443 418 484 acerba:
442 441 710 496 principium
728 444 901 485 nullum
925 443 1009 486 erit
1033 444 1127 495 tibi,
1150 459 1239 499 quo
1256 445 1428 497 nitaris,
1450 446 1534 488 nisi
1554 448 1713 489 huma-

94 531 218 569 num,
250 520 438 570 fluxum,
480 518 716 561 incertum:
750 521 835 562 hoc
866 528 910 563 te
942 521 1088 575 magis
1126 521 1300 577 affligit.
1343 524 1459 565 Tum
1499 523 1718 579 percipies

92 594 275 635 tandem
295 594 453 636 melius
473 594 611 636 fuisse
630 595 872 646 facturum,
893 596 930 638 si
948 596 992 637 in
1012 596 1312 639 indifferentia
1329 597 1624 649 constitisses,
1647 600 1721 642 vel

92 678 141 711 vt
163 671 370 713 consulte
393 671 625 725 elegisses.
659 670 729 713 185
761 672 980 715 Breuiter:
1014 675 1137 728 quod
1168 688 1401 717 careamus
1437 676 1528 718 fere
1563 690 1721 719 omnes

94 748 180 790 hac
208 746 510 790 indifferentia
541 755 585 789 et
623 749 924 803 abnegatione
956 749 1117 804 proprii
1157 752 1345 793 affectus
1375 765 1427 793 ac
1456 752 1718 803 voluntatis,

94 824 201 866 facit
222 831 270 865 vt
293 823 454 866 misere
477 825 732 876 afflictetur,
761 826 832 867 cui
858 827 1096 882 naufragio
1121 841 1295 871 merces
1324 828 1570 882 perierunt,
1607 828 1721 870 alius

95 909 144 942 vt
161 900 446 956 impatienter
464 902 578 942 ferat
597 910 803 953 mortem,
819 904 890 945 vel
908 917 1052 954 suam,
1067 905 1138 947 vel
1156 918 1357 955 suorum3
1374 905 1502 955 alius,
1521 914 1721 960 propter·

94 992 148 1021 ea
171 979 290 1032 quod
313 977 459 1033 gratia
484 977 696 1032 principis
719 978 951 1029 exciderit,
980 980 1158 1022 tristitia
1189 981 1472 1025 absorbetur.
1498 983 1624 1024 Haec
1654 990 1722 1025 est

97 1054 274 1110 propria
297 1055 510 1096 voluntas
528 1061 573 1097 et
591 1054 959 1106 immortificatio,
981 1070 1096 1111 quae
1115 1058 1364 1113 corrumpit
1386 1058 1508 1100 intus
1531 1067 1548 1083 a
1570 1073 1723 1101 mona-

98 1133 287 1173 chorum
325 1129 586 1186 religiones,
627 1130 732 1172 hinc
768 1130 1091 1183 inobedientia,
1132 1133 1235 1175 hinc
1273 1134 1494 1178 desideria
1532 1135 1721 1186 inutilia,

99 1209 230 1258 mala,
256 1221 487 1263 peruersa,
519 1206 525 1264 Ι
554 1207 659 1249 hinc
683 1208 948 1262 deprauatio
980 1209 1179 1251 omnium
1208 1210 1433 1262 ordinum,
1461 1211 1566 1254 hinc
1589 1213 1721 1265 bella,

99 1284 358 1335 seditiones,
386 1298 518 1325 omne
541 1298 654 1339 opus
678 1285 859 1326 malum.
886 1285 1068 1327 Vtinam
1103 1301 1190 1328 non
1222 1295 1311 1329 tam
1345 1288 1434 1330 late
1467 1296 1641 1343 pateret
1674 1303 1725 1331 ac

99 1370 426 1416 peruagaretur
449 1362 560 1403 haec
584 1361 829 1403 calamitas!
852 1370 911 1412 et,
934 1364 1160 1418 abnegata
1178 1372 1330 1406 nostra
1348 1366 1596 1417 voluntate,
1624 1374 1724 1407 tan-

101 1445 195 1479 tum
218 1438 263 1479 in
293 1439 427 1480 rebus
455 1437 780 1488 desiderandis,
814 1438 1050 1493 eligendis,
1092 1441 1296 1483 amandis
1334 1442 1443 1483 nihil
1480 1443 1536 1483 de
1573 1451 1727 1484 nostra

98 1516 331 1557 voluntate
354 1515 701 1565 adduceremus,
733 1516 812 1557 sed
841 1515 922 1556 toti
952 1523 1260 1570 spectaremus
1290 1532 1340 1560 ac
1371 1519 1670 1573 penderemus
1703 1534 1727 1561 a

102 1591 185 1633 Dei
214 1592 471 1643 voluntate3
504 1599 639 1645 atque
669 1606 716 1634 re
746 1592 1010 1647 aequalibus
1041 1592 1072 1644 ¹),
1100 1595 1220 1648 quod
1252 1597 1348 1638 Deo
1377 1595 1522 1650 magis
1550 1597 1727 1650 placere

104 1675 222 1711 esset
245 1675 540 1723 compertum,
568 1668 612 1710 id
637 1675 731 1711 toto
755 1676 935 1724 pectore
958 1671 1332 1724 amplexaremur!

190 1746 280 1788 Sed
304 1745 434 1787 venio
457 1745 527 1788 186
551 1746 605 1787 ad
631 1753 811 1787 tuorum
836 1754 1207 1801 argumentorum
1230 1748 1590 1793 dissolutionem.
1629 1749 1741 1791 Pri-'

101 1836 222 1863 mum
262 1828 583 1876 argumentum
620 1837 674 1865 ex
712 1822 933 1876 scriptura
973 1823 1240 1866 confirmare
1284 1833 1510 1867 autumas:
1557 1827 1729 1881 reliqua

101 1898 267 1950 omnia,
293 1899 408 1940 duce
432 1904 608 1949 natura,
634 1898 672 1940 si
696 1900 813 1953 XpO.
841 1900 1001 1954 placet.
1030 1901 1097 1942 De
1120 1900 1341 1954 scriptura
1364 1901 1504 1954 igitur
1527 1902 1728 1945 dicamus

102 1974 308 2030 primum.
337 1976 401 2016 Ita
425 1982 521 2016 orat
549 1975 779 2018 Selomon:
817 1975 1035 2018 «Diuitias
1064 1984 1109 2018 et
1138 1985 1447 2032 paupertatem
1473 1993 1528 2020 ne
1551 1980 1728 2023 dederis

104 2051 230 2103 mihi,
251 2051 460 2102 Domine,
482 2052 560 2093 sed
580 2058 754 2093 tantum
774 2052 913 2094 victui
934 2067 1032 2095 meo
1053 2053 1199 2096 tribue
1218 2055 1473 2097 necessaria
1497 2058 1552 2096 ¹.»
1576 2057 1729 2109 Quare

103 2129 158 2170 ad
182 2128 255 2170 illa
285 2128 368 2170 tria
386 2143 476 2170 non
500 2136 566 2170 est
585 2127 885 2171 indifferentia
904 2129 1176 2173 inducenda.
1204 2131 1267 2172 Ita
1292 2138 1355 2172 tu.
1384 2133 1446 2173 At
1469 2131 1571 2174 vide
1595 2147 1727 2186 quam

106 2212 254 2247 tecum
278 2204 535 2248 liberaliter.
564 2204 612 2248 Si
636 2211 683 2246 tu
708 2206 876 2247 audeas
893 2205 1096 2247 similiter
1115 2220 1258 2257 orare,
1281 2221 1366 2261 ego
1386 2215 1489 2250 tuae
1513 2223 1730 2251 censurae

106 2281 386 2323 subscribam
410 2281 639 2323 continuo.
669 2281 787 2336 Age:
815 2289 862 2323 tu
881 2288 1035 2323 votum
1056 2283 1194 2325 habes
1213 2284 1489 2337 paupertatis
1511 2285 1726 2328 solemne.

107 2359 216 2400 Ora:
252 2357 470 2400 «Divitias
499 2357 606 2399 mihi
636 2372 693 2400 ne
732 2358 1055 2401 concesseris.»
1098 2360 1253 2402 Recte.
1299 2361 1640 2415 «Paupertatem
1675 2378 1731 2405 ne

106 2434 327 2478 dederis.»
356 2435 488 2476 Adde
512 2433 548 2475 si
571 2434 698 2485 velis,
722 2442 767 2476 vt
786 2435 1020 2485 Selomon,
1051 2453 1066 2471 a
1077 2450 1131 2477 ne
1156 2435 1291 2477 furari
1321 2439 1327 2490 1
1356 2451 1509 2491 cogar,
1530 2445 1731 2492 egestate

105 2525 391 2566 oppressus».
420 2510 535 2553 Vide
559 2510 665 2564 quid
689 2511 827 2552 dicas:
856 2511 1148 2565 professione,
1176 2511 1295 2555 vitae
1318 2520 1454 2564 statu,
1476 2522 1596 2564 voto,
1620 2529 1731 2569 paur-

107 2602 185 2642 per
206 2602 269 2630 es:
296 2602 385 2629 non
415 2594 543 2642 potes
573 2594 899 2642 paupertatem,
938 2590 1071 2630 Pater
1103 2588 1178 2639 mi,
1212 2603 1301 2631 non
1336 2590 1602 2641 deosculari,
1640 2605 1727 2632 non

107 2663 376 2717 desiderare,
403 2678 494 2706 non
523 2677 689 2715 amare,
723 2677 811 2705 non
841 2665 1006 2706 habere
1036 2663 1080 2705 in
1110 2664 1301 2720 deliciis,
1330 2666 1483 2719 Quare
1515 2666 1575 2708 ita
1604 2682 1730 2709 orare

74 2736 76 2738 ’
110 2755 203 2783 non
225 2748 368 2796 potes,
394 2755 451 2784 ne
475 2740 567 2782 voti
592 2740 673 2792 tui,
701 2740 1005 2795 professionis,
1034 2747 1178 2782 status
1202 2741 1268 2782 tui
1291 2741 1350 2784 sis
1379 2743 1727 2797 praeuaricator.

111 2818 185 2859 Ad
207 2824 252 2860 te
274 2817 413 2873 igitur
434 2817 508 2859 illa
532 2817 753 2871 scriptura
777 2830 867 2858 non
892 2816 1103 2871 pertinet.
1130 2819 1247 2860 Num
1269 2819 1324 2859 ad
1347 2833 1449 2860 eum
1475 2819 1731 2874 pertinebit,

178 2962 195 2979 a
244 2950 422 2988 Obscure
443 2951 642 2997 scriptum.
698 2952 762 2977 -ῑῐ
789 2950 968 2987 Obscure
987 2956 1174 2986 notatum.

183 3062 191 3078 ¹
244 3059 390 3102 Pnov„
412 3058 534 3102 xxx,
552 3057 587 3091 8.
