2028 3426
296 217 365 261 864
871 218 1009 254 EpisT.
1039 219 1081 255 P.
1112 219 1263 255 NADAL

249 333 535 375 vsurpamus,
561 334 649 362 non
680 334 797 372 earn,
830 334 946 375 quae
976 322 1144 364 nudam
1167 321 1371 366 continet
1399 324 1771 379 speculationem,
1808 328 1889 369 sed

245 411 360 449 eam,
388 411 502 451 quae
531 396 538 453 Ι
566 397 780 440 vnctione
803 397 989 454 spiritus
1012 413 1091 454 per
1113 413 1298 442 sensum
1321 399 1580 445 interiorem
1603 402 1677 445 vel
1700 409 1889 458 gustum

246 482 404 516 ornata
428 483 511 527 est,
539 475 610 517 vel
632 482 756 518 certe
780 474 886 517 boni
909 476 1101 518 affectus
1124 490 1262 520 sensu
1284 476 1451 532 aliquo,
1473 492 1553 533 pro
1572 493 1721 521 rerum
1741 479 1886 534 quali-

246 558 352 602 tate,
378 551 555 594 vestita.
584 552 742 607 Itaque
774 551 894 595 circa
925 552 1189 606 voluntatis,
1215 553 1287 596 vel
1310 561 1458 606 actus,
1485 555 1557 597 vel
1579 569 1757 608 sensus,
1784 571 1886 600 ver-

244 642 396 670 samur
432 628 701 684 propensius
739 637 876 684 atque
913 629 1149 681 attentius,
1183 629 1431 686 maiorique
1469 645 1572 674 cum
1608 634 1882 687 reuerentia,

244 719 378 759 quam
403 705 522 747 circa
545 705 645 761 puri
674 705 933 750 intellectus
956 707 1256 762 operationes;
1283 708 1573 764 solemusque
1601 710 1752 753 dicere
1775 724 1886 754 con-

245 782 535 838 templatione
564 797 647 826 nos
674 783 885 839 amplecti
919 783 1179 839 practicam,
1207 799 1296 828 non
1320 786 1666 841 speculatiuam,
1691 795 1736 830 et
1766 802 1885 842 quae

245 873 326 902 nos
349 874 438 902 non
462 861 624 904 doceat
645 861 791 904 solum
815 860 924 917 quid
946 863 1177 918 agendum
1201 863 1370 918 quidue
1401 863 1669 920 fugiendum
1700 864 1774 917 sit,
1807 866 1885 909 sed

243 936 399 981 incitet
422 930 552 980 simu]
578 952 632 980 ac
656 938 800 992 iuuet,
821 946 869 981 vt
892 953 939 983 re
961 931 1079 995 ipsa,
1095 954 1212 995 quae
1230 954 1336 984 vere
1357 940 1668 997 concepimus,
1690 949 1813 986 recte
1832 956 1884 986 ac

242 1013 312 1068 pie
337 1028 575 1069 operemur
597 1014 640 1057 in
666 1017 784 1072 Xpo.
813 1017 914 1059 Hoc
937 1015 1078 1073 igitur
1101 1017 1203 1060 loco
1225 1016 1535 1061 desideramus
1560 1019 1882 1074 vndecumque

241 1104 438 1134 amorem
463 1090 669 1135 diuinum
692 1092 971 1149 inuestigare
995 1093 1191 1138 feruenti
1215 1094 1411 1149 quadam
1434 1094 1668 1147 auiditate,
1687 1110 1779 1139 non
1808 1110 1884 1139 so-

241 1168 333 1210 lum
357 1176 404 1210 vt
428 1168 472 1211 in
496 1168 572 1212 illo
591 1169 896 1225 quiescamus,
922 1171 1002 1214 sed
1025 1176 1108 1218 233
1131 1178 1180 1213 vt
1199 1173 1255 1214 ad
1273 1186 1425 1228 opera,
1448 1187 1526 1228 per
1549 1172 1696 1229 ipsum
1715 1174 1883 1216 confir-

241 1244 349 1287 mati
381 1259 434 1288 ac
465 1253 691 1302 potentes,
728 1247 1068 1303 aggrediamur3
1101 1248 1268 1303 quibus
1300 1249 1513 1305 operibus
1545 1257 1589 1293 et
1623 1257 1806 1293 nostrae
1838 1258 1883 1293 et

240 1322 429 1377 proximi
468 1325 661 1367 salutem
700 1339 752 1367 ac
791 1324 1118 1380 perfectionem
1157 1339 1456 1382 procuremus
1492 1327 1729 1371 intentius.
1779 1329 1881 1371 Hoc

174 1386 181 1399 ¹
240 1399 392 1454 itaque
409 1400 600 1443 facimus
619 1416 674 1445 ex
692 1400 1059 1446 consideratione
1079 1402 1407 1447 beneficiorum
1427 1403 1529 1455 Dei,
1552 1418 1667 1459 quae
1685 1418 1768 1446 sua
1786 1419 1882 1447 ma—

240 1476 480 1531 gnitudine
499 1492 551 1520 ac
564 1477 823 1532 diuinitate,
840 1486 934 1521 turn
952 1493 1006 1522 ex
1026 1487 1178 1523 nostra
1197 1479 1487 1536 indignitate,
1504 1482 1716 1524 affectum
1736 1481 1782 1523 in
1800 1496 1882 1525 nos

238 1554 402 1597 amoris
433 1555 633 1599 excitent
663 1563 708 1598 et
737 1556 792 1598 ad
823 1556 1097 1600 desiderium
1129 1557 1272 1600 diuini
1305 1557 1480 1601 seruitii
1503 1558 1740 1614 iustigent.
1778 1559 1881 1602 Alia

239 1630 420 1685 quidem
444 1632 619 1685 omitto,
646 1647 762 1688 quae
785 1634 943 1677 eadem
963 1634 1345 1690 contemplatione
1374 1637 1605 1680 docemus.
1628 1636 1698 1681 De
1726 1637 1880 1681 labore

238 1723 478 1764 exponam.

326 1785 375 1828 In
409 1788 710 1831 fundamento
748 1788 1069 1832 exercitiorum
1100 1790 1449 1834 commeministi
1490 1790 1629 1835 fuisse
1657 1790 1881 1834 constitu-

239 1869 350 1915 tum,
377 1878 492 1919 quae
516 1864 602 1907 sita
633 1872 739 1908 sunt
771 1880 907 1921 super
947 1872 1128 1914 terram,
1169 1866 1364 1910 hominis
1402 1881 1540 1910 causa
1571 1881 1672 1911 esse
1709 1875 1875 1913 creata.

238 1940 326 1982 Hic
352 1941 442 1983 duo
481 1941 902 1986 animaduertimus:
944 1943 1029 1987 Dei
1067 1943 1283 1988 virtutem
1307 1944 1353 1987 in
1391 1955 1622 1988 creaturas
1661 1959 1879 1988 emanan-

236 2025 343 2069 tem,
375 2017 382 2075 Ῑ
411 2017 746 2074 multiphariam
778 2020 1022 2063 donantem
1053 2020 1140 2064 illis
1168 2023 1288 2064 vnde
1316 2021 1423 2074 sint,
1456 2030 1745 2078 vegetentur,
1771 2037 1875 2067 sen·

236 2094 366 2148 tiant,
392 2094 666 2151 intelligant.
695 2097 823 2140 Haec
856 2098 920 2140 2.⁰
951 2105 1123 2153 puncto
1153 2097 1364 2142 iubemus
1391 2099 1704 2155 contemplari,
1736 2100 1875 2143 solam

234 2170 406 2215 scilicet
429 2171 514 2215 Dei
539 2171 773 2224 uirtutem,
800 2172 1148 2229 benignitatem,
1175 2188 1390 2227 amorem,
1417 2174 1573 2218 diuino
1597 2176 1792 2230 quodam
1810 2175 1876 2218 in—

236 2248 386 2291 finitae
404 2249 518 2292 lucis
542 2248 666 2292 radio
685 2249 730 2292 in
754 2258 988 2294 creaturas
1012 2250 1351 2308 pertingentem
1370 2259 1507 2307 atque
1525 2251 1871 2306 inhabitantem,

234 2326 417 2368 modum
443 2333 608 2378 tamen,
650 2341 740 2382 quo
769 2326 815 2369 in
854 2327 1074 2371 creaturis
1112 2328 1328 2384 recipitur
1360 2344 1411 2372 ac
1441 2337 1705 2385 perseuerat
1730 2329 1874 2372 virtus

232 2402 304 2444 illa
327 2402 496 2454 diuina,
524 2403 568 2445 id
593 2403 660 2458 3.⁰
695 2411 881 2459 puncto,
919 2405 1011 2448 hoc
1035 2412 1104 2449 est
1141 2406 1369 2462 praesenti
1402 2406 1713 2458 meditatione,
1751 2419 1873 2449 corn—

232 2479 485 2532 plectimur.
514 2481 647 2535 Quae
675 2481 848 2524 creauit
886 2483 1030 2534 Deus,
1073 2496 1151 2538 per
1173 2490 1327 2539 partes
1365 2491 1496 2527 erant
1519 2483 1701 2539 quidem
1735 2484 1869 2537 bona3

232 2556 310 2597 sed
340 2556 550 2599 vniuersa
578 2557 727 2610 simul,
760 2559 879 2602 bona
909 2559 1056 2603 valde.
1095 2559 1301 2616 Singulis
1330 2560 1449 2602 enirn
1478 2560 1697 2603 creaturis
1727 2561 1873 2616 perfe-

232 2632 426 2677 ctionem
451 2633 575 2676 dedit
599 2634 641 2676 in
666 2649 750 2678 suo
773 2649 943 2691 genere
966 2637 1109 2688 Deus,
1135 2650 1252 2691 quae
1270 2638 1473 2680 facerent
1499 2636 1633 2680 simul
1651 2651 1871 2680 summam

231 2718 364 2762 atque
388 2711 640 2754 absolutam
678 2720 913 2756 creaturae
953 2712 1092 2755 totius
1129 2713 1472 2769 perfectionem.
1506 2714 1662 2768 Itaque
1687 2713 1723 2756 si
1747 2721 1763 2738 «Ἰ
1791 2715 1872 2756 has

231 2786 455 2830 bonitates
478 2802 635 2830 omnes
659 2789 714 2830 ad
738 2788 822 2832 Dei
847 2789 1095 2833 bonitatem
1127 2798 1172 2832 et
1202 2790 1531 2846 perfectionem
1561 2791 1866 2842 conferamus,

231 2862 337 2915 quid
361 2871 483 2914 sunt,
503 2863 589 2904 234
608 2864 776 2919 quidue
799 2865 905 2908 boni
932 2867 1000 2909 vel
1018 2866 1315 2922 perfectionis
1339 2868 1466 2910 sunt?
1487 2869 1627 2910 Porro
1646 2867 1766 2910 illam
1791 2866 1870 2909 bo-

300 3040 315 3054 ιι
357 3030 462 3063 Haec
482 3030 669 3075 particula
689 3030 852 3066 inferius
871 3032 1066 3078 superflue
1087 3032 1265 3068 iteratur.
