2028 3426
478 236 826 268 ADHORTArioNIS
852 232 927 266 6.ae
953 233 1272 276 ExcERPTA—67
1571 235 1640 278 657

64 334 364 390 procuranda,
389 334 468 375 sed
491 347 629 387 quum
652 332 697 373 in
721 332 951 375 literarum
975 332 1136 374 studiis
1159 341 1399 375 versantur
1418 334 1554 376 futuri
1579 349 1687 377 con-

65 410 334 462 cionatores,
367 409 683 460 conseruanuda
711 407 969 463 diligenter,
996 416 1056 459 et,
1084 409 1231 462 quoad
1260 408 1357 451 eius
1386 410 1482 453 fieri
1505 411 1684 465 poterit,

65 486 276 542 augenda
298 485 559 541 quotidiana
580 485 798 536 oratione,
825 492 1206 527 sacramentorum
1237 485 1485 540 praesidiis,
1513 487 1686 530 inflam-

65 571 186 605 mato
215 562 319 605 finis
356 577 524 614 amore,
557 561 772 606 exercitio
805 561 1041 612 virtutum,
1074 561 1340 616 repetitione
1373 563 1688 606 exercitiorum

66 638 313 682 nouitiatus
336 639 379 681 in
404 638 657 681 studiorum
683 637 1106 681 intermissionibus,

153 716 246 759 Iam
268 730 392 768 vero,
418 716 540 771 quod
563 716 619 757 ad
641 715 872 758 literarum
896 714 1045 757 studia
1068 715 1244 766 attinet,
1272 715 1309 757 si
1332 723 1486 759 noster
1509 717 1689 759 concio—

65 800 196 835 nator
217 793 365 834 valeat
382 790 554 847 ingenii
571 790 903 847 magnitudine,
925 798 969 834 et
987 791 1298 846 amplitudine,
1320 799 1368 833 vt
1388 793 1517 846 plena
1542 793 1689 836 studia

66 882 300 924 capessere
322 868 479 924 possit,
505 868 551 910 in
574 868 784 910 omnibus
807 877 876 911 est
898 868 1196 911 exercendus.
1217 869 1273 910 Et
1291 868 1486 923 primum
1510 870 1689 923 quidem

65 945 301 1001 vulgarem
324 944 544 1001 linguam,
571 959 661 999 qua
682 952 887 1000 speratur
917 943 1286 996 concionaturus,
1313 959 1584 989 conseruare
1612 948 1691 989 de-

66 1024 143 1065 bet
166 1029 301 1077 atque
324 1022 458 1065 etiam
483 1022 642 1077 polire,
669 1023 839 1077 absque
862 1021 984 1064 omni
1010 1028 1157 1064 tamen
1183 1022 1489 1065 affectatione.
1518 1025 1567 1065 ln
1590 1024 1691 1066 lati-

66 1099 137 1142 nis
158 1099 299 1142 literis
322 1106 532 1142 accurate
550 1084 692 1142 'debet
719 1098 905 1149 versari,
932 1098 1273 1154 grammaticam
1303 1099 1404 1141 dico
1441 1107 1577 1154 atque
1605 1103 1690 1143 hu-

66 1175 290 1218 maniores
319 1175 488 1229 literas,
516 1184 562 1217 vt
600 1190 728 1230 pure,
760 1175 959 1231 proprie,
992 1175 1173 1230 copiose
1206 1183 1342 1230 atque
1374 1177 1608 1231 eleganter
1647 1187 1691 1221 et

67 1252 265 1297 scribere
287 1260 333 1296 et
354 1252 478 1308 loqui
500 1253 667 1297 valeat.
693 1251 780 1295 Cui
810 1252 1028 1303 facultati,
1055 1252 1300 1294 rethorices
1323 1266 1394 1294 ars
1416 1260 1461 1296 et
1489 1253 1687 1296 studium

68 1329 170 1372 addi
193 1330 329 1373 debet
357 1328 599 1384 praecipua
631 1329 676 1370 in
700 1328 854 1384 primis
876 1343 1001 1381 cura,
1027 1328 1279 1384 diligentia,
1306 1336 1441 1383 atque
1470 1330 1690 1372 exercita-

69 1406 206 1459 tio‘ne;
237 1407 323 1448 hac
350 1405 469 1448 enim
499 1412 595 1449 arte
624 1406 816 1447 multum
855 1413 924 1448 est
954 1419 1117 1447 vsurus
1146 1405 1191 1446 in
1221 1405 1534 1459 concionibus,
1562 1413 1697 1461 atque

68 1483 238 1526 vtinam
263 1498 335 1526 ars
358 1489 477 1526 esset
501 1482 748 1526 rethorices
775 1482 977 1534 inuenta,
999 1497 1088 1537 qua
1116 1489 1266 1524 orator
1290 1482 1467 1527 xianus'.
1487 1482 1694 1526 institue—

68 1568 192 1604 retur
213 1559 392 1616 proprie
421 1560 477 1603 ad
505 1559 748 1602 conciones
786 1560 842 1603 ad
871 1560 1087 1615 populum
1126 1560 1372 1603 habendas!
1406 1561 1454 1602 In
1484 1574 1572 1615 qua
1601 1568 1696 1603 arte

68 1637 143 1680 illa
167 1636 346 1693 quidem
371 1637 702 1688 conferrentur,
729 1650 844 1691 quae
868 1636 1155 1689 Aristoteles,
1182 1635 1359 1689 Cicero,
1386 1636 1696 1691 Quintilianus

71 1715 271 1765 tradunt3
293 1728 346 1757 ea
362 1727 471 1757 vero
489 1713 779 1765 adderentur,
801 1727 917 1767 quae
934 1711 998 1754 illi
1014 1712 1299 1767 ignorarunt:
1320 1712 1464 1754 virtus
1488 1713 1695 1768 xpianae.

70 1789 321 1846 religionis,
346 1789 415 1832 vis
437 1789 673 1841 virtutum,
695 1789 894 1833 efficacia
917 1789 1090 1845 gratiae
1108 1803 1160 1832 ac
1177 1790 1398 1832 donorum
1421 1789 1522 1841 Dei,
1548 1804 1696 1832 rerum

71 1867 371 1923 spiritualium
410 1881 586 1909 sensus.
629 1866 852 1910 Breuiter:
879 1874 928 1908 vt
966 1881 1037 1908 ars
1067 1874 1186 1910 esset
1215 1867 1423 1918 oratoria,
1457 1882 1536 1922 per
1565 1881 1697 1922 quam

70 1943 254 1999 spiritus
271 1951 316 1986 et
333 1942 631 1986 sanctimonia
649 1943 863 1985 cordibus
881 1943 1136 1986 auditorum
1154 1943 1499 1998 imprimeretur.
1523 1944 1625 1998 Qua
1642 1936 1700 1986 ‘de

71 2036 119 2063 re
142 2020 251 2063 alias
274 2020 419 2063 fusius
439 2019 658 2071 dicemus,
685 2019 779 2063 X.⁰
803 2019 1012 2075 propitio.

162 2099 409 2152 Postquam
434 2104 589 2139 noster
606 2104 756 2139 orator
773 2096 817 2138 in
837 2097 906 2139 his
924 2096 1101 2149 studiis,
1123 2080 1178 2139 de
1197 2096 1422 2140 sententia
1440 2096 1697 2152 superioris,

74 2174 227 2217 audito
250 2174 468 2230 praefecti
506 2173 757 2216 studiorum
787 2173 970 2225 iudicio,
1004 2174 1282 2217 sufficienter
1317 2173 1572 2228 profecerit,
1606 2181 1699 2214 tum

73 2250 157 2293 erit
178 2265 342 2306 operae
366 2249 565 2305 precium
590 2250 627 2292 si
646 2250 932 2305 praeficiatur
951 2250 1084 2293 classi
1108 2250 1356 2292 rethorices
1374 2264 1513 2292 vnum
1538 2257 1615 2291 aut
1639 2251 1700 2291 al-

75 2334 220 2370 terum
245 2341 430 2370 annum.
471 2326 648 2369 Deinde
676 2327 733 2368 ad
762 2326 1092 2391 philosophiam
1134 2327 1383 2368 naturalem
1415 2334 1458 2369 et
1489 2327 1699 2368 moralem

75 2404 379 2446 traducendus
401 2411 485 2445 est.
513 2404 604 2446 Sed
628 2412 774 2445 tamen
800 2403 1050 2444 curandum
1080 2402 1142 2444 illi
1166 2402 1250 2445 erit
1279 2417 1335 2445 ne
1365 2402 1511 2445 studia
1541 2404 1700 2444 huma-

28 2476 31 2477 ’
75 2479 251 2522 niorum
273 2479 506 2524 literarum
531 2487 577 2523 et
600 2479 846 2523 rethorices
868 2479 1047 2523 interim
1071 2487 1348 2531 contemnat,
1376 2480 1453 2522 sed
1485 2479 1696 2528 fructum,

76 2569 210 2610 quem
233 2571 290 2600 ex
311 2555 397 2599 illis
420 2556 608 2612 accepit,
636 2564 892 2598 conseruet.
921 2557 1010 2598 Det
1034 2555 1175 2611 igitur
1198 2571 1377 2611 operam
1410 2562 1456 2596 vt
1486 2555 1622 2596 latine
1645 2555 1700 2597 de

77 2631 213 2675 rebus
236 2632 556 2688 philosophicis
580 2633 790 2687 loquatur
812 2639 948 2686 atque
978 2631 1162 2673 scribat.
1202 2631 1297 2673 Erit
1326 2638 1475 2673 autern
1506 2630 1700 2685 diligen-

79 2707 164 2750 tior
193 2723 328 2764 opera
359 2710 569 2764 ponenda
605 2709 648 2750 in
689 2708 850 2751 studiis
889 2707 1061 2764 logices
1097 2716 1141 2750 et
1180 2707 1361 2749 moralis
1389 2705 1699 2762 philosophiae

78 2799 217 2840 quum
239 2794 257 2811 ³
278 2793 429 2828 tamen
452 2785 648 2840 reliquas
671 2785 983 2841 philosophiae
1006 2793 1156 2841 partes
1179 2783 1514 2827 accuratissime
1539 2784 1699 2824 debeat

81 2867 288 2906 tractare.
314 2861 435 2904 Hinc
458 2863 515 2904 ad
538 2861 800 2917 theologiae
824 2861 974 2904 studia
1003 2861 1233 2917 praeclare
1263 2859 1510 2902 instructus
1541 2858 1698 2909 adibit,

150 3035 167 3052 ³
216 3024 394 3062 obscure
418 3025 617 3072 scriptum.

255 3088 370 3118 Emsr.
391 3089 429 3117 P.
450 3089 583 3125 Nema,
604 3097 682 3118 τοΜ.
706 3090 766 3118 IV.
1491 3088 1526 3114 -13
