2028 3426
692 256 1126 301 SUPPLEMENTUM—25
1607 261 1672 306 851

97 365 197 396 mus
221 355 276 396 ad
299 355 528 409 exercitia,
561 363 606 400 et
635 357 840 413 purgatis
864 372 915 400 ac
943 357 1196 401 iustificatis
1219 360 1426 404 dabimus
1458 363 1715 416 electiones;

97 431 217 484 quod
240 431 275 472 si
299 431 441 475 velint
464 433 520 476 de
542 433 661 476 vitae
684 441 805 476 statu
827 435 1081 486 consulere,
1109 443 1348 490 antequam
1372 446 1560 493 peccata
1582 440 1718 484 defie-

100 506 261 558 uerint,
288 517 530 563 antequam
554 510 610 551 ad
639 518 921 554 sacramenta
951 511 1226 555 accesserint
1255 513 1559 568 poenitentiae
1589 523 1723 571 atque

97 596 252 627 sacrae
275 585 625 638 communionis,
652 601 754 629 cum
779 587 848 629 his
865 602 948 630 nos
965 590 1310 641 contendemus,
1332 597 1380 631 vt
1398 606 1486 633 non
1506 600 1726 646 quaerant

99 660 283 702 omnino
321 663 701 715 quemadmodum
731 663 869 707 vitam
909 665 1178 721 transigant,
1221 680 1308 721 qua
1345 667 1417 709 via
1455 669 1511 710 ad
1548 670 1723 712 coelum

98 736 278 788 adeant,
305 737 390 779 nisi
414 738 538 793 prius
569 746 614 781 et
643 740 817 792 viuant‚
850 748 895 784 et
917 741 978 784 ita
1006 744 1011 798 Ι
1040 741 1211 794 viuant,
1238 750 1287 784 vt
1318 742 1403 787 iter
1420 744 1554 786 etiam
1578 746 1726 790 facere

98 813 286 867 possint3
313 822 491 857 mortuo
514 815 633 857 enim
659 816 767 871 quid
790 825 858 861 est
881 819 1210 862 consulendum
1234 819 1318 862 nisi
1341 827 1389 862 vt
1406 820 1551 863 viuat?
1574 836 1662 876 qua
1679 822 1726 864 in

99 903 146 931 re
170 889 280 931 nihil
303 898 371 932 est
395 899 739 935 controuersum
764 893 874 936 nihil
897 895 1017 949 quod
1040 895 1235 938 dubitari
1258 896 1413 952 possit.
1447 899 1655 940 Mortuus
1678 913 1727 942 es

98 965 144 1007 in
166 973 369 1021 peccato,
400 982 580 1024 «surge,
606 968 682 1024 qui
706 971 889 1022 dormis,
916 984 1088 1027 exurge
1111 987 1136 1014 a
1159 972 1363 1025 mortuis,
1389 981 1434 1016 et
1456 973 1726 1017 illuminabit

100 1049 143 1083 te
173 1044 347 1098 Xpus.»
387 1046 413 1096 '3
441 1045 764 1104 poenitentiam
788 1061 890 1102 age,
917 1047 1299 1104 appropinquauit
1322 1049 1441 1091 enirn
1466 1065 1657 1106 regnum
1689 1052 1722 1093 ².

100 1118 180 1160 Vis
207 1126 252 1160 tu
276 1119 321 1161 in
345 1127 487 1162 morte
510 1120 680 1172 viuere,
707 1122 890 1173 sentire,
917 1124 1168 1166 ambulare?
1191 1124 1272 1167 Vis
1292 1124 1337 1166 in
1357 1126 1553 1168 tenebris
1571 1127 1723 1170 lumen

99 1194 270 1238 videre?
294 1198 526 1251 Recupera
548 1197 702 1251 vitam,
729 1199 882 1242 lumen
906 1199 1070 1255 recipe,
1097 1214 1186 1255 quo
1209 1208 1255 1244 et
1277 1202 1520 1258 perspicias
1538 1218 1626 1258 qua
1644 1203 1728 1246 tibi

101 1271 445 1327 ingrediendum
468 1273 525 1315 sit
548 1283 593 1318 et
616 1274 733 1318 vires
756 1275 960 1331 recipias,
988 1276 1152 1330 quibus
1175 1277 1351 1333 ingredi
1375 1279 1567 1337 [possis].

189 1349 351 1401 Docui,
374 1350 594 1404 infideles,
615 1352 882 1404 haereticos,
905 1360 1180 1408 peccatores,
1203 1369 1292 1409 quo
1310 1363 1442 1410 pacto
1460 1357 1629 1413 eligere
1645 1358 1726 1401 de-

102 1425 237 1473 beant
260 1441 311 1468 ac
335 1427 520 1482 possint.
545 1428 635 1471 Sed
660 1428 732 1471 2Ιῦ
759 1436 908 1472 tamen
944 1430 999 1472 de
1030 1430 1102 1472 his
1130 1432 1277 1474 adhuc
1318 1434 1508 1487 paucula
1546 1435 1726 1479 addam.

102 1501 187 1545 His
210 1502 316 1558 ipsis
340 1518 395 1545 ex
419 1504 637 1548 charitate
660 1505 870 1561 eligenda
887 1520 986 1549 esse
1003 1507 1151 1549 omnia
1170 1522 1348 1550 rursum
1367 1510 1600 1563 confirm03
1622 1526 1725 1554 narn

100 1579 155 1620 ad
179 1580 313 1623 finem
338 1581 572 1624 referenda
594 1589 700 1623 sunt
723 1582 886 1635 omnia3
913 1582 1018 1625 inde
1041 1583 1263 1638 proficisci
1288 1598 1473 1628 necesse
1492 1593 1559 1629 est
1578 1587 1727 1629 consi-

102 1655 175 1707 lia,
200 1656 464 1709 electiones,
492 1657 692 1701 actiones
716 1672 886 1709 omnes,
923 1666 971 1700 vt
1001 1660 1132 1714 plena
1161 1660 1218 1703 sit
1248 1661 1424 1714 electio,
1452 1663 1582 1717 plena
1605 1663 1726 1706 actio

101 1739 235 1787 atque
268 1734 489 1776 absoluta.
524 1735 656 1785 Nam,
688 1734 725 1776 si
751 1734 850 1789 quis
888 1735 972 1777 alia
1011 1736 1184 1780 ratione
1220 1738 1416 1791 ducitur,
1453 1739 1626 1792 timore,
1664 1740 1741 1792 vi,·

100 1810 281 1860 affectu,
316 1810 625 1864 persuasione,
664 1825 859 1865 quonam
891 1812 1005 1855 haec
1033 1813 1183 1856 omnia
1219 1821 1425 1869 spectant
1462 1815 1546 1857 nisi
1586 1823 1634 1858 ut
1671 1817 1728 1859 ad

101 1885 236 1928 finem
277 1887 574 1939 manducant,
615 1887 1032 1943 perfectionemque
1080 1889 1313 1933 electionis
1355 1900 1724 1935 commonstrent.

102 1960 248 2012 Initia,
276 1962 458 2016 quidem
481 1965 592 2006 haec
615 1972 736 2015 sunt,
763 1972 808 2008 et
830 1965 955 2019 quasi
985 1965 1200 2009 informes
1235 1969 1454 2021 quaedam
1485 1976 1620 2023 atque
1642 1969 1727 2011 im-

101 2040 327 2092 perfectae
351 2039 568 2091 actiones;
596 2041 715 2094 quod
739 2048 807 2084 est
830 2041 1117 2085 manifestum
1136 2042 1181 2085 in
1205 2053 1440 2098 peccatore
1469 2045 1473 2100 Ι
1502 2059 1558 2088 ex
1575 2046 1727 2089 seruili

102 2115 274 2166 timore,
297 2130 386 2169 quo
409 2117 464 2158 ad
488 2116 760 2160 attritionem
786 2124 999 2173 peccator
1021 2119 1319 2174 compellitur,
1341 2121 1446 2163 item
1470 2121 1514 2162 in
1538 2122 1724 2174 infideli,

100 2192 176 2246 qui
199 2192 255 2234 ad
278 2192 551 2247 baptismum
576 2193 759 2235 ducitur
782 2209 860 2249 per
881 2201 1073 2237 terrores
1097 2203 1404 2251 peccatorum,
1431 2197 1475 2239 in
1499 2198 1664 2252 quibus
1681 2213 1729 2242 se

102 2268 222 2311 videt
250 2269 538 2324 impeditum,
570 2271 691 2324 quod
720 2272 945 2325 praeclare
983 2271 1223 2314 concilium
1261 2273 1551 2317 tridentinum
1590 2289 1729 2330 expo-

101 2345 166 2386 nit
188 2344 217 2387 5.
246 2346 500 2397 Postremo,
528 2346 574 2387 in
596 2347 837 2398 haeretico,
864 2347 939 2389 vbi
966 2347 1089 2404 ignis
1118 2350 1318 2402 horrore,
1340 2351 1411 2393 vel
1435 2357 1727 2405 argumento*

101 2436 198 2463 rum
221 2422 282 2474 vi,
308 2421 426 2464 viam
451 2421 606 2477 incipit
629 2422 783 2466 videre
805 2424 862 2465 ad
883 2425 1092 2476 salutem,
1119 2433 1255 2479 atque
1283 2426 1504 2469 confiteri.

190 2500 316 2541 Haec
339 2499 480 2554 igitur
503 2513 641 2553 quum
666 2498 727 2541 ita
750 2499 855 2551 sint,
876 2508 1069 2552 constat,
1091 2501 1265 2544 etiamsi
1283 2502 1368 2544 alia
1385 2502 1474 2545 sint
1496 2504 1615 2547 vnde
1637 2505 1705 2548 ele
1720 2529 1730 2534 -

101 2574 273 2618 ctiones
302 2575 503 2618 inchoari
533 2582 667 2629 atque
699 2575 845 2618 iuuari
874 2576 1066 2632 possint,
1107 2577 1154 2619 in
1190 2578 1399 2621 omnibus
1435 2586 1583 2622 tamen
1619 2579 1729 2622 illud

101 2666 200 2695 esse
222 2652 569 2694 desiderandum
599 2651 884 2707 principium,
916 2652 1028 2696 illud
1060 2655 1334 2705 docendum,
1367 2657 1423 2697 ad
1460 2655 1569 2698 illud
1603 2657 1731 2700 vnice

102 2729 484 2779 contendendum,
512 2729 632 2783 quod
669 2729 722 2771 211
752 2743 891 2771 vnum
921 2737 990 2773 est
1018 2730 1286 2785 principium
1321 2741 1366 2775 et
1397 2731 1499 2774 finis
1531 2732 1731 2776 omnium

102 2811 146 2846 et
167 2819 326 2847 verum
350 2812 395 2848 et
417 2804 608 2847 solidum
632 2812 676 2847 et
700 2806 966 2860 perfectum.
994 2807 1068 2848 Ad
1096 2808 1182 2849 hoc
1210 2806 1480 2863 principium
1513 2808 1614 2864 quis
1641 2818 1725 2862 est,

103 2880 179 2934 qui
214 2895 304 2922 non
347 2882 509 2924 debeat
551 2881 718 2923 hortari
757 2895 913 2924 omnes
952 2882 1183 2926 homines?
1221 2883 1344 2938 Quid
1381 2883 1499 2926 enim
1538 2885 1728 2928 docebat

175 2987 182 3004 ¹
235 2987 407 3031 EPHEs.,
427 2987 475 3028 V,
498 2995 554 3031 14.
1145 2990 1159 3008 ·-'
1211 2989 1393 3034 MATTH„
1415 2989 1484 3034 ΙΙΙ,
1506 2998 1539 3026 2.

173 3045 186 3063 ³
237 3044 296 3080 Cf.
318 3044 535 3080 Concilium
560 3045 682 3090 Trid.‚
702 3045 808 3081 Sess.
828 3046 893 3090 VI,
916 3047 972 3081 De
982 3046 1286 3092 justificatione,
1305 3058 1388 3093 cap.
1410 3048 1476 3083 VI.

1451 3131 1454 3134 ’
1491 3141 1502 3158 s
