2028 3426
344 219 414 274 384
825 229 978 264 PATms
1006 228 1249 262 Himzorwm
1273 225 1422 260 NADAL

297 331 616 387 probationum
641 345 801 387 capere
825 344 914 372 non
939 328 1111 385 possint
1134 334 1224 370 tam
1249 328 1430 379 multos,
1451 328 1507 370 ad
1524 342 1602 371 eos
1620 328 1807 382 alendos
1825 341 1939 370 con-
1971 312 1978 324 ’

301 409 501 451 tribuant
519 408 603 451 alia
621 409 827 463 collegia.
855 409 1074 449 Poterant
1091 404 1226 448 etiam
1245 404 1453 448 distribui
1470 404 1631 447 nouitii
1654 404 1941 460 antiquiores
1962 402 1981 469 '3'

300 486 344 528 in
369 486 531 529 domus
554 487 794 541 professas,
820 484 891 527 vel
921 482 965 524 in
994 483 1053 526 47
1083 482 1294 538 collegia,
1326 496 1442 537 quae
1470 481 1643 538 possint
1672 481 1770 524 illos
1799 482 1936 536 alere3

302 570 514 619 poterunt
537 563 671 606 etiam
695 560 810 603 mitti
835 560 878 602 in
903 560 1012 602 alias
1034 559 1308 616 prouincias,
1340 559 1475 603 etiarn
1506 561 1696 602 Romam
1725 574 1781 603 ex
1807 573 1940 616 prae-

300 640 469 696 scripto
499 639 722 695 generalis
753 636 1008 694 praepositi.
1043 638 1171 680 Haec
1204 644 1440 693 propterea
1472 636 1575 679 dico
1615 645 1704 679 tam
1742 636 1934 690 solicite3

300 717 525 761 deerimus
553 716 670 759 enim
701 714 785 759 Dei
815 714 1004 770 gratiae,
1036 713 1072 756 si
1096 728 1210 769 quos
1231 713 1437 757 videmus
1459 721 1645 757 vocatos
1667 727 1767 757 esse
1790 729 1815 757 a
1838 714 1942 756 Deo
1965 704 1995 748 't

302 795 359 837 ad
383 793 675 843 Societatem,
702 806 794 843 eos,
823 805 900 847 per
923 790 1180 847 angustiam
1205 791 1356 843 animi,
1383 791 1454 834 vel
1482 790 1761 833 difidentiam
1793 804 1942 845 quan-
1968 775 1985 782 Ἀ

303 873 422 923 dam,
450 886 540 914 non
567 871 815 912 audeamus
834 868 1050 924 recipere.

393 948 645 1003 Diligenter
668 946 997 989 animaduertat
1019 945 1328 1001 prouincialis,
1354 945 1430 987 vbi
1452 959 1505 988 ea
1527 946 1583 987 ad
1601 960 1649 988 se
1669 945 1939 998 referantur,
1967 974 1986 991 2-

304 1041 419 1081 quae
444 1024 622 1081 proprie
646 1024 701 1065 ad
720 1022 924 1075 rectoris,
944 1023 1013 1065 vel
1034 1022 1216 1065 omnino
1235 1023 1290 1065 ad
1309 1021 1591 1078 superiorum
1611 1021 1940 1065 ordinariorum
1966 1019 1978 1054 ³,

304 1103 500 1145 officium
525 1101 732 1154 attinent,
758 1107 806 1142 vt
829 1099 919 1152 illa,
945 1099 981 1142 si
1004 1099 1100 1142 fieri
1122 1099 1281 1155 possit,
1306 1115 1385 1155 per
1409 1114 1456 1143 se
1480 1114 1573 1142 non
1602 1106 1724 1155 agat,
1752 1099 1831 1142 sed
1860 1113 1937 1155 per

305 1179 568 1222 ordinarios.
598 1178 845 1234 Continget
876 1176 994 1221 enim
1025 1191 1351 1231 nonnunquam
1382 1177 1418 1219 si
1447 1191 1579 1220 secus
1610 1176 1760 1227 faciat,
1794 1159 1969 1232 ipsum³

304 1272 468 1300 errare:
496 1255 621 1299 verbi
646 1255 806 1311 gratia:
834 1255 871 1297 si
893 1254 994 1309 quis
1012 1269 1036 1296 a
1053 1253 1317 1310 prouinciali
1335 1260 1509 1310 peteret
1528 1254 1786 1296 facultatem
1807 1253 1943 1296 domo

305 1333 514 1384 exeundi,
536 1342 580 1376 et
598 1333 693 1388 ipse
717 1332 1003 1383 concederet,
1024 1331 1281 1374 inconsulto
1305 1338 1478 1374 rectore
1501 1331 1571 1374 vel
1591 1330 1813 1383 ministro,
1834 1324 1941 1386 pos·
1980 1348 1982 1351 ’

304 1419 372 1455 set
394 1425 518 1454 error
542 1410 824 1466 contingere,
851 1416 895 1453 et
920 1408 1188 1464 periculum,
1216 1408 1423 1464 quamuis
1446 1407 1611 1464 alioqui
1634 1423 1690 1450 ex
1714 1407 1801 1459 his,
1828 1422 1942 1462 quae

305 1490 362 1531 ad
385 1488 572 1531 aliorum
596 1487 745 1530 officia
762 1486 941 1543 proprie
959 1485 1167 1537 attinent,
1190 1499 1515 1540 nonnunquam
1534 1484 1776 1528 conueniet
1794 1484 1945 1539 aliqua

306 1580 442 1621 agere
464 1565 523 1608 48
547 1571 828 1621 praesentem
853 1562 1178 1620 prouincialem
1202 1577 1282 1618 per
1303 1576 1352 1605 se
1374 1562 1446 1604 vel
1469 1560 1556 1604 alio
1579 1560 1779 1614 nomine,
1804 1561 1876 1604 vel
1898 1567 1948 1603 vt
1974 1607 1981 1616 ⁶

307 1642 581 1698 praescribat
610 1642 790 1693 rectori,
823 1640 1204 1696 quemadmodum
1235 1638 1292 1681 sit
1321 1638 1521 1681 officium
1550 1653 1684 1681 suum
1715 1638 1947 1694 guberna-

307 1728 451 1771 turus,
482 1727 527 1762 et
556 1734 608 1761 ea
644 1719 877 1761 functione
911 1719 1124 1761 reformet
1157 1716 1415 1772 collegium.
1454 1715 1581 1759 Alias
1614 1715 1728 1757 nihil
1761 1722 1869 1771 aget
1902 1715 1949 1757 in

306 1797 456 1852 aliquo
489 1796 696 1852 collegio,
731 1797 802 1839 vel
837 1810 1009 1847 eorum,
1047 1809 1163 1850 quae
1196 1793 1351 1837 ordine
1384 1799 1624 1847 geruntur,
1660 1793 1731 1835 vel
1772 1806 1951 1845 eorum,
1984 1851 1987 1854 ι

308 1889 423 1928 quae
446 1882 572 1918 extra
595 1873 814 1924 ordinem,
842 1873 913 1915 vel
936 1886 1150 1928 praesens
1169 1873 1239 1914 vel
1259 1872 1439 1922 absens,
1460 1871 1569 1925 quin
1587 1884 1640 1913 ea
1657 1876 1856 1925 exponat
1875 1881 1947 1912 re·
1977 1896 1980 1897 ν

309 1951 442 2003 ctori,
464 1958 508 1993 et
531 1940 609 2007 per
632 1965 733 1994 eum
759 1958 904 2006 gerat,
927 1950 1076 2004 quoad
1093 1963 1164 1992 res
1181 1948 1377 2004 patietur
1396 1947 1508 2003 ipsa,
1530 1961 1586 1990 ne
1606 1946 1750 1989 minor
1768 1946 1825 1989 sit
1843 1946 1953 1989 vnio
1976 1996 1988 2006 ι

309 2036 354 2071 et
378 2028 690 2070 subordinatio
713 2028 769 2070 ad
787 2034 1025 2079 rectorem,
1051 2034 1095 2069 et
1113 2027 1224 2068 fiant
1242 2025 1287 2067 in
1306 2025 1391 2067 illis
1410 2026 1546 2068 rebus
1564 2023 1875 2079 exemptiones
1893 2024 1953 2066 ab
1980 2067 1988 2086 -.

309 2105 572 2147 immediato
597 2104 842 2160 superiore,
870 2119 985 2160 quae
1008 2118 1107 2147 esse
1129 2104 1278 2146 solent
1300 2103 1489 2144 vulnera
1513 2099 1953 2162 congregationum;¹
1972 2115 1996 2164 f!

312 2181 450 2223 huius
474 2182 536 2225 rei
561 2188 711 2225 tamen
735 2181 942 2237 exceptio
965 2180 1115 2236 aliqua
1136 2180 1420 2236 fieri'potest.
1975 2164 1995 2231 ’ζ

401 2257 493 2301 Vbi
518 2259 674 2302 reddet
697 2257 857 2313 aliquis
881 2257 1188 2302 conscientiae
1209 2271 1319 2300 suae
1348 2256 1583 2307 rationem,
1617 2256 1690 2298 vel
1719 2253 1951 2311 generali·
1973 2247 2005 2311 {a

315 2343 380 2378 ter
409 2342 593 2391 peccata
617 2349 699 2378 sua
722 2335 1028 2387 confitebitur,
1055 2335 1126 2378 vel
1149 2340 1321 2390 repetet
1351 2333 1493 2389 (iuxta
1523 2332 1746 2389 regulam)
1769 2331 1951 2374 confes-
1970 2311 2005 2359 ἰ’

1979 2354 1991 2378 '1'

1973 2391 1992 2411 ’v

1981 2485 1993 2495 t

316 2412 506 2464 sionem,
533 2426 666 2467 quam
690 2412 764 2454 alii
788 2411 1065 2454 confessario
1090 2411 1261 2454 fecerit:
1287 2417 1534 2466 quaeratur
1551 2411 1607 2452 ab
1627 2423 1680 2453 eo
1702 2408 1747 2450 in
1771 2408 1952 2451 confes·
1974 2398 2005 2460 ἕξ

315 2489 442 2533 sione
467 2503 522 2531 an
548 2503 705 2532 reuera
728 2488 836 2531 velit
860 2504 912 2531 ea
943 2488 1093 2531 omnia
1123 2487 1330 2532 confiteri
1354 2495 1398 2532 et
1428 2487 1633 2543 regulam
1664 2492 1862 2528 nostram
1896 2484 1951 2527 de
1972 2448 2005 2598 ξ

316 2565 551 2622 apertione
579 2565 900 2616 conscientiae,
941 2566 996 2608 de
1030 2566 1088 2609 49
1123 2565 1409 2609 confessione
1447 2563 1665 2620 generali,
1697 2564 1754 2606 de
1787 2546 1979 2617 repeti-7

316 2643 436 2686 tione
459 2651 476 2668 ³
500 2642 798 2686 confessionis
821 2644 1081 2686 obseruare.
1110 2643 1157 2686 Si
1181 2643 1251 2686 vel
1276 2657 1367 2685 non
1396 2640 1697 2697 responderit,
1723 2639 1795 2683 vel
1817 2637 1952 2680 dubi·
1972 2614 1992 2697 ξ

318 2720 497 2771 tauerit,
523 2720 594 2762 vel
619 2720 749 2775 plane
772 2719 933 2762 dixerit
962 2734 1010 2762 se
1040 2720 1176 2771 nolle3
1204 2719 1324 2762 illius
1353 2721 1437 2762 nec
1466 2717 1690 2762 confessio
1719 2714 1947 2766 audietur,
1973 2712 1996 2750 3

317 2811 400 2841 nec
425 2797 539 2839 ratio
563 2795 871 2840 conscientiae
889 2795 1152 2851 accipietur,
1173 2810 1321 2851 neque
1346 2798 1434 2838 hoc
1457 2795 1550 2847 fiet,
1571 2800 1809 2850 propterea
1831 2790 1951 2847 quod
1972 2795 1990 2832 'r

318 2874 442 2916 illum
467 2873 672 2918 Societas
701 2872 872 2928 obliget
902 2873 957 2915 ad
991 2880 1229 2927 peccatum
1265 2873 1472 2924 mortale,
1514 2869 1599 2913 nisi
1638 2869 1820 2926 regulas
1854 2867 1950 2910 illas
1976 2851 1994 2915 ,ἶ

360 3038 366 3045 “
387 3052 403 3067 ³1
455 3041 685 3086 repititione
706 3050 776 3075 ms.
