2028 3426
581 309 587 315 ,
617 276 892 311 MONUMENTA
918 276 1183 319 ITALlAE—17
1605 283 1670 319 159

9 434 11 439 1
89 377 250 435 gratia.
278 379 472 420 Tantum
495 377 623 420 abest
646 384 696 419 ut
717 384 900 432 propter
922 375 1215 431 cupiditatem
1239 374 1442 417 dicamus
1472 389 1562 416 non
1586 389 1717 429 posse

6 448 11 489 ⁵·
34 457 38 461 ’
90 454 253 499 saluari
272 454 456 505 diuites,
482 452 566 495 nisi
589 453 720 494 nobis
743 454 929 496 donent.
956 455 1088 508 Quae
1109 453 1273 495 acerba
1290 451 1478 493 nimium
1496 457 1564 493 est
1582 465 1716 492 accu-

93 531 219 582 satio,
246 537 291 573 et
319 531 323 586 Ι
352 530 576 573 catholico
599 530 771 572 homini
794 530 978 574 minime
1001 530 1186 573 ferenda
1208 528 1447 583 patienter,
1473 527 1580 569 diuo
1604 527 1716 569 Hie—

92 607 263 650 ronimo
290 608 497 649 authore.
525 608 695 650 Verum
717 607 829 648 nihil
850 615 919 650 est
942 607 1063 662 quod
1084 608 1169 648 hac
1192 620 1249 648 ex
1266 619 1315 648 re
1331 617 1713 647 commoneamur:

93 699 194 727 nam
227 684 414 726 dubium
447 698 539 726 non
572 691 640 727 est
672 683 1004 726 dominationes
1036 690 1211 726 uestras
1242 682 1407 724 Illmas.
1449 679 1718 736 grauissime

94 760 229 803 fuisse
251 760 659 811 animaduersuras,
686 759 723 802 si
747 760 855 814 quid
876 759 1006 802 vobis
1030 759 1164 802 huius
1193 758 1394 801 criminis
1421 771 1581 801 reuera
1609 757 1717 798 obo-

92 836 260 881 luisset.
298 839 542 879 Precamur
573 837 714 892 igitur
745 837 915 880 homini
947 837 1142 889 veniam,
1177 835 1255 890 qui
1287 837 1399 877 haec
1427 833 1648 877 confinxit
1681 841 1712 874 a.

64 902 71 911 l
91 915 244 969 Quare
266 928 444 956 oramus
467 921 603 968 atque
620 915 900 957 obtestamur
917 913 1248 957 dominationes
1266 919 1442 954 uestras
1459 911 1642 961 Illmas,
1670 917 1718 951 ut

29 1028 32 1031 .
60 984 63 986 ’
89 990 340 1046 intelligere
369 991 609 1045 possimus,
642 990 743 1045 quis
773 990 818 1032 id
847 1006 872 1034 e
901 990 1066 1033 nostris
1097 989 1269 1040 fecerit,
1297 988 1398 1044 quis
1420 987 1599 1031 dixerit:
1627 994 1716 1029 tam

90 1066 359 1122 flagitiosum
382 1056 610 1110 hominem
634 1081 690 1109 ne
722 1067 931 1122 punitum
967 1067 1148 1121 quidem
1188 1067 1309 1121 apud
1348 1080 1430 1108 nos
1469 1063 1718 1106 consistere

91 1143 325 1199 patiemur.
359 1144 499 1186 Aliud
532 1152 599 1188 est
623 1143 659 1187 si
683 1144 784 1199 quis
817 1159 991 1196 eorum,
1027 1144 1104 1199 qui
1129 1144 1186 1186 ad
1215 1158 1298 1185 nos
1323 1142 1527 1192 ueniunt,
1563 1148 1613 1182 ut
1644 1154 1718 1182 so—

91 1219 182 1263 lent
209 1233 306 1262 esse
329 1220 465 1274 aliqui
489 1221 802 1273 feruentiores,
828 1221 873 1262 id
902 1221 1092 1263 fortasse
1115 1220 1292 1276 dixerit,
1320 1233 1411 1261 non
1439 1233 1572 1273 posse
1594 1232 1643 1260 se
1672 1216 1717 1257 in

51 1343 60 1351 „
89 1297 268 1339 saeculo
290 1298 464 1339 saluum
490 1312 605 1349 esse,
632 1297 718 1339 nisi
740 1298 796 1340 ad
819 1297 1083 1353 religionem
1111 1297 1307 1339 ueniant.
1332 1297 1437 1351 Qua
1459 1295 1504 1336 in
1524 1310 1571 1338 re
1589 1308 1717 1337 rnen-

93 1372 147 1415 tis
169 1374 391 1417 feruorem
415 1375 674 1429 probamus,
700 1376 840 1418 verba
862 1381 906 1417 et
931 1376 1173 1417 uerborum
1197 1388 1380 1417 sensum
1410 1372 1706 1427 castigamus.

176 1450 390 1493 Proxima
412 1458 480 1494 est
503 1451 611 1493 huic
634 1451 919 1495 denuntiatio
943 1451 1040 1494 siue
1063 1452 1334 1507 figmentum
1367 1450 1423 1492 ad
1456 1448 1717 1491 alliciendos

81 1526 267 1591 diuites,
300 1534 349 1569 ut
378 1527 508 1569 nobis
535 1542 635 1571 sese
666 1528 934 1584 adiungant,
961 1535 1010 1570 ut
1034 1529 1151 1570 bona
1180 1526 1314 1569 nobis
1337 1527 1522 1577 donent,
1555 1525 1718 1566 offerre

90 1616 169 1645 nos
197 1603 449 1647 libertatem
480 1602 666 1647 uiuendi
693 1605 740 1646 in
769 1605 988 1660 religione
1013 1612 1061 1646 ut
1094 1604 1253 1656 uelint,
1286 1605 1375 1645 hoc
1404 1610 1472 1645 est
1494 1601 1591 1643 sine
1615 1599 1716 1642 reli-

61 1663 239 1743 -igionet
279 1680 341 1722 ita
379 1680 499 1724 enim
537 1695 620 1723 nos
659 1681 863 1737 accipere
901 1680 1209 1724 necessarium
1244 1687 1313 1722 est
1346 1680 1391 1721 in
1431 1677 1713 1726 uniuersum,

90 1755 261 1800 etiamsi
282 1758 338 1798 de
360 1756 497 1799 unico
520 1757 631 1800 illud
654 1758 845 1801 relatum
863 1758 935 1809 sit,
957 1758 1041 1800 nisi
1062 1757 1289 1800 indicetur
1308 1755 1408 1811 quis
1426 1755 1553 1798 illum
1573 1767 1714 1795 unum

90 1839 176 1875 tam
199 1847 412 1888 peruerse
434 1834 747 1886 solicitauerit,
774 1843 818 1878 et
840 1835 886 1876 in
910 1849 1000 1889 quo
1022 1834 1119 1877 eius
1148 1833 1211 1876 rei
1241 1834 1297 1876 sit
1320 1832 1454 1888 culpa
1482 1830 1717 1886 explorare

64 1944 67 1946 .
91 1909 308 1965 possimus
331 1917 376 1954 et
398 1911 669 1954 Societatem
694 1910 711 1936 ¹³
734 1913 789 1954 ab
813 1913 899 1954 hac
923 1919 1029 1954 nota
1051 1919 1067 1936 0
1089 1910 1336 1953 uindicare.

175 1986 282 2032 270.
336 1993 582 2030 ubiecfio.
630 1991 701 2033 De
722 1988 916 2031 diuitum
940 1987 1296 2031 transmissione.

90 2081 96 2085 ·
159 2070 465 2115 Responsio.
528 2067 607 2108 Est
629 2066 860 2121 legitimus
882 2080 992 2107 usus
1015 2073 1060 2107 et
1083 2066 1296 2119 frequens
1325 2063 1371 2104 in
1402 2060 1612 2104 omnibus
1642 2075 1715 2103 re==

7 1952 15 2175 -:,-.r-=us....—.-
11 1931 13 1938 Δ
8 1880 14 1925 ...ἡ

90 2140 331 2197 ligionibus
354 2157 538 2185 suorum
563 2142 861 2195 transmissio;
888 2149 932 2186 et
955 2157 1009 2185 ea
1033 2141 1214 2197 quidem
1239 2138 1495 2183 necessario
1519 2137 1712 2180 coniun—

90 2223 161 2260 cta
187 2232 289 2260 cum
318 2218 554 2274 disciplina
576 2219 776 2275 regulari
804 2226 942 2274 atque
964 2217 1270 2261 obseruantia:
1303 2230 1453 2270 neque
1481 2214 1527 2257 in
1554 2216 1640 2255 hac
1671 2228 1717 2255 re

90 2293 223 2349 (quod
245 2295 453 2349 sciamus)
478 2296 682 2351 acceptio
705 2296 855 2350 aliqua
878 2309 1171 2351 personarum
1195 2301 1264 2337 est
1285 2293 1332 2335 in
1354 2291 1585 2336 Societate
1614 2296 1716 2345 per*

60 2391 62 2394 ·
90 2368 236 2414 missa.
271 2373 388 2413 Tum
420 2372 539 2431 illud⁸
558 2372 691 2415 etiam
721 2372 990 2415 confirmare
1018 2358 1276 2426 possumus,
1309 2383 1394 2413 nec
1415 2368 1461 2410 in
1490 2367 1608 2418 cibo,
1634 2379 1717 2407 nec

91 2444 136 2488 in
163 2446 383 2500 uestibus,
409 2462 495 2491 nec
519 2448 562 2490 in
593 2448 829 2500 cubiculis,
861 2462 947 2492 nec
969 2447 1016 2489 in
1039 2447 1125 2489 alio
1154 2446 1317 2501 quouis
1346 2458 1497 2504 rerum
1530 2457 1614 2486 usu
1639 2442 1717 2484 ali-

91 2535 222 2576 quam
244 2524 318 2567 uel
340 2538 438 2566 esse
460 2524 577 2568 inter
598 2539 696 2576 nos,
723 2525 796 2567 uel
819 2538 918 2568 esse
940 2523 1074 2580 pos‘se
1091 2521 1473 2578 praerogatiuam,
1495 2519 1580 2562 nisi
1598 2533 1713 2569 eam,

82 2598 147 2654 3ad
173 2613 305 2654 quam
335 2601 408 2644 uel
436 2600 592 2657 adigat
620 2601 882 2652 necessitas,
915 2601 988 2643 uel
1018 2614 1152 2654 quam
1186 2598 1388 2641 medicus
1418 2595 1711 2652 praescribat.

93 2673 299 2718 Similiter
322 2676 462 2733 igitur
484 2677 530 2719 in
553 2677 859 2729 missionibus,
885 2677 931 2719 in
955 2676 1138 2731 reliquis
1160 2675 1295 2718 etiam
1320 2676 1456 2717 rebus
1486 2671 1713 2721 omnibus,

10 2606 17 2634 ‚a
4 2483 17 2599 oxm-
4 2467 16 2477 ὲ
5 2334 16 2458 ‹ae-m
7 2268 16 2329 *arsa-
5 2181 16 2263 „Aa-⁴⁴»-

90 2751 336 2807 accipimus
358 2768 579 2810 pauperes
602 2762 738 2808 atque
766 2753 946 2805 diuites,
973 2768 1089 2808 quae
1106 2767 1268 2796 rrerum
1299 2749 1595 2805 aequabilitas
1626 2746 1712 2789 sci-

52 2838 190 2875 '„mus
211 2843 421 2885 magnam
443 2830 608 2872 nostris
630 2829 791 2872 animis
814 2829 1165 2872 consolationem
1191 2830 1366 2871 afferre.

107 2942 111 2946 .
162 2908 407 2947 obiectio.
470 2908 539 2950 De
561 2906 696 2949 unius
719 2906 1001 2961 expulsione,
1028 2905 1122 2947 suis
1145 2904 1276 2947 bonis
1300 2902 1505 2947 retentis.

162 3080 179 3097 a
226 3072 421 3107 continxit
440 3084 515 3107 ms.
572 3075 636 3100 ——b
666 3072 859 3108 Societaie
879 3082 951 3106 ms.
1004 3080 1067 3098 —e
1088 3072 1175 3105 uita
1195 3081 1266 3104 ms.
