2028 3426
361 186 431 221 816
943 184 1078 219 Epist.
1107 183 1150 218 P.
1182 183 1331 218 NADAL

316 290 438 331 zelus
462 295 506 330 et
530 286 774 342 singularis
804 287 859 329 ad
890 286 1132 329 dicendum
1158 285 1225 328 vis
1260 287 1313 328 R.
1351 287 1404 330 P.
1429 286 1621 343 Joannis
1652 285 1884 329 Xantheni
1923 288 1950 329 ¹.

315 365 465 407 Huius
509 363 654 406 Patris
690 362 987 405 concionibus
1026 363 1139 405 adeo
1177 370 1284 405 sunt
1324 362 1588 406 inflammati
1627 370 1874 412 nostrates,
1907 369 1955 405 vt

314 441 497 484 omnino
527 440 710 496 cupiant
740 439 868 482 initia
891 440 1114 494 quaedam
1138 439 1318 495 collegii
1350 439 1393 481 in
1424 439 1611 483 ciuitate
1635 439 1955 495 nouimagensi

316 520 519 569 fundare,
552 517 588 560 si
619 532 697 573 per
728 519 887 560 Patres
921 516 1069 559 liceat.
1109 517 1155 558 [n
1193 516 1331 560 certis
1361 518 1532 560 habent
1564 530 1648 571 3oo
1682 531 1844 559 aureos
1873 530 1955 558 an—

314 610 446 637 nuos.
473 595 670 637 Domum
695 594 831 636 vidua
855 594 1078 648 quaedam
1103 593 1267 635 nobilis
1290 595 1439 645 offert,
1461 607 1651 648 eamque
1670 593 1862 648 amplam
1881 607 1955 635 sa-

315 672 387 715 tis.
416 672 687 728 Episcopus,
713 679 915 722 senatus,
942 670 1209 726 capitulum,
1235 670 1295 725 pii
1321 670 1490 726 quique
1514 685 1603 713 non
1628 669 1837 714 desinent
1856 684 1955 725 pro-

316 764 514 800 mouere,
542 756 590 790 vt
613 748 742 792 breui
766 747 931 804 integri
962 747 1140 803 collegii
1172 755 1424 803 prouentus
1453 749 1637 791 habeat.
1683 748 1786 790 Hoc
1815 762 1955 790 vnum

316 834 490 869 tantum
517 825 723 881 cupiunt,
751 833 799 867 vt
823 827 875 868 P.
902 826 1200 868 Xanthenum
1225 826 1424 869 habeant
1448 824 1586 867 huius
1616 824 1679 868 rei
1703 825 1955 868 moderato—

313 919 406 947 rem
433 905 488 946 ad
512 917 682 946 annum
707 917 845 944 vnum
870 910 1007 957 atque
1025 903 1234 946 alterurn.
1263 903 1395 946 Esset
1419 903 1570 945 forsan
1590 909 1842 944 nostratum
1863 901 1955 957 pie-

314 990 382 1024 tas
406 981 634 1023 laudanda
657 980 820 1037 magis,
846 979 884 1023 si
906 994 996 1022 non
1022 979 1068 1022 in
1090 995 1229 1022 vnum
1254 980 1552 1023 Xanthenum
1576 980 1731 1022 oculos
1759 993 1931 1022 conuer
1952 1005 1954 1008 -

313 1066 474 1102 terent.
502 1058 593 1101 Sed
620 1057 870 1100 infirmitati
899 1056 1135 1100 hominum
1173 1057 1515 1100 concedendurn
1549 1064 1618 1098 est
1648 1055 1832 1111 aliquid.
1861 1057 1954 1098 Ha·

311 1138 420 1180 bent
445 1150 628 1190 quoque
649 1149 742 1190 quo
766 1149 866 1178 sese
889 1134 1095 1176 nonnihil
1113 1142 1351 1178 excusent.
1373 1136 1579 1178 Fuerunt
1599 1133 1952 1189 nouimagenses

311 1215 367 1256 ab
399 1213 570 1268 aliquot
593 1212 826 1256 mensibus
855 1212 899 1254 in
925 1212 1113 1255 summis
1145 1211 1376 1268 periculis.
1410 1212 1511 1267 Ipso
1534 1211 1607 1253 die
1638 1212 1951 1264 pentecostes,

312 1290 397 1333 nisi
422 1290 506 1333 Dei
537 1289 756 1345 singulari
780 1289 1068 1345 prouidentia
1095 1290 1276 1332 detecta
1306 1288 1466 1332 fuisset
1495 1288 1705 1344 proditio,
1731 1295 1956 1343 quotquot

311 1367 526 1411 catholici
550 1375 673 1421 sunt,
701 1366 957 1410 trucidandi
981 1374 1128 1409 erant.
1165 1368 1239 1409 Ab
1269 1381 1323 1410 eo
1353 1374 1570 1422 ternpore,
1596 1365 1762 1409 clausis
1794 1364 1952 1421 portis,

311 1444 514 1499 quotidie
536 1451 836 1500 expectarunt
859 1444 1000 1494 ciues,
1029 1445 1099 1487 vel
1129 1445 1305 1487 hostem
1339 1451 1595 1495 externum,
1623 1444 1693 1487 vel
1716 1441 1955 1486 intestinas

310 1522 652 1565 commotiones.
681 1522 841 1576 Neque
864 1521 953 1564 vlla
982 1520 1144 1564 ciuitas
1173 1528 1242 1565 est
1271 1529 1362 1564 tarn
1400 1520 1556 1564 odiosa
1593 1521 1851 1564 Geusarum
1887 1520 1953 1562 fa-
2016 1541 2021 1545 ·

310 1599 449 1642 ctioni
473 1608 610 1655 atque
629 1598 969 1654 Nouimagium.
998 1599 1119 1641 Hinc
1138 1598 1259 1642 mille
1276 1598 1596 1654 excogitantur
1619 1605 1756 1648 artes,
1783 1605 1830 1639 vt
1853 1611 1951 1640 earn

310 1676 545 1719 ciuitatem
571 1677 857 1729 subuertant,
883 1675 1112 1732 diripiant,
1139 1676 1401 1719 incendant.
1429 1676 1520 1720 Sed
1549 1675 1635 1719 Dei
1666 1674 1829 1731 gratia,
1855 1673 1951 1730 pio—

309 1769 411 1796 rum
444 1754 671 1809 precibus,
706 1753 896 1795 rnilitum
936 1753 1176 1809 praesidio,
1203 1753 1371 1796 ciuium
1403 1767 1483 1809 pro
1515 1767 1624 1809 rege
1656 1760 1702 1795 et
1730 1751 1950 1807 religione

311 1832 424 1882 zelo,
451 1831 587 1886 deniq
598 1847 651 1875 ue
668 1831 759 1873 fido
783 1838 827 1874 et
851 1830 1022 1873 inuicto
1048 1832 1102 1875 Ρ.
1128 1830 1361 1875 Xantheni
1387 1830 1431 1872 in
1456 1829 1756 1873 concionibus
1778 1829 1946 1881 labore,

310 1908 438 1951 fortis
456 1909 605 1951 adhuc
625 1915 812 1964 perstat,
834 1907 947 1950 nihil
966 1915 1154 1960 morata,
1176 1907 1471 1964 quantumuis
1489 1920 1802 1957 numerosum,
1826 1904 1950 1961 prin-

309 1985 422 2041 cipis
446 1985 624 2028 Arantii
655 1985 919 2028 exercitum.
956 1986 1093 2040 Quod
1132 1985 1169 2028 si
1208 1985 1254 2026 in
1288 1985 1411 2028 hisce
1434 1984 1646 2040 periculis
1676 1984 1951 2026 Xanthenus

309 2077 417 2106 suos
439 2064 687 2116 desereret,
715 2077 828 2117 quos
851 2064 908 2105 ad
931 2062 1230 2106 obedientiam
1255 2062 1489 2114 ecclesiae,
1516 2060 1638 2117 regis
1657 2059 1885 2112 catholici,
1906 2068 1952 2102 et

309 2140 408 2183 eius
431 2140 752 2196 gubernatoris
775 2139 1010 2192 animauit,
1042 2147 1087 2183 et
1116 2140 1160 2182 in
1191 2155 1243 2184 ea
1266 2154 1410 2194 Vsque
1437 2140 1493 2183 ad
1516 2147 1718 2183 extrema
1750 2137 1950 2194 pericula

272 2215 278 2221 ’
309 2217 511 2268 retinuit,
539 2229 629 2270 400
661 2216 841 2259 ciuibus
870 2231 978 2272 prae
1016 2224 1187 2261 terrore
1219 2224 1265 2260 et
1304 2216 1464 2259 timore
1498 2215 1748 2266 ciuitatem,
1776 2227 1950 2268 suaque

309 2293 641 2346 deserentibus3
669 2293 797 2336 multi
823 2309 920 2337 eam
945 2295 1101 2349 fugam
1125 2295 1370 2337 admodum
1395 2293 1575 2336 sinistre
1599 2292 1950 2348 interpretaren—

311 2380 399 2423 tur,
427 2386 518 2414 non
543 2371 641 2415 sine
674 2386 840 2427 magna
870 2371 1010 2414 totius
1043 2371 1284 2416 Societatis
1315 2370 1581 2427 ignominia.
1616 2369 1734 2425 Quis
1763 2383 1853 2411 non
1880 2367 1951 2409 di-

311 2455 435 2492 ceret
447 2448 640 2503 jesuitas
658 2448 984 2504 grandiloquos
1001 2463 1101 2492 esse
1119 2457 1164 2492 et
1182 2463 1259 2492 ore
1278 2447 1487 2492 leonibus
1505 2446 1787 2497 audaciores,
1804 2444 1952 2500 reipsa

311 2524 620 2568 timidissimos
660 2526 856 2581 lepores?
889 2526 1024 2569 Absit
1053 2541 1078 2568 a
1107 2527 1156 2568 P.
1196 2527 1456 2576 Xantheno,
1489 2531 1536 2566 vt
1566 2523 1842 2568 Societatem
1874 2521 1948 2564 tali

309 2601 458 2644 inurat
482 2603 673 2645 macula.
708 2602 840 2646 Multi
871 2617 1052 2658 quoque
1076 2617 1101 2644 a
1125 2602 1248 2659 regis
1277 2610 1322 2646 et
1350 2602 1570 2646 ecclesiae
1592 2599 1850 2644 obedientia
1872 2599 1949 2642 de—
2014 2588 2028 2598 '⁷

309 2680 565 2732 flecterent,
608 2694 741 2723 nemo
775 2681 966 2735 posthac
1004 2679 1220 2723 Societati
1259 2679 1452 2723 faueret.
1485 2677 1697 2729 Senatui,
1739 2674 1949 2731 quamuis

309 2754 482 2797 bellicis
524 2756 794 2798 tumultibus
823 2756 1193 2812 occupatissimo,
1220 2771 1292 2800 res
1321 2758 1432 2799 haec
1470 2756 1584 2799 adeo
1621 2753 1744 2797 cordi
1782 2760 1865 2804 est,
1899 2759 1948 2794 vt
2007 2805 2015 2818 ι

383 2885 389 2903 ¹
445 2883 505 2918 Cf.
528 2885 733 2930 epistolam
755 2886 796 2920 P.
815 2885 1007 2920 Leonardi
1028 2885 1198 2921 Kesselii
1225 2884 1273 2920 ad
1299 2885 1345 2920 P.
1381 2884 1576 2930 Natalem,
1591 2883 1655 2918 die
1680 2891 1724 2927 27
1745 2881 1836 2929 Maji
1858 2890 1947 2927 1572

308 2941 452 2983 datam,
470 2943 535 2977 ubi
556 2945 664 2989 plura
682 2943 730 2978 de
751 2944 794 2981 Ρ.
814 2944 1012 2979 Xantheni
1032 2943 1250 2980 ministerio
1271 2944 1310 2979 in
1335 2955 1404 2979 sua
1435 2943 1559 2990 patria
1591 2947 1833 2978 enarrantur.
1853 2941 1948 2976 Eam

309 2998 430 3034 edidit
450 3000 643 3047 HANSEN,
659 3003 737 3039 loc.
761 3003 843 3047 cit.,
865 3014 953 3050 pag.
975 3003 1058 3039 621.
