2028 3426
484 283 757 318 MONUMENTA
782 291 1038 318 PRovmciAE
1065 282 1374 327 AUSTRIAE-49
1628 293 1694 328 295

30 376 31 379 Ἴ
52 426 55 429 .
117 385 177 426 ris
199 383 339 436 obire,
366 391 411 426 et
435 391 585 426 tamen
610 385 661 426 P.
685 385 896 440 Lanoyus
914 385 1122 427 aduertet
1145 384 1201 426 ad
1222 383 1538 438 particularem
1571 386 1742 439 guber-

117 460 346 503 nationem
365 460 560 516 collegii.

206 539 257 579 P.
292 539 492 594 Joannes
536 536 749 580 Nicolaus
787 537 871 579 erit
914 536 1137 589 minister,
1171 544 1215 579 et
1258 535 1430 578 interea
1472 537 1579 577 dum
1626 537 1740 579 redit

117 616 168 656 P.
191 613 478 665 Laurentius,
500 602 664 668 poterit
682 613 840 657 iuuare
864 613 1135 664 ministrum,
1157 614 1236 656 sed
1254 627 1418 655 nomen
1439 611 1630 654 ministri
1648 627 1738 655 non

116 690 318 742 habebit,
342 691 490 733 donec
514 689 716 732 minister
734 691 898 733 habeat
921 689 1126 733 rectoris.

205 768 256 810 P.
282 769 509 822 Lanoyus,
536 781 640 808 cum
664 766 856 822 primum
886 766 1067 809 redierit
1092 768 1143 808 P.
1171 765 1460 818 Laurentius,
1486 765 1660 820 parabit
1692 774 1738 808 ut

114 851 236 886 recta
264 843 406 899 primo
435 857 615 898 quoque
644 851 845 898 tempore
876 843 1191 898 proficiscatur
1229 842 1555 897 Oenipontum.
1589 844 1738 885 Ducet

72 979 76 984 .
114 934 266 962 secum
299 922 518 976 Joannem
553 933 785 971 saxonem,
818 921 1004 961 Romam
1035 919 1361 974 profecturum3
1393 926 1512 961 emet
1549 933 1733 973 equum,

114 1011 202 1052 quo
226 997 320 1053 ipse
345 999 554 1041 uebatur.

202 1076 263 1116 M.
290 1073 574 1117 Christianus
596 1073 801 1115 absoluet
829 1087 1011 1115 cursum
1037 1072 1181 1124 Pauli,
1208 1087 1297 1127 quo
1323 1072 1546 1123 absoluto,
1572 1071 1737 1127 poterit

112 1150 227 1193 mitti
264 1152 466 1193 Romam.
508 1150 688 1192 Interim
727 1149 859 1192 etiam
900 1149 1064 1204 poterit
1101 1148 1299 1191 exerceri
1337 1148 1383 1190 in
1420 1148 1734 1201 concionibus,

112 1227 375 1282 praesertim
400 1227 436 1268 si
455 1226 689 1269 commode
713 1234 864 1281 posset
887 1226 1033 1268 iuuari
1055 1226 1100 1267 in
1125 1240 1260 1268 cursu
1286 1227 1335 1268 Ρ.
1361 1225 1612 1268 Adalberti.

200 1304 466 1347 Theodorus
490 1305 717 1346 Bussaeus
740 1313 999 1359 perseueret
1022 1304 1186 1345 docere
1208 1302 1253 1344 in
1277 1317 1359 1344 sua
1381 1303 1540 1344 classe.

198 1381 457 1436 Stephanus
479 1382 715 1436 hungarus
739 1379 881 1435 primo
905 1394 1089 1434 quoque
1113 1387 1317 1434 tempore
1342 1380 1406 1435 (ut
1433 1378 1538 1421 alibi
1563 1378 1734 1421 dictum

111 1456 192 1511 est)
217 1457 295 1498 fiat
317 1458 544 1510 sacerdos,
570 1463 614 1499 et
637 1457 841 1498 mittatur
865 1455 1157 1511 Tyrnauiam,
1185 1457 1241 1497 ad
1266 1458 1317 1498 P.
1346 1457 1530 1497 Petrum
1554 1456 1734 1510 hunga—

112 1547 227 1586 rum;
253 1533 350 1576 eius
372 1534 562 1576 classem
586 1533 749 1588 poterit
772 1547 931 1588 gerere
954 1532 1174 1576 Melchior
1198 1532 1394 1583 Bichler,
1423 1531 1495 1574 cui
1519 1532 1735 1575 succedat

111 1625 245 1665 quem
268 1609 484 1652 iudicabit
507 1609 719 1652 idoneum
744 1609 1051 1665 prouincialis.

198 1686 415 1730 Melchior
438 1687 617 1728 docebit
639 1686 685 1728 in
708 1687 850 1742 prima
873 1686 1015 1728 classe
1044 1684 1376 1741 grammatices,
1408 1684 1453 1725 id
1475 1692 1544 1726 est
1575 1699 1733 1728 succe-

109 1764 186 1807 det
208 1764 459 1818 Stephano,
485 1770 530 1806 et
552 1769 658 1818 aget
680 1777 783 1805 cum
814 1764 868 1807 P.
900 1763 1101 1816 Lanoyo,
1127 1775 1231 1803 cum
1268 1761 1470 1805 discedet
1499 1761 1731 1822 Oeniponh-

71 1871 75 1893 ;
110 1847 223 1891 tum,
255 1839 292 1882 si
321 1839 429 1894 quid
457 1839 502 1881 in
532 1839 735 1882 absentia
773 1838 946 1894 possint
983 1852 1120 1894 agere
1159 1839 1215 1881 de
1246 1837 1376 1879 bonis
1406 1837 1519 1889 eius,
1554 1838 1731 1880 tametsi

109 1916 363 1958 consultius
381 1923 450 1959 est
472 1924 523 1958 ut
544 1915 655 1957 nihil
672 1915 912 1957 distribuat
929 1916 1095 1956 adhuc.
1118 1907 1254 1957 Anno
1272 1915 1475 1969 proximo
1494 1914 1609 1956 mitti
1627 1922 1730 1970 pot-

109 1991 195 2035 erit
217 1994 422 2035 Romam.

196 2068 346 2112 Dauid
369 2069 452 2111 erit
481 2068 730 2122 coadiutor,
757 2068 1134 2123 quemadmodum
1159 2082 1296 2119 nunc,
1323 2067 1367 2109 in
1392 2067 1547 2110 ultima
1570 2069 1730 2120 classe,

108 2154 154 2188 et
191 2145 368 2187 interim
403 2145 524 2187 domi
561 2145 686 2187 dabit
723 2159 910 2200 operam-
944 2143 1105 2186 studiis
1132 2133 1362 2186 literarum
1394 2143 1652 2197 latinarum,
1687 2151 1732 2186 et

109 2222 262 2277 audiat
285 2236 417 2264 casus
440 2221 766 2273 conscienciae,
792 2221 829 2264 si
851 2222 1062 2277 legantur
1085 2221 1223 2265 domi.

197 2300 545 2341 Bartholomeus
583 2298 892 2342 Bastoniensis
930 2298 1136 2341 mittetur
1173 2300 1384 2351 Romam,
1427 2298 1502 2355 ubi
1539 2298 1732 2354 primum

108 2375 250 2430 possit
272 2375 432 2429 aliquis
456 2375 646 2417 idoneus
668 2374 869 2430 reperiri,
895 2374 972 2439 qui
995 2374 1052 2416 sit
1073 2374 1193 2417 illius
1216 2375 1395 2431 collegii
1418 2374 1637 2426 minister,
1660 2375 1731 2417 uel

108 2458 323 2506 poterunt
344 2451 470 2492 illum
494 2451 720 2509 destinare
748 2452 805 2493 ad
834 2451 1024 2494 classem
1055 2450 1349 2493 humanitatis
1378 2451 1641 2506 gerendam,
1670 2450 1732 2492 ita

108 2536 259 2571 tamen
283 2537 332 2569 ut
354 2527 495 2582 possit
517 2527 562 2569 in
587 2526 824 2569 rhetoricis
847 2527 1009 2569 docere
1025 2534 1133 2582 vpost
1151 2526 1331 2582 aliquod
1358 2534 1549 2582 tempus.

196 2604 336 2646 Heldt
358 2605 435 2646 fiat
458 2604 685 2656 sacerdos,
712 2610 756 2646 et
774 2603 927 2645 audiat
950 2602 1243 2656 theologiam,
1271 2610 1315 2644 et
1339 2617 1470 2645 casus
1493 2601 1731 2643 conscien-

109 2679 204 2721 ciae
226 2687 271 2722 et
292 2681 604 2722 concionetur:
631 2679 836 2721 mittatur
860 2678 1160 2721 Olomutium.

197 2755 401 2800 Wincler
423 2756 628 2798 absoluat
652 2770 852 2811 cursum,
878 2755 924 2797 ni
954 2756 1032 2797 fiat
1061 2755 1293 2810 magister:
1321 2754 1523 2795 mittatur
1551 2753 1594 2794 in
1624 2768 1729 2808 pro—

111 2832 304 2874 uinciam
327 2832 597 2876 Germaniae
620 2832 877 2887 superioris,
902 2838 949 2873 ut
971 2831 1061 2873 illic
1078 2838 1345 2873 exerceatur
1364 2829 1407 2870 in
1422 2829 1570 2883 aliqua
1587 2829 1732 2872 classe

109 2907 350 2950 latinarum
374 2909 602 2951 literarum
622 2909 846 2951 docendo.

200 2986 252 3028 P.
278 2985 555 3027 Adalbertus
577 2983 886 3039 perseuerabit
908 2983 953 3024 in
976 2998 1057 3025 sua
1079 2982 1287 3033 lectione;
1316 2989 1360 3024 et
1392 2995 1494 3023 cum
1519 2981 1727 3022 absolue—

110 3060 168 3101 rit
205 3060 367 3103 librum
397 3060 706 3116 physicorum,
740 3059 824 3103 erit
852 3065 1027 3101 tantum
1060 3066 1307 3112 occupatus
1343 3057 1390 3098 in
1419 3072 1500 3099 sua
1537 3056 1736 3099 lectione
