<?xml version="1.0" encoding="UTF-8"?>
<!DOCTYPE html PUBLIC "-//W3C//DTD XHTML 1.0 Transitional//EN"
    "http://www.w3.org/TR/xhtml1/DTD/xhtml1-transitional.dtd">
<html xmlns="http://www.w3.org/1999/xhtml" xml:lang="en" lang="en">
 <head>
  <title>
</title>
<meta http-equiv="Content-Type" content="text/html;charset=utf-8" />
  <meta name='ocr-system' content='tesseract 3.04.00' />
  <meta name='ocr-capabilities' content='ocr_page ocr_carea ocr_par ocr_line ocrx_word'/>
</head>
<body>
  <div class='ocr_page' id='page_1' title='image "./epistolaephieron11nada_0549.png"; bbox 0 0 2028 3426; ppageno 0'>
   <div class='ocr_carea' id='block_1_1' title="bbox 648 212 1629 257">
    <p class='ocr_par' dir='ltr' id='par_1_1' title="bbox 648 212 1629 257">
     <span class='ocr_line' id='line_1_1' title="bbox 648 212 1629 257; baseline 0.002 -12"><span class='ocrx_word' id='word_1_1' title='bbox 648 212 1077 247; x_wconf 71' lang='lat' dir='ltr'>INSTRUCTmNEs—(n</span> <span class='ocrx_word' id='word_1_2' title='bbox 1561 212 1629 257; x_wconf 87' lang='lat'>523</span> 
     </span>
    </p>
   </div>
   <div class='ocr_carea' id='block_1_2' title="bbox 1 301 1692 2131">
    <p class='ocr_par' dir='ltr' id='par_1_2' title="bbox 1 301 1692 2131">
     <span class='ocr_line' id='line_1_2' title="bbox 12 301 1675 370; baseline -0.001 -13"><span class='ocrx_word' id='word_1_3' title='bbox 12 301 16 304; x_wconf 43' lang='grc'><em>”</em></span> <span class='ocrx_word' id='word_1_4' title='bbox 50 324 238 370; x_wconf 88' lang='lat' dir='ltr'>peccata</span> <span class='ocrx_word' id='word_1_5' title='bbox 275 327 356 356; x_wconf 87' lang='lat' dir='ltr'>sua</span> <span class='ocrx_word' id='word_1_6' title='bbox 385 312 690 364; x_wconf 86' lang='lat' dir='ltr'>confitebitur,</span> <span class='ocrx_word' id='word_1_7' title='bbox 732 313 802 355; x_wconf 89' lang='lat' dir='ltr'>vel</span> <span class='ocrx_word' id='word_1_8' title='bbox 833 319 1006 368; x_wconf 89' lang='lat' dir='ltr'>repetet</span> <span class='ocrx_word' id='word_1_9' title='bbox 1033 311 1158 354; x_wconf 86' lang='lat' dir='ltr'>iuxta</span> <span class='ocrx_word' id='word_1_10' title='bbox 1188 313 1391 367; x_wconf 77' lang='lat' dir='ltr'>regulam</span> <span class='ocrx_word' id='word_1_11' title='bbox 1424 313 1675 356; x_wconf 84' lang='lat' dir='ltr'>confessio-</span> 
     </span>
     <span class='ocr_line' id='line_1_3' title="bbox 51 388 1675 444; baseline -0.001 -12"><span class='ocrx_word' id='word_1_12' title='bbox 51 406 170 444; x_wconf 88' lang='lat' dir='ltr'>nem,</span> <span class='ocrx_word' id='word_1_13' title='bbox 195 404 329 444; x_wconf 88' lang='lat' dir='ltr'>quam</span> <span class='ocrx_word' id='word_1_14' title='bbox 353 389 426 432; x_wconf 90' lang='lat' dir='ltr'>alii</span> <span class='ocrx_word' id='word_1_15' title='bbox 449 389 620 440; x_wconf 86' lang='lat' dir='ltr'>fecerit,</span> <span class='ocrx_word' id='word_1_16' title='bbox 645 395 888 443; x_wconf 79' lang='lat' dir='ltr'>quaeratur</span> <span class='ocrx_word' id='word_1_17' title='bbox 910 389 966 431; x_wconf 87' lang='lat' dir='ltr'>ab</span> <span class='ocrx_word' id='word_1_18' title='bbox 989 402 1042 430; x_wconf 92' lang='lat' dir='ltr'>eo</span> <span class='ocrx_word' id='word_1_19' title='bbox 1065 388 1109 429; x_wconf 91' lang='lat' dir='ltr'>in</span> <span class='ocrx_word' id='word_1_20' title='bbox 1133 388 1419 431; x_wconf 88' lang='lat' dir='ltr'>confessione</span> <span class='ocrx_word' id='word_1_21' title='bbox 1443 404 1497 430; x_wconf 90' lang='lat' dir='ltr'>an</span> <span class='ocrx_word' id='word_1_22' title='bbox 1518 405 1675 433; x_wconf 87' lang='lat' dir='ltr'>reuera</span> 
     </span>
     <span class='ocr_line' id='line_1_4' title="bbox 2 463 1673 521; baseline -0.002 -12"><span class='ocrx_word' id='word_1_23' title='bbox 2 463 5 468; x_wconf 72' lang='grc'><strong>’</strong></span> <span class='ocrx_word' id='word_1_24' title='bbox 50 467 174 518; x_wconf 84' lang='lat' dir='ltr'>velit,</span> <span class='ocrx_word' id='word_1_25' title='bbox 201 481 317 521; x_wconf 89' lang='lat' dir='ltr'>quae</span> <span class='ocrx_word' id='word_1_26' title='bbox 339 466 489 517; x_wconf 92' lang='lat' dir='ltr'>debet,</span> <span class='ocrx_word' id='word_1_27' title='bbox 515 465 665 508; x_wconf 88' lang='lat' dir='ltr'>omnia</span> <span class='ocrx_word' id='word_1_28' title='bbox 686 464 907 516; x_wconf 87' lang='lat' dir='ltr'>confiteri,</span> <span class='ocrx_word' id='word_1_29' title='bbox 934 472 978 508; x_wconf 92' lang='lat' dir='ltr'>et</span> <span class='ocrx_word' id='word_1_30' title='bbox 1001 465 1204 520; x_wconf 82' lang='lat' dir='ltr'>regulam</span> <span class='ocrx_word' id='word_1_31' title='bbox 1239 472 1437 506; x_wconf 87' lang='lat' dir='ltr'>nostram</span> <span class='ocrx_word' id='word_1_32' title='bbox 1468 467 1524 508; x_wconf 90' lang='lat' dir='ltr'>de</span> <span class='ocrx_word' id='word_1_33' title='bbox 1548 481 1673 520; x_wconf 84' lang='lat' dir='ltr'>aper-</span> 
     </span>
     <span class='ocr_line' id='line_1_5' title="bbox 53 541 1672 595; baseline -0.002 -9"><span class='ocrx_word' id='word_1_34' title='bbox 53 544 174 587; x_wconf 83' lang='lat' dir='ltr'>tione</span> <span class='ocrx_word' id='word_1_35' title='bbox 196 542 502 585; x_wconf 85' lang='lat' dir='ltr'>conscientiae</span> <span class='ocrx_word' id='word_1_36' title='bbox 526 543 784 594; x_wconf 81' lang='lat' dir='ltr'>obseruare3</span> <span class='ocrx_word' id='word_1_37' title='bbox 812 541 848 584; x_wconf 91' lang='lat' dir='ltr'>si</span> <span class='ocrx_word' id='word_1_38' title='bbox 872 542 943 583; x_wconf 90' lang='lat' dir='ltr'>vel</span> <span class='ocrx_word' id='word_1_39' title='bbox 966 555 1057 583; x_wconf 89' lang='lat' dir='ltr'>non</span> <span class='ocrx_word' id='word_1_40' title='bbox 1079 541 1377 595; x_wconf 88' lang='lat' dir='ltr'>responderit,</span> <span class='ocrx_word' id='word_1_41' title='bbox 1397 542 1469 583; x_wconf 88' lang='lat' dir='ltr'>vel</span> <span class='ocrx_word' id='word_1_42' title='bbox 1492 541 1672 583; x_wconf 83' lang='lat' dir='ltr'>dubita—</span> 
     </span>
     <span class='ocr_line' id='line_1_6' title="bbox 55 616 1677 674; baseline -0.002 -12"><span class='ocrx_word' id='word_1_43' title='bbox 55 619 185 671; x_wconf 89' lang='lat' dir='ltr'>uerit,</span> <span class='ocrx_word' id='word_1_44' title='bbox 211 621 283 661; x_wconf 84' lang='lat' dir='ltr'>vel</span> <span class='ocrx_word' id='word_1_45' title='bbox 305 620 436 674; x_wconf 90' lang='lat' dir='ltr'>plane</span> <span class='ocrx_word' id='word_1_46' title='bbox 458 618 621 662; x_wconf 82' lang='lat' dir='ltr'>dixerit</span> <span class='ocrx_word' id='word_1_47' title='bbox 643 632 690 661; x_wconf 91' lang='lat' dir='ltr'>se</span> <span class='ocrx_word' id='word_1_48' title='bbox 708 618 843 669; x_wconf 92' lang='lat' dir='ltr'>nolle,</span> <span class='ocrx_word' id='word_1_49' title='bbox 864 617 982 659; x_wconf 90' lang='lat' dir='ltr'>illius</span> <span class='ocrx_word' id='word_1_50' title='bbox 1001 631 1084 660; x_wconf 89' lang='lat' dir='ltr'>nec</span> <span class='ocrx_word' id='word_1_51' title='bbox 1101 616 1328 660; x_wconf 87' lang='lat' dir='ltr'>confessio</span> <span class='ocrx_word' id='word_1_52' title='bbox 1347 617 1573 667; x_wconf 87' lang='lat' dir='ltr'>audietur,</span> <span class='ocrx_word' id='word_1_53' title='bbox 1595 632 1677 659; x_wconf 74' lang='lat' dir='ltr'>nec</span> 
     </span>
     <span class='ocr_line' id='line_1_7' title="bbox 52 693 1675 750; baseline -0.003 -11"><span class='ocrx_word' id='word_1_54' title='bbox 52 696 165 739; x_wconf 89' lang='lat' dir='ltr'>ratio</span> <span class='ocrx_word' id='word_1_55' title='bbox 188 695 491 739; x_wconf 91' lang='lat' dir='ltr'>conscientiae</span> <span class='ocrx_word' id='word_1_56' title='bbox 514 694 775 750; x_wconf 81' lang='lat' dir='ltr'>accipietur3</span> <span class='ocrx_word' id='word_1_57' title='bbox 802 709 892 737; x_wconf 87' lang='lat' dir='ltr'>non</span> <span class='ocrx_word' id='word_1_58' title='bbox 916 701 1153 749; x_wconf 86' lang='lat' dir='ltr'>propterea</span> <span class='ocrx_word' id='word_1_59' title='bbox 1176 694 1300 748; x_wconf 91' lang='lat' dir='ltr'>quod</span> <span class='ocrx_word' id='word_1_60' title='bbox 1323 694 1528 737; x_wconf 72' lang='lat' dir='ltr'>Societas</span> <span class='ocrx_word' id='word_1_61' title='bbox 1551 693 1675 735; x_wconf 90' lang='lat' dir='ltr'>illum</span> 
     </span>
     <span class='ocr_line' id='line_1_8' title="bbox 52 770 1679 828; baseline -0.001 -14"><span class='ocrx_word' id='word_1_62' title='bbox 52 772 223 828; x_wconf 84' lang='lat' dir='ltr'>obliget</span> <span class='ocrx_word' id='word_1_63' title='bbox 251 773 306 814; x_wconf 91' lang='lat' dir='ltr'>ad</span> <span class='ocrx_word' id='word_1_64' title='bbox 334 779 569 827; x_wconf 88' lang='lat' dir='ltr'>peccatum</span> <span class='ocrx_word' id='word_1_65' title='bbox 610 772 811 822; x_wconf 83' lang='lat' dir='ltr'>mortale,</span> <span class='ocrx_word' id='word_1_66' title='bbox 851 770 937 812; x_wconf 90' lang='lat' dir='ltr'>nisi</span> <span class='ocrx_word' id='word_1_67' title='bbox 974 771 1157 825; x_wconf 68' lang='lat' dir='ltr'>regulas</span> <span class='ocrx_word' id='word_1_68' title='bbox 1195 770 1291 812; x_wconf 89' lang='lat' dir='ltr'>illas</span> <span class='ocrx_word' id='word_1_69' title='bbox 1330 771 1558 820; x_wconf 89' lang='lat' dir='ltr'>obseruet,</span> <span class='ocrx_word' id='word_1_70' title='bbox 1601 771 1679 812; x_wconf 85' lang='lat' dir='ltr'>sed</span> 
     </span>
     <span class='ocr_line' id='line_1_9' title="bbox 53 847 1679 904; baseline -0.002 -13"><span class='ocrx_word' id='word_1_71' title='bbox 53 849 155 904; x_wconf 87' lang='lat' dir='ltr'>quia</span> <span class='ocrx_word' id='word_1_72' title='bbox 195 848 455 904; x_wconf 87' lang='lat' dir='ltr'>simpliciter</span> <span class='ocrx_word' id='word_1_73' title='bbox 489 847 599 890; x_wconf 92' lang='lat' dir='ltr'>nolit</span> <span class='ocrx_word' id='word_1_74' title='bbox 637 847 893 889; x_wconf 85' lang='lat' dir='ltr'>institutum</span> <span class='ocrx_word' id='word_1_75' title='bbox 937 847 1178 891; x_wconf 87' lang='lat' dir='ltr'>Societatis</span> <span class='ocrx_word' id='word_1_76' title='bbox 1223 848 1481 890; x_wconf 87' lang='lat' dir='ltr'>obseruare.</span> <span class='ocrx_word' id='word_1_77' title='bbox 1524 848 1679 900; x_wconf 76' lang='lat' dir='ltr'>Quare</span> 
     </span>
     <span class='ocr_line' id='line_1_10' title="bbox 56 923 1679 979; baseline -0.002 -12"><span class='ocrx_word' id='word_1_78' title='bbox 56 926 321 968; x_wconf 88' lang='lat' dir='ltr'>tractandus</span> <span class='ocrx_word' id='word_1_79' title='bbox 343 939 433 967; x_wconf 90' lang='lat' dir='ltr'>non</span> <span class='ocrx_word' id='word_1_80' title='bbox 462 932 546 976; x_wconf 87' lang='lat' dir='ltr'>est,</span> <span class='ocrx_word' id='word_1_81' title='bbox 580 932 627 966; x_wconf 82' lang='lat' dir='ltr'>vt</span> <span class='ocrx_word' id='word_1_82' title='bbox 655 924 733 979; x_wconf 89' lang='lat' dir='ltr'>qui</span> <span class='ocrx_word' id='word_1_83' title='bbox 761 924 818 966; x_wconf 91' lang='lat' dir='ltr'>sit</span> <span class='ocrx_word' id='word_1_84' title='bbox 846 925 902 967; x_wconf 93' lang='lat' dir='ltr'>de</span> <span class='ocrx_word' id='word_1_85' title='bbox 931 925 1174 975; x_wconf 85' lang='lat' dir='ltr'>Societate,</span> <span class='ocrx_word' id='word_1_86' title='bbox 1205 924 1587 978; x_wconf 80' lang='lat' dir='ltr'>quemadmodum</span> <span class='ocrx_word' id='word_1_87' title='bbox 1623 923 1679 974; x_wconf 84' lang='lat' dir='ltr'>ei,</span> 
     </span>
     <span class='ocr_line' id='line_1_11' title="bbox 55 1000 1678 1057; baseline -0.003 -12"><span class='ocrx_word' id='word_1_88' title='bbox 55 1002 133 1057; x_wconf 91' lang='lat' dir='ltr'>qui</span> <span class='ocrx_word' id='word_1_89' title='bbox 157 1002 270 1044; x_wconf 90' lang='lat' dir='ltr'>nolit</span> <span class='ocrx_word' id='word_1_90' title='bbox 300 1002 481 1046; x_wconf 89' lang='lat' dir='ltr'>obedire</span> <span class='ocrx_word' id='word_1_91' title='bbox 509 1001 744 1057; x_wconf 86' lang='lat' dir='ltr'>superiori,</span> <span class='ocrx_word' id='word_1_92' title='bbox 777 1000 1061 1044; x_wconf 82' lang='lat' dir='ltr'>interdicitur</span> <span class='ocrx_word' id='word_1_93' title='bbox 1090 1000 1235 1043; x_wconf 88' lang='lat' dir='ltr'>cibus:</span> <span class='ocrx_word' id='word_1_94' title='bbox 1269 1001 1396 1054; x_wconf 88' lang='lat' dir='ltr'>quod·</span> <span class='ocrx_word' id='word_1_95' title='bbox 1427 1000 1466 1042; x_wconf 90' lang='lat' dir='ltr'>si</span> <span class='ocrx_word' id='word_1_96' title='bbox 1499 1000 1678 1050; x_wconf 80' lang='lat' dir='ltr'>dixerit,</span> 
     </span>
     <span class='ocr_line' id='line_1_12' title="bbox 55 1076 1683 1134; baseline -0.003 -12"><span class='ocrx_word' id='word_1_97' title='bbox 55 1094 104 1122; x_wconf 89' lang='lat' dir='ltr'>se</span> <span class='ocrx_word' id='word_1_98' title='bbox 127 1080 242 1121; x_wconf 91' lang='lat' dir='ltr'>velle</span> <span class='ocrx_word' id='word_1_99' title='bbox 266 1079 447 1134; x_wconf 84' lang='lat' dir='ltr'>regulas</span> <span class='ocrx_word' id='word_1_100' title='bbox 470 1080 728 1129; x_wconf 90' lang='lat' dir='ltr'>obseruare,</span> <span class='ocrx_word' id='word_1_101' title='bbox 751 1085 861 1120; x_wconf 92' lang='lat' dir='ltr'>tunc</span> <span class='ocrx_word' id='word_1_102' title='bbox 879 1077 940 1119; x_wconf 91' lang='lat' dir='ltr'>illi</span> <span class='ocrx_word' id='word_1_103' title='bbox 959 1077 1290 1133; x_wconf 83' lang='lat' dir='ltr'>significabitur</span> <span class='ocrx_word' id='word_1_104' title='bbox 1308 1077 1429 1131; x_wconf 90' lang='lat' dir='ltr'>quod</span> <span class='ocrx_word' id='word_1_105' title='bbox 1447 1077 1504 1118; x_wconf 89' lang='lat' dir='ltr'>sit</span> <span class='ocrx_word' id='word_1_106' title='bbox 1522 1076 1683 1118; x_wconf 87' lang='lat' dir='ltr'>obstri-</span> 
     </span>
     <span class='ocr_line' id='line_1_13' title="bbox 57 1153 1683 1211; baseline -0.002 -13"><span class='ocrx_word' id='word_1_107' title='bbox 57 1164 157 1198; x_wconf 90' lang='lat' dir='ltr'>ctus</span> <span class='ocrx_word' id='word_1_108' title='bbox 180 1156 265 1198; x_wconf 90' lang='lat' dir='ltr'>sub</span> <span class='ocrx_word' id='word_1_109' title='bbox 288 1170 432 1211; x_wconf 87' lang='lat' dir='ltr'>poena</span> <span class='ocrx_word' id='word_1_110' title='bbox 455 1154 627 1210; x_wconf 81' lang='lat' dir='ltr'>peccati</span> <span class='ocrx_word' id='word_1_111' title='bbox 651 1154 851 1197; x_wconf 90' lang='lat' dir='ltr'>mortalis</span> <span class='ocrx_word' id='word_1_112' title='bbox 874 1162 921 1195; x_wconf 88' lang='lat' dir='ltr'>vt</span> <span class='ocrx_word' id='word_1_113' title='bbox 946 1169 1101 1197; x_wconf 81' lang='lat' dir='ltr'>verum</span> <span class='ocrx_word' id='word_1_114' title='bbox 1126 1154 1262 1206; x_wconf 89' lang='lat' dir='ltr'>dicat,</span> <span class='ocrx_word' id='word_1_115' title='bbox 1289 1162 1382 1196; x_wconf 92' lang='lat' dir='ltr'>tum</span> <span class='ocrx_word' id='word_1_116' title='bbox 1407 1160 1590 1208; x_wconf 85' lang='lat' dir='ltr'>propter</span> <span class='ocrx_word' id='word_1_117' title='bbox 1613 1153 1683 1194; x_wconf 72' lang='lat' dir='ltr'>in-</span> 
     </span>
     <span class='ocr_line' id='line_1_14' title="bbox 55 1229 1678 1288; baseline -0.002 -14"><span class='ocrx_word' id='word_1_118' title='bbox 55 1233 185 1288; x_wconf 82' lang='lat' dir='ltr'>signe</span> <span class='ocrx_word' id='word_1_119' title='bbox 214 1231 551 1282; x_wconf 77' lang='lat' dir='ltr'>detrimentum,</span> <span class='ocrx_word' id='word_1_120' title='bbox 584 1232 705 1285; x_wconf 91' lang='lat' dir='ltr'>quod</span> <span class='ocrx_word' id='word_1_121' title='bbox 734 1231 970 1274; x_wconf 91' lang='lat' dir='ltr'>obueniret</span> <span class='ocrx_word' id='word_1_122' title='bbox 993 1230 1225 1282; x_wconf 86' lang='lat' dir='ltr'>Societati,</span> <span class='ocrx_word' id='word_1_123' title='bbox 1261 1229 1298 1272; x_wconf 91' lang='lat' dir='ltr'>si</span> <span class='ocrx_word' id='word_1_124' title='bbox 1332 1230 1460 1272; x_wconf 90' lang='lat' dir='ltr'>aliter</span> <span class='ocrx_word' id='word_1_125' title='bbox 1493 1230 1678 1282; x_wconf 84' lang='lat' dir='ltr'>faceret,</span> 
     </span>
     <span class='ocr_line' id='line_1_15' title="bbox 58 1305 1676 1362; baseline -0.003 -11"><span class='ocrx_word' id='word_1_126' title='bbox 58 1316 150 1351; x_wconf 89' lang='lat' dir='ltr'>tum</span> <span class='ocrx_word' id='word_1_127' title='bbox 175 1308 280 1362; x_wconf 88' lang='lat' dir='ltr'>quia</span> <span class='ocrx_word' id='word_1_128' title='bbox 301 1322 390 1350; x_wconf 90' lang='lat' dir='ltr'>non</span> <span class='ocrx_word' id='word_1_129' title='bbox 415 1315 616 1350; x_wconf 88' lang='lat' dir='ltr'>seruaret</span> <span class='ocrx_word' id='word_1_130' title='bbox 638 1308 772 1349; x_wconf 89' lang='lat' dir='ltr'>fidem</span> <span class='ocrx_word' id='word_1_131' title='bbox 802 1307 847 1348; x_wconf 95' lang='lat' dir='ltr'>in</span> <span class='ocrx_word' id='word_1_132' title='bbox 878 1322 923 1350; x_wconf 92' lang='lat' dir='ltr'>re</span> <span class='ocrx_word' id='word_1_133' title='bbox 952 1307 1235 1362; x_wconf 78' lang='lat' dir='ltr'>grauissima,</span> <span class='ocrx_word' id='word_1_134' title='bbox 1270 1314 1314 1349; x_wconf 93' lang='lat' dir='ltr'>et</span> <span class='ocrx_word' id='word_1_135' title='bbox 1343 1306 1606 1361; x_wconf 87' lang='lat' dir='ltr'>praesertim</span> <span class='ocrx_word' id='word_1_136' title='bbox 1631 1305 1676 1346; x_wconf 89' lang='lat' dir='ltr'>in</span> 
     </span>
     <span class='ocr_line' id='line_1_16' title="bbox 57 1385 355 1428; baseline -0.003 -1"><span class='ocrx_word' id='word_1_137' title='bbox 57 1385 355 1428; x_wconf 77' lang='lat' dir='ltr'>confessione.</span> 
     </span>
     <span class='ocr_line' id='line_1_17' title="bbox 146 1460 1684 1516; baseline -0.001 -13"><span class='ocrx_word' id='word_1_138' title='bbox 146 1467 231 1508; x_wconf 83' lang='grc'>435</span> <span class='ocrx_word' id='word_1_139' title='bbox 256 1461 442 1503; x_wconf 79' lang='lat' dir='ltr'>Etiamsi</span> <span class='ocrx_word' id='word_1_140' title='bbox 466 1461 669 1505; x_wconf 77' lang='lat' dir='ltr'>Societas</span> <span class='ocrx_word' id='word_1_141' title='bbox 692 1460 915 1503; x_wconf 89' lang='lat' dir='ltr'>neminem</span> <span class='ocrx_word' id='word_1_142' title='bbox 939 1460 1110 1516; x_wconf 78' lang='lat' dir='ltr'>obliget</span> <span class='ocrx_word' id='word_1_143' title='bbox 1140 1461 1195 1502; x_wconf 90' lang='lat' dir='ltr'>ad</span> <span class='ocrx_word' id='word_1_144' title='bbox 1227 1468 1460 1514; x_wconf 85' lang='lat' dir='ltr'>peccatum</span> <span class='ocrx_word' id='word_1_145' title='bbox 1495 1460 1684 1502; x_wconf 85' lang='lat' dir='ltr'>mortale</span> 
     </span>
     <span class='ocr_line' id='line_1_18' title="bbox 59 1537 1686 1593; baseline -0.001 -12"><span class='ocrx_word' id='word_1_146' title='bbox 59 1540 116 1581; x_wconf 89' lang='lat' dir='ltr'>ob</span> <span class='ocrx_word' id='word_1_147' title='bbox 136 1538 457 1581; x_wconf 89' lang='lat' dir='ltr'>inseruantiam</span> <span class='ocrx_word' id='word_1_148' title='bbox 484 1539 760 1593; x_wconf 71' lang='lat' dir='ltr'>regularum,</span> <span class='ocrx_word' id='word_1_149' title='bbox 787 1545 936 1580; x_wconf 89' lang='lat' dir='ltr'>tamen</span> <span class='ocrx_word' id='word_1_150' title='bbox 962 1538 1053 1579; x_wconf 87' lang='lat' dir='ltr'>fere</span> <span class='ocrx_word' id='word_1_151' title='bbox 1076 1538 1228 1578; x_wconf 89' lang='lat' dir='ltr'>nullus</span> <span class='ocrx_word' id='word_1_152' title='bbox 1251 1547 1335 1588; x_wconf 88' lang='lat' dir='ltr'>est,</span> <span class='ocrx_word' id='word_1_153' title='bbox 1363 1537 1438 1591; x_wconf 88' lang='lat' dir='ltr'>qui</span> <span class='ocrx_word' id='word_1_154' title='bbox 1457 1551 1546 1578; x_wconf 90' lang='lat' dir='ltr'>non</span> <span class='ocrx_word' id='word_1_155' title='bbox 1566 1552 1620 1579; x_wconf 90' lang='lat' dir='ltr'>ex</span> <span class='ocrx_word' id='word_1_156' title='bbox 1639 1551 1686 1579; x_wconf 85' lang='lat' dir='ltr'>Se</span> 
     </span>
     <span class='ocr_line' id='line_1_19' title="bbox 47 1608 1685 1674; baseline -0.002 -17"><span class='ocrx_word' id='word_1_157' title='bbox 47 1616 253 1674; x_wconf 23' lang='lat' dir='ltr'>*adducat</span> <span class='ocrx_word' id='word_1_158' title='bbox 282 1614 466 1669; x_wconf 89' lang='lat' dir='ltr'>aliquid,</span> <span class='ocrx_word' id='word_1_159' title='bbox 497 1615 616 1656; x_wconf 88' lang='lat' dir='ltr'>vnde</span> <span class='ocrx_word' id='word_1_160' title='bbox 648 1621 803 1669; x_wconf 86' lang='lat' dir='ltr'>peccet</span> <span class='ocrx_word' id='word_1_161' title='bbox 825 1615 984 1657; x_wconf 90' lang='lat' dir='ltr'>saltem</span> <span class='ocrx_word' id='word_1_162' title='bbox 1017 1608 1268 1666; x_wconf 77' lang='lat' dir='ltr'>venialiter,</span> <span class='ocrx_word' id='word_1_163' title='bbox 1304 1613 1340 1654; x_wconf 84' lang='lat' dir='ltr'>si</span> <span class='ocrx_word' id='word_1_164' title='bbox 1374 1614 1557 1668; x_wconf 74' lang='lat' dir='ltr'>regulas</span> <span class='ocrx_word' id='word_1_165' title='bbox 1595 1627 1685 1655; x_wconf 88' lang='lat' dir='ltr'>non</span> 
     </span>
     <span class='ocr_line' id='line_1_20' title="bbox 58 1690 1688 1735; baseline -0.002 0"><span class='ocrx_word' id='word_1_166' title='bbox 58 1694 286 1735; x_wconf 83' lang='lat' dir='ltr'>obseruet.</span> <span class='ocrx_word' id='word_1_167' title='bbox 313 1693 445 1735; x_wconf 89' lang='lat' dir='ltr'>Vnde</span> <span class='ocrx_word' id='word_1_168' title='bbox 468 1699 536 1734; x_wconf 85' lang='lat' dir='ltr'>est</span> <span class='ocrx_word' id='word_1_169' title='bbox 559 1692 633 1734; x_wconf 91' lang='lat' dir='ltr'>illa</span> <span class='ocrx_word' id='word_1_170' title='bbox 661 1692 944 1733; x_wconf 84' lang='lat' dir='ltr'>consuetudo</span> <span class='ocrx_word' id='word_1_171' title='bbox 974 1699 1126 1733; x_wconf 88' lang='lat' dir='ltr'>nostra</span> <span class='ocrx_word' id='word_1_172' title='bbox 1155 1698 1211 1732; x_wconf 82' lang='lat' dir='ltr'>vt·</span> <span class='ocrx_word' id='word_1_173' title='bbox 1232 1691 1528 1733; x_wconf 82' lang='lat' dir='ltr'>confiteamur</span> <span class='ocrx_word' id='word_1_174' title='bbox 1557 1690 1688 1732; x_wconf 89' lang='lat' dir='ltr'>inob-</span> 
     </span>
     <span class='ocr_line' id='line_1_21' title="bbox 1 1767 1688 1831; baseline -0.004 -17"><span class='ocrx_word' id='word_1_175' title='bbox 1 1807 33 1831; x_wconf 27' lang='grc' dir='ltr'>,β</span> <span class='ocrx_word' id='word_1_176' title='bbox 61 1769 335 1813; x_wconf 88' lang='lat' dir='ltr'>seruantiam</span> <span class='ocrx_word' id='word_1_177' title='bbox 363 1770 639 1824; x_wconf 80' lang='lat' dir='ltr'>regularum,</span> <span class='ocrx_word' id='word_1_178' title='bbox 666 1769 790 1823; x_wconf 89' lang='lat' dir='ltr'>quod</span> <span class='ocrx_word' id='word_1_179' title='bbox 812 1782 903 1810; x_wconf 90' lang='lat' dir='ltr'>non</span> <span class='ocrx_word' id='word_1_180' title='bbox 926 1782 1176 1823; x_wconf 82' lang='lat' dir='ltr'>possemus,</span> <span class='ocrx_word' id='word_1_181' title='bbox 1198 1767 1234 1810; x_wconf 91' lang='lat' dir='ltr'>si</span> <span class='ocrx_word' id='word_1_182' title='bbox 1252 1781 1336 1810; x_wconf 90' lang='lat' dir='ltr'>nec</span> <span class='ocrx_word' id='word_1_183' title='bbox 1366 1783 1420 1810; x_wconf 91' lang='lat' dir='ltr'>ex</span> <span class='ocrx_word' id='word_1_184' title='bbox 1438 1767 1584 1818; x_wconf 84' lang='lat' dir='ltr'>nobis,</span> <span class='ocrx_word' id='word_1_185' title='bbox 1606 1781 1688 1809; x_wconf 91' lang='lat' dir='ltr'>nec</span> 
     </span>
     <span class='ocr_line' id='line_1_22' title="bbox 62 1844 1691 1901; baseline -0.003 -12"><span class='ocrx_word' id='word_1_186' title='bbox 62 1861 117 1889; x_wconf 87' lang='lat' dir='ltr'>ex</span> <span class='ocrx_word' id='word_1_187' title='bbox 141 1845 418 1901; x_wconf 82' lang='lat' dir='ltr'>obligatione</span> <span class='ocrx_word' id='word_1_188' title='bbox 438 1846 713 1901; x_wconf 81' lang='lat' dir='ltr'>regularum,</span> <span class='ocrx_word' id='word_1_189' title='bbox 734 1852 971 1900; x_wconf 88' lang='lat' dir='ltr'>peccatum</span> <span class='ocrx_word' id='word_1_190' title='bbox 990 1844 1361 1886; x_wconf 83' lang='lat' dir='ltr'>committeretur.</span> <span class='ocrx_word' id='word_1_191' title='bbox 1385 1845 1691 1886; x_wconf 85' lang='lat' dir='ltr'>Confirmatur</span> 
     </span>
     <span class='ocr_line' id='line_1_23' title="bbox 62 1920 1690 1977; baseline -0.002 -13"><span class='ocrx_word' id='word_1_192' title='bbox 62 1924 150 1965; x_wconf 92' lang='lat' dir='ltr'>hoc</span> <span class='ocrx_word' id='word_1_193' title='bbox 173 1936 227 1965; x_wconf 87' lang='lat' dir='ltr'>ex</span> <span class='ocrx_word' id='word_1_194' title='bbox 250 1924 312 1965; x_wconf 93' lang='lat' dir='ltr'>D.</span> <span class='ocrx_word' id='word_1_195' title='bbox 346 1923 538 1973; x_wconf 88' lang='lat' dir='ltr'>Thoma,</span> <span class='ocrx_word' id='word_1_196' title='bbox 565 1930 629 1964; x_wconf 66' lang='grc' dir='ltr'>2.ἃ</span> <span class='ocrx_word' id='word_1_197' title='bbox 653 1929 752 1973; x_wconf 61' lang='lat'>2:³²,</span> <span class='ocrx_word' id='word_1_198' title='bbox 784 1929 956 1976; x_wconf 90' lang='lat' dir='ltr'>quaest.</span> <span class='ocrx_word' id='word_1_199' title='bbox 992 1922 1088 1974; x_wconf 79' lang='lat'>156,</span> <span class='ocrx_word' id='word_1_200' title='bbox 1122 1928 1208 1962; x_wconf 91' lang='lat' dir='ltr'>art.</span> <span class='ocrx_word' id='word_1_201' title='bbox 1235 1936 1278 1977; x_wconf 77' lang='lat'>9,</span> <span class='ocrx_word' id='word_1_202' title='bbox 1305 1922 1360 1963; x_wconf 94' lang='lat' dir='ltr'>ad</span> <span class='ocrx_word' id='word_1_203' title='bbox 1389 1920 1598 1975; x_wconf 89' lang='lat' dir='ltr'>primum.</span> <span class='ocrx_word' id='word_1_204' title='bbox 1635 1921 1690 1961; x_wconf 86' lang='lat' dir='ltr'>Et</span> 
     </span>
     <span class='ocr_line' id='line_1_24' title="bbox 62 1996 1692 2054; baseline -0.002 -13"><span class='ocrx_word' id='word_1_205' title='bbox 62 1998 427 2053; x_wconf 87' lang='lat' dir='ltr'>quandoquidem</span> <span class='ocrx_word' id='word_1_206' title='bbox 451 1999 716 2054; x_wconf 77' lang='lat' dir='ltr'>contingere</span> <span class='ocrx_word' id='word_1_207' title='bbox 734 2005 897 2053; x_wconf 89' lang='lat' dir='ltr'>potest,</span> <span class='ocrx_word' id='word_1_208' title='bbox 921 2006 966 2039; x_wconf 86' lang='lat' dir='ltr'>vt</span> <span class='ocrx_word' id='word_1_209' title='bbox 985 1996 1156 2039; x_wconf 85' lang='lat' dir='ltr'>nullum</span> <span class='ocrx_word' id='word_1_210' title='bbox 1178 1998 1234 2039; x_wconf 91' lang='lat' dir='ltr'>sit</span> <span class='ocrx_word' id='word_1_211' title='bbox 1251 2004 1506 2052; x_wconf 90' lang='lat' dir='ltr'>peccatum,</span> <span class='ocrx_word' id='word_1_212' title='bbox 1532 1997 1569 2038; x_wconf 91' lang='lat' dir='ltr'>si</span> <span class='ocrx_word' id='word_1_213' title='bbox 1592 1996 1692 2052; x_wconf 90' lang='lat' dir='ltr'>quis</span> 
     </span>
     <span class='ocr_line' id='line_1_25' title="bbox 65 2072 1690 2131; baseline -0.002 -14"><span class='ocrx_word' id='word_1_214' title='bbox 65 2075 258 2131; x_wconf 89' lang='lat' dir='ltr'>aliquam</span> <span class='ocrx_word' id='word_1_215' title='bbox 284 2076 486 2131; x_wconf 81' lang='lat' dir='ltr'>regulam</span> <span class='ocrx_word' id='word_1_216' title='bbox 511 2090 602 2117; x_wconf 88' lang='lat' dir='ltr'>non</span> <span class='ocrx_word' id='word_1_217' title='bbox 621 2076 849 2127; x_wconf 87' lang='lat' dir='ltr'>obseruet,</span> <span class='ocrx_word' id='word_1_218' title='bbox 872 2090 924 2118; x_wconf 91' lang='lat' dir='ltr'>ea</span> <span class='ocrx_word' id='word_1_219' title='bbox 941 2075 997 2118; x_wconf 91' lang='lat' dir='ltr'>de</span> <span class='ocrx_word' id='word_1_220' title='bbox 1015 2089 1062 2118; x_wconf 90' lang='lat' dir='ltr'>re</span> <span class='ocrx_word' id='word_1_221' title='bbox 1080 2074 1295 2116; x_wconf 90' lang='lat' dir='ltr'>iudicium</span> <span class='ocrx_word' id='word_1_222' title='bbox 1320 2074 1404 2116; x_wconf 88' lang='lat' dir='ltr'>erit</span> <span class='ocrx_word' id='word_1_223' title='bbox 1427 2072 1690 2115; x_wconf 83' lang='lat' dir='ltr'>confessarii</span> 
     </span>
    </p>
   </div>
   <div class='ocr_carea' id='block_1_3' title="bbox 1 2152 510 2195">
    <p class='ocr_par' dir='ltr' id='par_1_3' title="bbox 1 2152 510 2195">
     <span class='ocr_line' id='line_1_26' title="bbox 1 2152 510 2195; baseline -0.004 0"><span class='ocrx_word' id='word_1_224' title='bbox 1 2161 4 2165; x_wconf 87' lang='lat'>&#39;</span> <span class='ocrx_word' id='word_1_225' title='bbox 65 2168 120 2195; x_wconf 90' lang='lat' dir='ltr'>ex</span> <span class='ocrx_word' id='word_1_226' title='bbox 143 2152 239 2195; x_wconf 86' lang='lat' dir='ltr'>iure</span> <span class='ocrx_word' id='word_1_227' title='bbox 262 2152 510 2194; x_wconf 89' lang='lat' dir='ltr'>communi.</span> 
     </span>
    </p>
   </div>
   <div class='ocr_carea' id='block_1_4' title="bbox 6 2227 1697 3046">
    <p class='ocr_par' dir='ltr' id='par_1_4' title="bbox 6 2227 1694 2894">
     <span class='ocr_line' id='line_1_27' title="bbox 154 2227 1686 2283; baseline -0.003 -13"><span class='ocrx_word' id='word_1_228' title='bbox 154 2228 348 2283; x_wconf 74' lang='lat' dir='ltr'>Quoties</span> <span class='ocrx_word' id='word_1_229' title='bbox 369 2228 521 2271; x_wconf 89' lang='lat' dir='ltr'>veniet</span> <span class='ocrx_word' id='word_1_230' title='bbox 544 2242 660 2270; x_wconf 82' lang='lat' dir='ltr'>vnus</span> <span class='ocrx_word' id='word_1_231' title='bbox 684 2229 977 2271; x_wconf 85' lang='lat' dir='ltr'>confessurus</span> <span class='ocrx_word' id='word_1_232' title='bbox 1000 2228 1056 2279; x_wconf 88' lang='lat' dir='ltr'>ei,</span> <span class='ocrx_word' id='word_1_233' title='bbox 1089 2227 1161 2269; x_wconf 90' lang='lat' dir='ltr'>cui</span> <span class='ocrx_word' id='word_1_234' title='bbox 1194 2242 1285 2269; x_wconf 89' lang='lat' dir='ltr'>non</span> <span class='ocrx_word' id='word_1_235' title='bbox 1318 2228 1446 2278; x_wconf 83' lang='lat' dir='ltr'>solet,</span> <span class='ocrx_word' id='word_1_236' title='bbox 1480 2240 1686 2280; x_wconf 88' lang='lat' dir='ltr'>quacun-</span> 
     </span>
     <span class='ocr_line' id='line_1_28' title="bbox 68 2302 1690 2360; baseline -0.002 -13"><span class='ocrx_word' id='word_1_237' title='bbox 68 2319 156 2359; x_wconf 85' lang='lat' dir='ltr'>que</span> <span class='ocrx_word' id='word_1_238' title='bbox 178 2319 233 2347; x_wconf 89' lang='lat' dir='ltr'>ex</span> <span class='ocrx_word' id='word_1_239' title='bbox 257 2319 393 2347; x_wconf 91' lang='lat' dir='ltr'>causa</span> <span class='ocrx_word' id='word_1_240' title='bbox 415 2305 459 2346; x_wconf 91' lang='lat' dir='ltr'>id</span> <span class='ocrx_word' id='word_1_241' title='bbox 482 2304 678 2355; x_wconf 89' lang='lat' dir='ltr'>eueniat,</span> <span class='ocrx_word' id='word_1_242' title='bbox 704 2304 1061 2360; x_wconf 79' lang='lat' dir='ltr'>interrogabitur</span> <span class='ocrx_word' id='word_1_243' title='bbox 1084 2319 1139 2346; x_wconf 93' lang='lat' dir='ltr'>an</span> <span class='ocrx_word' id='word_1_244' title='bbox 1172 2304 1280 2345; x_wconf 88' lang='lat' dir='ltr'>velit</span> <span class='ocrx_word' id='word_1_245' title='bbox 1309 2317 1490 2345; x_wconf 90' lang='lat' dir='ltr'>causam</span> <span class='ocrx_word' id='word_1_246' title='bbox 1522 2302 1690 2353; x_wconf 86' lang='lat' dir='ltr'>dicere,</span> 
     </span>
     <span class='ocr_line' id='line_1_29' title="bbox 67 2372 1690 2436; baseline -0.002 -14"><span class='ocrx_word' id='word_1_247' title='bbox 67 2388 249 2436; x_wconf 86' lang='lat' dir='ltr'>propter</span> <span class='ocrx_word' id='word_1_248' title='bbox 271 2395 404 2436; x_wconf 89' lang='lat' dir='ltr'>quam</span> <span class='ocrx_word' id='word_1_249' title='bbox 434 2395 517 2423; x_wconf 91' lang='lat' dir='ltr'>suo</span> <span class='ocrx_word' id='word_1_250' title='bbox 549 2381 824 2423; x_wconf 85' lang='lat' dir='ltr'>confessario</span> <span class='ocrx_word' id='word_1_251' title='bbox 852 2372 1078 2422; x_wconf 79' lang='lat' dir='ltr'>ordinario</span> <span class='ocrx_word' id='word_1_252' title='bbox 1115 2395 1206 2422; x_wconf 92' lang='lat' dir='ltr'>non</span> <span class='ocrx_word' id='word_1_253' title='bbox 1239 2380 1498 2429; x_wconf 88' lang='lat' dir='ltr'>confitetur,</span> <span class='ocrx_word' id='word_1_254' title='bbox 1524 2386 1569 2420; x_wconf 90' lang='lat' dir='ltr'>et</span> <span class='ocrx_word' id='word_1_255' title='bbox 1607 2377 1690 2419; x_wconf 90' lang='lat' dir='ltr'>sibi</span> 
     </span>
     <span class='ocr_line' id='line_1_30' title="bbox 67 2454 1689 2513; baseline -0.002 -14"><span class='ocrx_word' id='word_1_256' title='bbox 67 2458 175 2500; x_wconf 89' lang='lat' dir='ltr'>velit</span> <span class='ocrx_word' id='word_1_257' title='bbox 198 2458 421 2500; x_wconf 87' lang='lat' dir='ltr'>confiteri.</span> <span class='ocrx_word' id='word_1_258' title='bbox 448 2457 496 2501; x_wconf 85' lang='lat' dir='ltr'>Si</span> <span class='ocrx_word' id='word_1_259' title='bbox 520 2472 609 2507; x_wconf 84' lang='lat' dir='ltr'>non</span> <span class='ocrx_word' id='word_1_260' title='bbox 641 2457 937 2513; x_wconf 88' lang='lat' dir='ltr'>responderit,</span> <span class='ocrx_word' id='word_1_261' title='bbox 969 2458 1041 2500; x_wconf 88' lang='lat' dir='ltr'>vel</span> <span class='ocrx_word' id='word_1_262' title='bbox 1069 2456 1362 2506; x_wconf 89' lang='lat' dir='ltr'>dubitauerit,</span> <span class='ocrx_word' id='word_1_263' title='bbox 1394 2456 1462 2498; x_wconf 88' lang='lat' dir='ltr'>vel</span> <span class='ocrx_word' id='word_1_264' title='bbox 1495 2454 1689 2497; x_wconf 90' lang='lat' dir='ltr'>noluerit</span> 
     </span>
     <span class='ocr_line' id='line_1_31' title="bbox 67 2532 1689 2585; baseline -0.003 -10"><span class='ocrx_word' id='word_1_265' title='bbox 67 2534 232 2585; x_wconf 88' lang='lat' dir='ltr'>dicere,</span> <span class='ocrx_word' id='word_1_266' title='bbox 264 2533 382 2576; x_wconf 90' lang='lat' dir='ltr'>illius</span> <span class='ocrx_word' id='word_1_267' title='bbox 420 2534 751 2577; x_wconf 88' lang='lat' dir='ltr'>confessionem</span> <span class='ocrx_word' id='word_1_268' title='bbox 790 2548 879 2576; x_wconf 94' lang='lat' dir='ltr'>non</span> <span class='ocrx_word' id='word_1_269' title='bbox 917 2533 1085 2577; x_wconf 89' lang='lat' dir='ltr'>audiet:</span> <span class='ocrx_word' id='word_1_270' title='bbox 1123 2534 1190 2575; x_wconf 89' lang='lat' dir='ltr'>sin</span> <span class='ocrx_word' id='word_1_271' title='bbox 1227 2532 1389 2574; x_wconf 83' lang='lat' dir='ltr'>dixerit</span> <span class='ocrx_word' id='word_1_272' title='bbox 1422 2545 1602 2573; x_wconf 90' lang='lat' dir='ltr'>causam</span> <span class='ocrx_word' id='word_1_273' title='bbox 1642 2544 1689 2571; x_wconf 91' lang='lat' dir='ltr'>se</span> 
     </span>
     <span class='ocr_line' id='line_1_32' title="bbox 6 2606 1694 2665; baseline -0.004 -12"><span class='ocrx_word' id='word_1_274' title='bbox 6 2647 10 2653; x_wconf 91' lang='lat'>.</span> <span class='ocrx_word' id='word_1_275' title='bbox 69 2611 183 2652; x_wconf 86' lang='lat' dir='ltr'>velle</span> <span class='ocrx_word' id='word_1_276' title='bbox 204 2615 288 2655; x_wconf 78' lang='lat'>436</span> <span class='ocrx_word' id='word_1_277' title='bbox 319 2617 456 2652; x_wconf 88' lang='lat' dir='ltr'>totam</span> <span class='ocrx_word' id='word_1_278' title='bbox 487 2609 674 2665; x_wconf 89' lang='lat' dir='ltr'>aperire,</span> <span class='ocrx_word' id='word_1_279' title='bbox 706 2609 982 2665; x_wconf 83' lang='lat' dir='ltr'>significabit</span> <span class='ocrx_word' id='word_1_280' title='bbox 1010 2609 1074 2650; x_wconf 89' lang='lat' dir='ltr'>illi</span> <span class='ocrx_word' id='word_1_281' title='bbox 1103 2610 1223 2663; x_wconf 91' lang='lat' dir='ltr'>quod</span> <span class='ocrx_word' id='word_1_282' title='bbox 1252 2608 1309 2649; x_wconf 89' lang='lat' dir='ltr'>sit</span> <span class='ocrx_word' id='word_1_283' title='bbox 1348 2606 1577 2661; x_wconf 79' lang='lat' dir='ltr'>obligatus</span> <span class='ocrx_word' id='word_1_284' title='bbox 1610 2606 1694 2647; x_wconf 89' lang='lat' dir='ltr'>sub</span> 
     </span>
     <span class='ocr_line' id='line_1_33' title="bbox 70 2681 1693 2741; baseline -0.003 -14"><span class='ocrx_word' id='word_1_285' title='bbox 70 2700 214 2740; x_wconf 78' lang='lat' dir='ltr'>poena</span> <span class='ocrx_word' id='word_1_286' title='bbox 237 2686 410 2741; x_wconf 88' lang='lat' dir='ltr'>peccati</span> <span class='ocrx_word' id='word_1_287' title='bbox 432 2686 633 2729; x_wconf 90' lang='lat' dir='ltr'>mortalis</span> <span class='ocrx_word' id='word_1_288' title='bbox 649 2700 806 2728; x_wconf 87' lang='lat' dir='ltr'>verum</span> <span class='ocrx_word' id='word_1_289' title='bbox 824 2686 988 2738; x_wconf 82' lang='lat' dir='ltr'>dicere3</span> <span class='ocrx_word' id='word_1_290' title='bbox 1011 2684 1374 2740; x_wconf 90' lang='lat' dir='ltr'>quandoquidem</span> <span class='ocrx_word' id='word_1_291' title='bbox 1394 2682 1503 2723; x_wconf 86' lang='lat' dir='ltr'>illud</span> <span class='ocrx_word' id='word_1_292' title='bbox 1521 2681 1565 2722; x_wconf 86' lang='lat' dir='ltr'>in</span> <span class='ocrx_word' id='word_1_293' title='bbox 1584 2695 1693 2723; x_wconf 82' lang='lat' dir='ltr'>con-</span> 
     </span>
     <span class='ocr_line' id='line_1_34' title="bbox 73 2762 1693 2818; baseline -0.003 -15"><span class='ocrx_word' id='word_1_294' title='bbox 73 2762 266 2806; x_wconf 88' lang='lat' dir='ltr'>fessione</span> <span class='ocrx_word' id='word_1_295' title='bbox 288 2762 492 2804; x_wconf 90' lang='lat' dir='ltr'>dicturus</span> <span class='ocrx_word' id='word_1_296' title='bbox 515 2770 600 2815; x_wconf 90' lang='lat' dir='ltr'>est,</span> <span class='ocrx_word' id='word_1_297' title='bbox 626 2770 670 2805; x_wconf 93' lang='lat' dir='ltr'>et</span> <span class='ocrx_word' id='word_1_298' title='bbox 693 2777 838 2818; x_wconf 83' lang='lat' dir='ltr'>graue</span> <span class='ocrx_word' id='word_1_299' title='bbox 860 2762 1178 2804; x_wconf 81' lang='lat' dir='ltr'>detrimentum</span> <span class='ocrx_word' id='word_1_300' title='bbox 1203 2766 1482 2814; x_wconf 85' lang='lat' dir='ltr'>sequeretur,</span> <span class='ocrx_word' id='word_1_301' title='bbox 1518 2764 1563 2800; x_wconf 90' lang='lat' dir='ltr'>et</span> <span class='ocrx_word' id='word_1_302' title='bbox 1587 2771 1693 2799; x_wconf 91' lang='lat' dir='ltr'>cen—</span> 
     </span>
     <span class='ocr_line' id='line_1_35' title="bbox 72 2837 1420 2894; baseline -0.004 -14"><span class='ocrx_word' id='word_1_303' title='bbox 72 2845 245 2882; x_wconf 85' lang='lat' dir='ltr'>seretur</span> <span class='ocrx_word' id='word_1_304' title='bbox 267 2853 366 2882; x_wconf 87' lang='lat' dir='ltr'>esse</span> <span class='ocrx_word' id='word_1_305' title='bbox 388 2839 692 2894; x_wconf 86' lang='lat' dir='ltr'>perniciosum</span> <span class='ocrx_word' id='word_1_306' title='bbox 715 2839 1001 2881; x_wconf 89' lang='lat' dir='ltr'>mendacium</span> <span class='ocrx_word' id='word_1_307' title='bbox 1026 2838 1062 2880; x_wconf 89' lang='lat' dir='ltr'>si</span> <span class='ocrx_word' id='word_1_308' title='bbox 1086 2838 1214 2879; x_wconf 83' lang='lat' dir='ltr'>aliter</span> <span class='ocrx_word' id='word_1_309' title='bbox 1237 2837 1420 2878; x_wconf 90' lang='lat' dir='ltr'>faceret.</span> 
     </span>
    </p>

    <p class='ocr_par' dir='ltr' id='par_1_5' title="bbox 76 2911 1697 3046">
     <span class='ocr_line' id='line_1_36' title="bbox 114 2911 1696 2970; baseline -0.004 -13"><span class='ocrx_word' id='word_1_310' title='bbox 114 2929 120 2930; x_wconf 50' lang='lat'><em>⁷</em></span> <span class='ocrx_word' id='word_1_311' title='bbox 164 2915 264 2966; x_wconf 89' lang='lat' dir='ltr'>His,</span> <span class='ocrx_word' id='word_1_312' title='bbox 291 2915 368 2970; x_wconf 90' lang='lat' dir='ltr'>qui</span> <span class='ocrx_word' id='word_1_313' title='bbox 391 2930 481 2957; x_wconf 91' lang='lat' dir='ltr'>non</span> <span class='ocrx_word' id='word_1_314' title='bbox 505 2915 718 2968; x_wconf 87' lang='lat' dir='ltr'>resident,</span> <span class='ocrx_word' id='word_1_315' title='bbox 744 2915 789 2956; x_wconf 92' lang='lat' dir='ltr'>in</span> <span class='ocrx_word' id='word_1_316' title='bbox 820 2915 912 2956; x_wconf 87' lang='lat' dir='ltr'>suis</span> <span class='ocrx_word' id='word_1_317' title='bbox 940 2912 1188 2963; x_wconf 89' lang='lat' dir='ltr'>beneficiis,</span> <span class='ocrx_word' id='word_1_318' title='bbox 1221 2925 1335 2965; x_wconf 89' lang='lat' dir='ltr'>quae</span> <span class='ocrx_word' id='word_1_319' title='bbox 1365 2911 1599 2965; x_wconf 87' lang='lat' dir='ltr'>requirunt</span> <span class='ocrx_word' id='word_1_320' title='bbox 1629 2917 1696 2951; x_wconf 88' lang='lat' dir='ltr'>ta-</span> 
     </span>
     <span class='ocr_line' id='line_1_37' title="bbox 76 2987 1697 3046; baseline -0.002 -14"><span class='ocrx_word' id='word_1_321' title='bbox 76 3005 177 3032; x_wconf 90' lang='lat' dir='ltr'>men</span> <span class='ocrx_word' id='word_1_322' title='bbox 215 2991 519 3045; x_wconf 87' lang='lat' dir='ltr'>residentiam,</span> <span class='ocrx_word' id='word_1_323' title='bbox 552 2991 638 3033; x_wconf 89' lang='lat' dir='ltr'>illis</span> <span class='ocrx_word' id='word_1_324' title='bbox 680 2999 926 3046; x_wconf 86' lang='lat' dir='ltr'>praeterea,</span> <span class='ocrx_word' id='word_1_325' title='bbox 960 2990 1035 3044; x_wconf 91' lang='lat' dir='ltr'>qui</span> <span class='ocrx_word' id='word_1_326' title='bbox 1073 2988 1291 3030; x_wconf 82' lang='lat' dir='ltr'>beneficia</span> <span class='ocrx_word' id='word_1_327' title='bbox 1328 2987 1532 3029; x_wconf 85' lang='lat' dir='ltr'>obtinent</span> <span class='ocrx_word' id='word_1_328' title='bbox 1568 2988 1697 3041; x_wconf 85' lang='lat' dir='ltr'>(quae</span> 
     </span>
    </p>
   </div>
  </div>
 </body>
</html>
