2028 3426
363 248 429 285 128
833 251 987 286 PATms
1013 251 1258 286 HOERONYM!
1287 249 1438 285 NADAL

311 349 644 407 cogitationum
674 354 701 403 ¹;
739 367 830 395 non
861 366 977 407 quae
1007 366 1062 395 ex
1092 350 1291 395 externis
1329 350 1542 394 omnibus
1580 351 1735 408 colligi
1759 351 1961 408 possint.

313 429 472 484 Longe
495 429 771 472 contrarium
812 429 1075 472 conficiunt.
1110 429 1267 483 Quum
1305 442 1415 472 vero
1452 442 1636 481 causae,
1664 443 1782 484 quae
1806 443 1889 473 nos
1907 438 1955 475 et
2014 462 2015 478 ;

310 505 519 560 quemuis
543 520 728 550 mouere
751 512 981 562 poterunt,
1008 505 1096 547 sint
1120 512 1164 548 et
1196 518 1330 547 verae
1359 511 1405 547 et
1434 512 1622 560 apertae
1646 513 1691 550 et
1719 507 1965 560 efficaces,
2006 499 2015 523 ²

311 590 404 623 tum
429 596 512 624 nos
536 583 826 638 profiteamur
848 590 893 624 et
917 584 1064 625 Deum
1089 580 1302 636 religiose
1326 588 1546 625 testemur
1570 581 1684 625 nihil
1704 582 1843 626 fuisse
1865 597 1938 627 no*

309 658 376 701 bis
399 658 535 701 animi
558 659 693 710 illius,
729 660 784 701 de
816 673 906 714 quo
929 660 986 701 N.
1018 658 1204 710 iudicat,
1230 666 1416 702 censeat
1446 658 1503 701 D.
1542 660 1599 703 V.
1629 661 1736 705 R.¹¹²³
1761 675 1818 702 an
1841 659 1952 704 illud

308 734 524 778 iudicium
548 738 604 778 ad
628 735 928 779 temeritatem
952 742 1127 791 spectet
1149 742 1287 790 atque
1305 736 1362 778 ad
1380 735 1756 789 inobedientiam,
1778 743 1823 780 et
1841 751 1948 782 num

308 811 474 856 indicet
496 813 693 856 animum
718 814 774 856 N.
802 827 1012 856 auersum
1037 827 1062 854 a
1085 812 1245 868 spiritu
1269 819 1314 854 et
1338 812 1504 856 vnione
1527 812 1785 857 Societatis.
1813 815 1959 867 Nam,

306 890 426 943 quod
448 875 555 932 dicit
579 897 862 946 procuratam
892 904 991 934 esse
1014 903 1093 945 per
1123 902 1147 944 3
1178 889 1424 932 abitionem
1456 889 1501 932 in
1533 889 1852 948 Hispania[m],
1879 890 1923 934 in
1949 917 1957 923 -

304 966 446 1022 telligi
469 974 619 1022 potest
643 975 708 1010 ter
730 968 786 1010 de
810 967 1091 1022 profectione
1113 965 1161 1008 in
1186 966 1455 1022 Hispaniam
1479 981 1580 1011 esse
1609 975 1942 1024 congregatos,

304 1042 380 1098 qui
397 1045 565 1087 Romae
583 1051 726 1096 erant,
748 1045 992 1099 professos.
1025 1043 1188 1086 Primis
1205 1044 1385 1086 duobus
1403 1043 1862 1100 congregationibus,
1890 1059 1948 1089 ex-

310 1131 377 1171 11,
404 1133 428 1174 3
452 1120 557 1162 boni
577 1120 859 1163 consuluisse
878 1127 925 1162 vt
944 1120 990 1162 in
1009 1120 1278 1176 Hispaniam
1297 1120 1455 1174 iretur,
1477 1122 1864 1176 quemadmodum
1885 1123 1958 1186 Ns

303 1197 546 1241 confitetur
568 1197 613 1239 in
636 1211 720 1239 suo
749 1197 920 1252 scripto
958 1198 990 1240 ⁶³.
1020 1197 1081 1240 Hi
1104 1197 1246 1254 igitur
1271 1211 1294 1252 3
1335 1211 1440 1241 cum
1478 1198 1691 1242 omnibus
1723 1198 1955 1254 hispanis„

304 1288 444 1328 quum
469 1274 699 1317 contineat
723 1274 937 1318 maiorem
961 1281 1134 1330 partem
1159 1275 1424 1328 Societatis,
1451 1275 1541 1318 iam
1566 1283 1676 1318 tunc
1705 1277 1948 1319 constabat

299 1365 396 1394 eam
422 1352 559 1394 totius
583 1351 826 1395 Societatis
849 1365 949 1394 esse
973 1356 1187 1405 mentem,
1220 1359 1267 1393 vt
1291 1352 1683 1408 proficisceremur
1708 1352 1754 1394 in
1777 1352 1944 1409 Hispa-

304 1427 441 1480 niam3
475 1435 519 1470 et
550 1436 700 1471 tamen
725 1427 791 1482 3.⁰
821 1428 1114 1485 congregatis
1143 1429 1359 1484 professis
1394 1441 1445 1482 14
1468 1431 1587 1486 (nam
1620 1442 1644 1483 3
1682 1443 1842 1474 recens
1863 1426 1952 1474 ad&
1995 1423 2006 1482 ’Ἴ

304 1506 557 1560 uenerant),
579 1519 751 1557 omnes,
772 1512 1089 1561 praeterquam
1111 1518 1152 1557 2,
1174 1505 1365 1561 pedibus
1382 1506 1533 1550 ierunt
1551 1506 1596 1548 in
1614 1507 1820 1550 eamdem
1837 1499 1961 1550 sen>
1984 1507 2005 1558 Γ]

301 1580 506 1635 tentiam,
532 1589 576 1624 et
601 1589 748 1625 tamen
774 1596 1006 1641 nunquam
1030 1582 1160 1627 aliter
1181 1590 1250 1625 est
1267 1582 1455 1634 dictum,
1478 1583 1715 1625 definitum
1735 1583 1938 1638 inquam,
1959 1588 1961 1590 ’

300 1665 347 1700 vt
372 1672 443 1701 res
467 1666 561 1702 tota
583 1659 764 1716 integra
787 1660 889 1704 S.¹¹¹⁰
905 1661 963 1702 D.
987 1661 1043 1703 N.
1066 1666 1480 1715 repraesentaretur
1499 1675 1578 1716 per
1596 1660 1818 1703 vicarium
1836 1674 1950 1716 cum·
1980 1652 1989 1665 ⁵

301 1735 536 1778 humilima
573 1736 834 1781 obedientia
856 1750 908 1779 ac
932 1736 1235 1788 indiferentia,
1262 1745 1311 1778 vt
1330 1751 1383 1781 eo
1402 1735 1738 1789 inclinaremus,
1761 1743 1851 1794 quo
1868 1737 1957 1780 in·
1979 1786 1981 1789 .
2000 1783 2001 1786 ,

299 1812 607 1868 telligeremus
630 1828 823 1869 vergere
846 1828 1073 1856 summum
1098 1813 1376 1870 pontificem,
1403 1828 1538 1869 quem
1556 1828 1662 1857 cum
1679 1814 1940 1858 videremur
1963 1840 1974 1854 ,ι
1998 1866 1999 1869 Β

298 1890 354 1931 ab
377 1904 430 1932 ea
458 1890 742 1945 profectione
772 1904 864 1933 non
893 1890 1153 1942 abhorrere,
1179 1892 1260 1935 sed
1282 1890 1469 1934 iussisse
1493 1898 1541 1934 vt
1563 1899 1665 1947 post
1690 1891 1938 1936 orationem
1984 1884 1988 1886 ’

298 1967 354 2008 ad
376 1981 480 2009 eum
513 1967 779 2019 rediremus,
812 1974 1050 2024 propterea
1087 1968 1173 2010 fuit
1202 1967 1276 2011 illa
1315 1969 1529 2024 frequens
1568 1976 1723 2012 nostra
1753 1963 1989 2031 reditioffs

301 2044 519 2097 Tandem,
545 2059 683 2100 quum
710 2058 792 2100 per
814 2046 952 2087 R.¹¹¹¹¹¹¹¹
977 2044 1193 2088 Pisanum
1217 2046 1230 2065 ⁵
1256 2045 1555 2089 intellexisset
1579 2047 1713 2088 Pater
1740 2045 1997 2089 vicarius

306 2119 394 2162 S.¹¹¹i
417 2122 474 2163 D.
502 2122 560 2165 N.
587 2129 785 2166 mentem
807 2136 924 2174 esse,
951 2129 998 2163 vt
1020 2121 1065 2163 in
1090 2121 1358 2178 Hispaniam
1377 2136 1435 2165 ne
1458 2121 1643 2175 iremus,
1676 2122 1787 2165 nihil
1809 2137 1862 2167 ea
1885 2123 1959 2166 de

296 2288 566 2333 ephemerides
585 2289 624 2323 in
643 2289 772 2334 Epist.
795 2289 842 2323 P.
864 2287 1015 2332 Nadal,
1035 2289 1084 2334 11,
1102 2289 1160 2334 56,
1183 2289 1249 2324 ubi
1274 2275 1429 2324 occasio
1454 2288 1570 2336 hujus
1599 2289 1735 2336 scripti
1754 2295 1794 2324 et
1812 2295 1940 2325 caete-
1980 2284 1982 2286 ¹

299 2358 442 2392 rorum,
460 2359 559 2394 quae
579 2354 809 2394 sequuntur,
829 2348 936 2383 hisce
957 2348 1089 2383 verbis
1109 2349 1340 2394 explicatur:
1363 2349 1519 2396 «itaque
1539 2353 1654 2384 vocat
1674 2348 1712 2384 in
1727 2348 1792 2395 jus
1814 2349 1937 2384 Boba-

297 2406 389 2442 dilla
422 2407 577 2442 Patrem
610 2407 819 2453 vicarium,
848 2407 961 2442 effert
993 2407 1188 2450 libellum=
1223 2419 1293 2442 nos
1322 2407 1454 2443 verbis
1484 2407 1657 2443 refutare
1689 2407 1937 2454 apertissima

297 2465 439 2511 omnia,
459 2465 561 2512 quod
581 2466 738 2501 difficile
758 2477 834 2501 non
865 2473 990 2504 erat.»
1012 2467 1123 2511 Quae
1155 2466 1194 2501 in
1223 2466 1283 2501 his
1316 2466 1554 2502 adversariis
1581 2473 1762 2502 currente
1792 2467 1939 2502 calamo

298 2524 456 2571 scripsit
474 2524 639 2567 Natalis,
660 2530 795 2571 postea
813 2525 952 2560 melius
972 2530 1011 2560 et
1026 2525 1273 2560 emendatius
1292 2525 1461 2571 digessit
1481 2525 1520 2561 in
1539 2525 1728 2569 oratione,
1748 2537 1863 2572 quarn
1883 2525 1923 2561 in
1964 2522 1979 2542 ³

258 2615 262 2619 .
296 2584 366 2628 fra,
387 2585 460 2619 sub
479 2595 640 2619 numero
662 2593 718 2631 15,
739 2584 925 2629 reperies.
949 2585 1039 2619 Alia
1057 2584 1172 2630 hujus
1188 2585 1430 2620 monumenti
1445 2584 1669 2620 adversaria
1687 2585 1882 2620 habentur
1898 2583 1946 2627 in,',
1980 2628 1982 2631 Β

296 2643 431 2679 codice
446 2643 585 2678 Natal.
597 2644 807 2689 ephemer„
824 2643 862 2681 ff.
884 2652 1003 2690 11-223
1019 2655 1131 2690 quae,
1147 2655 1236 2679 cum
1253 2644 1392 2679 melius
1407 2650 1446 2679 et
1461 2643 1707 2680 emendatius
1721 2643 1759 2679 in
1774 2655 1936 2691 sequen·
1977 2640 1983 2655 ²

296 2703 404 2738 tibus
424 2702 574 2737 Natalis
594 2703 750 2749 scriptis
769 2702 1058 2747 contineantur,
1075 2703 1137 2738 hic
1156 2702 1371 2738 omittenda
1389 2703 1587 2738 duximus.

370 2762 378 2782 ¹
431 2761 599 2808 Saepius
618 2761 798 2808 equidem
819 2761 1217 2797 Bobadillasinistras
1237 2762 1478 2798 intentiones
1498 2762 1636 2798 Lainio
1655 2771 1694 2798 et
1709 2762 1795 2809 ejus
1814 2761 1933 2806 santo,
1972 2759 1974 2763 ’

297 2821 405 2857 ribus
425 2821 561 2856 tribuit
580 2821 619 2856 in
638 2821 719 2856 suis
739 2821 912 2868 scriptis,
932 2822 1112 2865 superius
1132 2821 1267 2856 editis.

368 2884 382 2903 ²
434 2880 533 2916 Vide
552 2892 683 2928 supra,
704 2886 998 2916 monumentum
1017 2882 1090 2916 sub
1109 2893 1148 2915 n.
1168 2882 1190 2915 o
1215 2881 1399 2927 positum,
1427 2881 1493 2917 ubi
1520 2883 1616 2918 haec
1641 2881 1694 2916 ait
1720 2881 1934 2920 Bobadilla.
1972 2892 1976 2894 ·

299 2941 380 2976 «Fu
414 2942 598 2977 concluso
631 2940 679 2976 da
714 2941 828 2987 tutti,
864 2946 995 2976 ecetto
1028 2940 1077 2975 da
1112 2946 1170 2976 tre
1207 2942 1431 2987 spagnoli...
1468 2942 1501 2977 si
1535 2941 1732 2977 differisse
1764 2942 1804 2976 in
1839 2942 1942 2977 altr
1968 2961 1969 2964 =

299 3006 473 3047 tempo.»

367 3061 380 3080 ⁵
430 3059 691 3105 cardinalem,
714 3059 880 3106 scilicet,
901 3059 1153 3094 Franciscum
1172 3059 1371 3098 Pisanum.
