2028 3426
656 219 994 254 INsrfluc‘rioNEs
1003 239 1034 243 —
1043 219 1086 253 61
1567 229 1634 266 527

22 310 27 314 ⁴
57 319 220 361 nostris
244 319 562 374 perlegendae,
604 314 738 374 quam
762 319 835 363 vel
876 334 901 362 a
938 326 1117 362 rectore
1154 319 1400 362 iudicatum
1431 322 1584 374 fuerit,
1610 323 1682 365 vel

30 383 32 387 Ι
55 396 112 438 ab
135 395 238 446 alio,
264 395 342 450 qui
364 395 531 437 iudicio
554 396 735 451 polleat,
756 396 831 437 cui
855 397 939 438 hoc
962 395 1203 451 negocium
1226 411 1251 438 a
1274 397 1504 452 superiore
1523 398 1580 440 sit
1602 399 1681 441 da-

57 479 166 524 tum,
187 486 295 513 num
321 472 410 528 legi
432 473 641 516 debeant:
667 472 741 515 illa
759 487 866 515 vero
885 479 1059 514 tantum
1077 473 1303 528 legantur,
1326 487 1443 528 quae
1460 463 1681 517 auditori-

56 549 139 590 bus
161 563 261 592 esse
284 557 474 604 possunt
497 548 814 600 aedificationi,
841 549 913 591 vel
946 563 1062 603 quae
1097 548 1161 590 ita
1199 550 1513 601 emendentur,
1540 558 1588 592 vt
1611 566 1683 594 re-

53 624 200 680 gionis
223 634 268 668 et
289 624 471 680 collegii
495 625 743 680 praesentis
766 631 911 667 status
934 624 1164 679 requirere
1194 624 1421 668 videbitur
1445 626 1501 667 ad
1523 626 1682 669 aedifi-

56 700 296 744 cationem.

142 782 230 823 443
253 779 425 820 Omnes
442 777 614 829 literae,
641 793 760 832 quae
782 778 1064 827 adferuntur,
1091 778 1234 833 primo
1258 778 1459 820 omniurn
1488 781 1683 822 offeran-

56 861 127 896 tur
149 854 385 909 superiori,
410 869 523 909 quas
547 854 642 909 ipse
665 855 802 910 leget,
829 855 899 896 vel
924 855 979 896 ab
1001 855 1091 897 alio
1115 854 1205 910 legi
1228 855 1422 908 curabit,
1454 856 1525 899 vel
1549 856 1681 899 etiam

56 929 152 973 illas
175 931 322 974 tradet
345 932 578 974 confidens
603 930 856 987 accipienti.
1299 977 1302 980 ⁴

143 1008 232 1049 Pro
256 1007 504 1050 scribendis
528 1007 669 1051 literis
694 1015 871 1063 petetur
894 1007 1028 1051 etiarn
1053 1007 1235 1051 licentia
1259 1023 1283 1050 a
1313 1009 1561 1064 superiore,
1590 1010 1679 1061 uel,

57 1083 153 1138 ipso
176 1083 240 1125 sic
263 1083 516 1134 ordinante,
558 1099 584 1126 a
606 1084 809 1126 ministro
843 1091 1084 1147 antequam
1119 1084 1390 1137 scribantur;
1423 1093 1468 1127 et
1489 1085 1683 1141 scriptae

31 1182 34 1185 ·
57 1172 158 1201 cum
192 1160 375 1210 fuerint,
401 1160 636 1216 diligentia
658 1158 925 1204 adhibeatur
948 1168 996 1202 vt
1027 1161 1238 1217 legantur
1260 1177 1285 1204 a
1314 1161 1545 1217 superiore
1566 1161 1680 1217 ipso,

56 1237 128 1279 vel
150 1237 206 1278 ab
230 1237 332 1288 alio,
357 1245 491 1292 prout
513 1237 588 1278 ille
605 1237 899 1281 ordinauerit.

30 1311 34 1313 ’
144 1313 379 1356 Habeatur
402 1328 567 1369 magna
584 1328 709 1365 cura,
731 1321 779 1355 vt
795 1314 965 1366 literae,
989 1321 1233 1357 tractantes
1249 1316 1305 1357 de
1322 1314 1545 1370 negociis,
1567 1329 1683 1369 quae

57 1389 112 1431 ad
135 1398 471 1444 procuratorem
495 1390 771 1446 diriguntur,
798 1391 950 1432 statim
979 1391 1204 1446 legantur.

147 1465 239 1521 Qui
264 1467 359 1507 vult
383 1466 580 1510 scribere
618 1468 675 1509 ad
707 1468 965 1523 generalem
1000 1475 1079 1509 aut
1101 1467 1424 1523 prouincialem
1448 1483 1580 1511 suurn
1612 1469 1683 1511 vel

59 1543 429 1595 commissarium,
450 1543 492 1586 id
515 1544 647 1587 faciet
665 1544 817 1595 libere,
839 1544 935 1587 sine
951 1559 1007 1587 eo
1026 1545 1147 1599 quod
1165 1545 1405 1588 uideantur
1422 1545 1562 1601 ipsius
1580 1545 1681 1587 lite-

59 1633 148 1672 rae3
175 1628 220 1663 et
248 1620 320 1661 alii
359 1621 465 1664 dare
502 1621 654 1663 literas
684 1635 774 1663 non
812 1621 992 1676 poterit,
1033 1636 1166 1676 quarn
1205 1622 1496 1673 confessario,
1539 1638 1564 1665 a
1593 1637 1682 1677 quo

32 1695 190 1740 etiam
214 1705 283 1738 sat
307 1696 391 1738 erit
427 1696 464 1739 si
504 1697 669 1740 habeat
706 1697 932 1741 licentiam
970 1697 1196 1741 scribendi
1234 1698 1280 1740 in
1305 1699 1455 1751 rebus,
1488 1713 1603 1754 quae
1626 1699 1682 1741 ad

43 1797 46 1800 ·
65 1772 386 1815 conscientiam
410 1773 602 1817 attinent
626 1782 643 1798 ³
664 1773 778 1828 eius,
799 1774 876 1828 qui
894 1774 1048 1816 scribit
1070 1773 1103 1816 b.

151 1850 434 1892 Obseruetur
457 1849 698 1906 diligenter
719 1858 767 1891 vt
789 1851 960 1893 nullum
984 1851 1167 1892 omnino
1187 1844 1294 1895 dent
1311 1851 1451 1895 nostri
1468 1852 1684 1907 scriptum

60 1924 287 1979 cuiquam,
310 1925 395 1967 nisi
418 1926 475 1968 sit
497 1927 802 1969 examinatum
821 1934 955 1982 atque
973 1927 1105 1970 etiam
1123 1929 1411 1971 emendatum
1428 1929 1484 1970 ab
1501 1928 1681 1979 idoneo,

60 2000 96 2042 si
128 2015 367 2044 necessum
399 2002 607 2045 uideatur
638 2004 733 2046 444
764 2004 997 2059 superiori.
1033 2004 1111 2047 Ille
1143 2019 1248 2047 vero
1281 2005 1532 2060 supprimet
1564 2006 1684 2059 quod

60 2077 144 2119 sibi
169 2077 395 2129 uidebitur
419 2079 808 2134 supprimendum,
837 2082 1045 2123 consulto
1068 2083 1312 2136 superiore:
1334 2082 1426 2137 pari
1450 2081 1684 2137 diligentia

57 2156 309 2196 curandum
333 2163 402 2197 est
424 2162 471 2197 vt
496 2157 696 2198 habeant
718 2158 948 2212 explorata
977 2157 1229 2212 superiores
1256 2158 1440 2212 scripta,
1466 2173 1581 2213 quae
1603 2172 1683 2213 pro

61 2243 108 2273 se
129 2239 289 2285 parant
313 2232 471 2283 nostri,
501 2242 546 2274 vt
570 2235 882 2285 emendentur,
902 2234 939 2276 si
962 2248 1077 2289 opus
1099 2249 1199 2278 esse
1221 2234 1501 2277 iudicabunt.

25 2294 29 2298 ⁴
146 2308 216 2350 Ne
241 2307 407 2350 scribat
431 2309 591 2364 aliquis
621 2326 645 2353 e
683 2310 847 2352 nostris
877 2312 932 2352 ad
960 2311 1150 2353 alterurn
1185 2313 1363 2353 Patrem
1404 2313 1473 2354 vel
1504 2312 1683 2354 fratrem

37 2439 39 2442 Ι
59 2383 196 2436 domi,
223 2385 308 2426 nisi
332 2385 368 2427 si
393 2386 507 2427 forte
530 2387 585 2428 ad
609 2386 698 2428 stili
722 2387 982 2429 exercitium
1007 2374 1063 2429 ex
1086 2388 1315 2439 facultate,
1342 2396 1385 2431 et
1409 2388 1583 2430 traditis
1605 2402 1682 2429 su-

51 2459 220 2512 periori
244 2459 401 2512 literis,
427 2468 473 2502 vt
497 2463 626 2505 solet.

146 2536 293 2587 Ratio,
328 2551 461 2591 quam
500 2538 748 2592 sequimur,
781 2547 829 2581 vt
860 2540 992 2582 facile
1025 2541 1290 2596 colligamus
1328 2554 1441 2594 quae
1469 2540 1516 2581 in
1543 2540 1683 2581 literis

62 2612 461 2664 quadrimestribus
488 2620 616 2670 ¹ssquae
640 2623 746 2657 sunt
769 2623 924 2670 postea
942 2624 1139 2659 mutatae
1163 2617 1206 2657 in
1230 2631 1403 2658 annuas
1422 2616 1465 2657 in
1486 2617 1554 2657 2.a
1573 2630 1684 2657 con-

62 2689 325 2743 gregatione
344 2691 543 2745 generali
568 2692 591 2746 ¹)
612 2692 849 2734 scribenda
866 2701 988 2746 sunt,
1010 2700 1077 2736 est
1095 2694 1223 2735 haec:
1240 2694 1422 2735 Iubetur
1441 2691 1683 2745 vnusquis—

63 2776 148 2817 que
166 2764 360 2819 singulis
377 2765 536 2808 diebus
555 2775 771 2811 annotare
793 2783 845 2810 ea
867 2769 1032 2819 omnia,
1053 2783 1167 2823 quae
1190 2768 1273 2810 sibi
1297 2768 1547 2818 euenerint,
1569 2781 1683 2821 quae

131 2908 148 2924 a
173 2900 315 2934 attinet
335 2911 405 2935 ms.
459 2921 493 2926 —
507 2902 523 2927 b
551 2901 659 2936 Haec
677 2912 699 2946 9
718 2902 837 2936 verba
856 2901 985 2936 addita
1004 2902 1211 2948 posterius.

137 3007 147 3026 ¹
200 3005 314 3042 Decr.
336 3005 393 3049 37.
410 3005 474 3042 Cf.
501 3007 630 3041 Instit.
653 3008 736 3044 Soc.
750 3008 846 3054 Jeszae
866 3007 976 3052 (edit.
998 3007 1159 3052 cit.)‚11,
1179 3006 1264 3044 203.
