2028 3426
721 251 900 287 NOT1T1A
927 258 1115 286 conleUM
1634 259 1673 284 21

104 356 255 394 Natalis
275 367 409 392 manu:
434 353 533 391 «Μ.0
555 354 772 391 Ρο131160.»
794 353 885 390 Hae
910 364 1030 400 porro
1057 351 1220 400 regulae
1246 351 1414 388 multum
1435 356 1666 388 contractae
1687 357 1727 388 et

105 432 279 465 mutatae
300 426 462 463 fuerunt
481 425 521 462 in
541 425 679 462 ultima
699 424 854 461 illarum
874 423 1164 471 recognitione.

182 507 244 535 22.
302 495 475 533 «Officio
497 495 563 532 del
583 495 831 543 procurador
851 493 1026 543 general.
1053 493 1238 541 Algunos
1264 497 1485 539 conceptos
1513 506 1533 540 ¹,
1567 494 1621 528 ’.1,
1643 506 1725 531 165-

102 573 264 617 puestas
284 578 364 614 que
384 567 433 605 N.
455 567 584 603 Padre
599 578 664 603 me
685 566 839 602 ordeno
856 565 1026 601 hieiesse
1042 564 1065 600 3
1081 568 1189 600 estos
1205 568 1354 610 puntos
1374 561 1510 612 (1564)
1532 564 1649 602 18⁴-20
1662 565 1725 612 Ju-

101 640 192 676 lio.»
214 638 297 675 Sub
319 639 397 674 hoc
417 637 545 683 titulo,
566 637 606 673 in
632 646 678 682 19
698 637 814 682 foliis,
836 636 917 672 duo
939 634 1129 682 exempla
1149 633 1350 670 habentur
1369 634 1727 682 interrogationum

102 716 142 747 et
159 709 482 757 responsionum,
503 719 621 755 quae,
643 713 861 754 antequam
881 706 1018 743 ultima
1038 705 1186 754 regulis
1202 705 1473 752 procuratoris
1495 716 1638 741 manus
1660 706 1729 742 ad-

60 816 65 819 ,
103 786 343 826 moveretur,
363 780 470 816 viam
491 779 542 816 ad
569 779 654 816 illas
675 777 943 826 perficiendas
973 781 1151 813 sternere
1177 763 1356 823 possent.
1391 775 1730 824 Interrogationes

104 852 333 900 propositae
353 851 513 887 fuerunt
529 862 551 886 a
571 850 686 886 Patre
707 849 883 898 generali
904 847 1061 893 Lainio,
1077 851 1121 883 ut
1139 847 1265 893 liquet
1280 857 1334 881 ex
1355 846 1616 882 annotatione
1638 848 1730 883 anni

105 927 144 959 et
159 914 320 967 mensis,
341 921 451 957 initio
478 921 521 957 Li
541 920 622 957 folii
644 920 788 968 posita,
809 930 914 966 quae
934 919 987 954 ita
1007 917 1141 954 habet:
1166 916 1240 953 «18
1258 916 1361 963 Julii,
1388 916 1523 962 1564.»
1547 916 1732 964 Respon-

106 995 239 1030 siones
261 997 395 1029 autem
415 1003 437 1028 a
454 1003 633 1038 quonam
653 991 772 1027 datae
788 990 945 1035 fuerint,
961 1001 1043 1025 non
1061 992 1231 1024 constat.
1249 987 1286 1023 Is
1303 991 1450 1032 autem,
1465 987 1530 1023 vel
1551 987 1589 1024 S.
1610 987 1733 1023 Fran-

108 1064 239 1101 ciscus
261 1063 418 1112 Borgia,
440 1063 508 1109 qui
533 1067 630 1098 tunc
657 1062 812 1098 Romae
837 1059 1087 1104 versabatur,
1113 1059 1177 1095 vel
1198 1058 1240 1095 P.
1267 1058 1507 1094 Franciscus
1535 1058 1733 1103 Petrarca,

106 1135 169 1171 vel
185 1134 286 1170 forte
303 1134 345 1171 P.
362 1133 573 1178 Polancus,
592 1132 830 1169 secretarius
847 1131 1071 1176 Societatis,
1087 1141 1177 1166 esse
1192 1129 1333 1177 potuit.
1351 1128 1433 1165 Ine.
1456 1129 1480 1166 f.
1499 1138 1532 1164 2:
1553 1128 1732 1165 «Aeerca

108 1206 171 1242 del
193 1206 327 1242 officio
349 1205 414 1241 del
443 1203 797 1252 procurador.—1.
833 1202 872 1239 Si
894 1202 944 1238 ha
965 1201 1016 1237 de
1049 1212 1113 1237 ser
1146 1200 1281 1237 officio
1312 1200 1447 1247 specie
1479 1199 1731 1236 distincto...»

108 1278 203 1314 Des,
225 1276 290 1313 sol.
311 1287 348 1322 4.
372 1292 432 1313 «...
454 1275 490 1312 el
510 1287 584 1312 uso
605 1274 794 1322 religioso
812 1273 863 1309 de
885 1277 991 1309 otras
1027 1274 1035 1298 ἰ
1062 1293 1081 1306 ω
1106 1283 1224 1307 nes.»
1244 1270 1329 1308 Fol.
1350 1278 1402 1316 5r‚
1419 1271 1483 1307 hic
1503 1270 1640 1307 titulus
1660 1282 1733 1318 po-

108 1349 206 1385 situs
226 1354 297 1384 est:
322 1346 531 1396 «Algunos
547 1350 695 1393 puntos
725 1355 866 1381 acerca
897 1343 962 1379 del
984 1343 1118 1379 officio
1140 1342 1191 1379 de
1216 1341 1503 1390 proeurador.»
1533 1341 1674 1389 Supra,
1696 1342 1733 1377 in

109 1425 289 1456 extrema
311 1431 380 1455 ora
395 1419 567 1455 chartae:
588 1416 669 1454 «Ι.Ο
686 1416 737 1452 de
754 1414 866 1452 11611.Ο
882 1415 992 1461 1565.
1006 1437 1036 1441 v
1050 1414 1191 1450 Dados
1207 1414 1229 1450 a'.
1246 1413 1294 1451 N.
1311 1413 1451 1449 Padre.
1471 1423 1505 1449 2.
1527 1412 1579 1449 de
1596 1412 1733 1450 hen.⁰»

110 1491 191 1527 Inc.
215 1490 390 1526 «Pareee
417 1490 543 1525 hauer
568 1499 666 1537 gran
693 1486 998 1523 neeessidad...»
1028 1485 1123 1522 Des.
1153 1501 1212 1521 «...
1241 1496 1358 1521 cossa
1385 1484 1638 1531 importante.
1666 1483 1738 1520 Ass

110 1562 148 1598 10
165 1561 319 1598 ordeno
335 1560 383 1597 N.
397 1559 526 1596 Padre
542 1571 585 1595 se
607 1558 813 1595 hiziesse.»
837 1557 1029 1607 Sequitur
1044 1568 1169 1592 unum
1185 1556 1324 1592 folium
1340 1566 1527 1600 vacuum,
1545 1559 1585 1591 et
1595 1560 1737 1602 postea

112 1633 265 1679 aliquot
282 1631 446 1680 regulae
467 1630 542 1667 sub
578 1631 655 1666 hoc
690 1629 816 1666 titulo:
850 1628 1084 1665 «Anadidas
1119 1627 1154 1663 al
1185 1627 1320 1663 officio
1350 1626 1416 1662 del
1449 1626 1734 1674 procurador.»

112 1704 196 1740 Fol.
224 1714 269 1741 10
289 1704 384 1740 item
404 1714 579 1739 vacuum
600 1706 672 1738 est.
701 1701 746 1736 In
774 1700 840 1737 fol.
881 1710 946 1736 11r
974 1704 1014 1735 et
1048 1709 1091 1735 12
1118 1698 1318 1735 habentur
1343 1698 1495 1734 monita
1524 1697 1737 1744 quaedam,

112 1775 187 1812 sub
213 1776 290 1811 hoe
324 1774 451 1811 titulo:
491 1772 644 1810 «Como
666 1784 709 1808 se
739 1773 790 1808 ha
811 1771 862 1808 de
890 1783 987 1808 auer
1020 1770 1055 1806 el
1077 1770 1259 1818 superior
1284 1781 1361 1806 con
1389 1769 1424 1805 el
1450 1768 1735 1816 procurador.»

113 1846 271 1882 Eodem
292 1846 358 1882 fol.
378 1858 414 1881 v:
441 1844 594 1882 «Como
616 1855 660 1880 se
687 1844 738 1880 ha
759 1843 810 1879 de
843 1854 941 1879 auer
967 1842 1002 1878 el
1037 1841 1219 1889 superior
1246 1852 1323 1877 con
1353 1840 1414 1876 los
1448 1839 1735 1876 consultores.»

113 1917 198 1954 Fol.
225 1928 266 1965 13
296 1922 336 1953 et
366 1927 411 1962 14
437 1927 536 1964 pura
565 1919 785 1951 remanent.
820 1913 865 1949 In
892 1913 932 1950 ff.
974 1920 1112 1958 15r-19
1132 1917 1193 1948 est
1226 1911 1395 1948 alterum
1423 1915 1748 1958 transsumptum-

114 1988 397 2036 quaestionum
431 1992 470 2023 et
502 1986 825 2033 responsionum,
855 1995 960 2032 quae
994 1983 1178 2031 superius
1204 1982 1415 2030 habentur.
1449 1982 1563 2018 Haec
1597 1993 1740 2017 monu-

116 2064 251 2096 menta
271 2071 293 2095 a
309 2058 478 2095 diversis
497 2057 664 2094 librariis
686 2061 778 2093 sunt
799 2061 978 2092 exarata.
999 2055 1145 2091 Manus
1166 2058 1301 2090 autem
1321 2053 1484 2089 Polanci
1503 2052 1568 2089 vel
1588 2052 1741 2089 Natalis

117 2131 170 2167 ibi
191 2143 272 2167 non
294 2134 501 2177 apparent.
523 2128 568 2164 In
589 2128 655 2165 fol.
682 2137 766 2172 19v.
789 2128 953 2163 iteratur
970 2125 1108 2162 titulus
1128 2124 1239 2161 initio
1259 2124 1426 2172 positus.

198 2211 259 2249 23.
320 2200 492 2249 «Reglas
520 2199 585 2235 del
611 2198 861 2246 proeurador
895 2197 946 2234 de
972 2197 1009 2233 la
1042 2208 1171 2233 casa.»
1211 2195 1395 2243 Quatuor
1421 2194 1631 2242 sequentia
1650 2193 1743 2230 folia

122 2273 327 2309 continent
348 2271 627 2320 apographum
647 2270 902 2316 antiquarum
921 2267 1149 2317 regularum
1178 2266 1450 2314 procuratoris
1472 2265 1630 2311 domus,
1652 2276 1743 2301 cum

120 2343 321 2379 nonnullis
342 2340 695 2378 emendationibus
717 2340 978 2388 autographis
999 2339 1125 2375 Patris
1147 2337 1313 2374 Natalis.
1335 2337 1452 2373 Plura
1473 2348 1527 2373 ex
1548 2337 1659 2372 hisce
1681 2347 1743 2372 re-

120 2415 222 2462 gulis
242 2412 534 2450 recentioribus
555 2413 703 2448 inserta
724 2416 828 2456 sunt,
849 2410 962 2458 plura
979 2409 1116 2446 addita
1135 2408 1200 2445 vel
1220 2409 1260 2444 in
1281 2408 1481 2444 diversam
1498 2407 1666 2444 formam
1682 2418 1744 2442 re-

87 2471 91 2480 ’
122 2484 250 2521 daeta.
272 2485 354 2521 Ine.
375 2483 445 2519 «El
462 2483 596 2520 officio
613 2482 679 2519 del
695 2481 944 2530 procurador
963 2493 1007 2517 se
1027 2480 1162 2528 puede
1183 2490 1442 2516 601105661...»
1466 2478 1561 2515 Des.
1586 2493 1645 2514 «...
1663 2477 1744 2513 dis-

122 2567 293 2603 pensero
313 2566 338 2603 y
360 2554 638 2602 comprador.»

205 2636 266 2672 24.
327 2625 652 2662 «Annotationes
686 2629 726 2661 et
759 2624 1054 2660 declarationes
1092 2623 1322 2672 regularum
1355 2621 1527 2668 aliquot,
1564 2624 1747 2666 tempore

124 2697 166 2734 P.
186 2697 348 2733 Hoffaei
369 2696 513 2742 factae,
533 2707 664 2742 usque
689 2695 741 2732 ad
769 2707 919 2731 annum
959 2694 1094 2740 1588.»
1130 2694 1224 2730 Duo
1257 2693 1297 2730 in
1325 2693 1402 2729 hoc
1435 2690 1549 2728 titulo
1571 2689 1746 2726 animad-

124 2768 329 2804 vertenda:
356 2768 541 2815 primum,
561 2778 643 2803 non
666 2765 796 2802 solum
815 2770 865 2802 tc·
886 2778 916 2812 ἶ
947 2776 999 2801 >re
1019 2765 1061 2802 P.
1082 2764 1260 2809 Hoffaei,
1287 2763 1360 2799 sed
1381 2762 1432 2799 ab
1463 2762 1550 2809 ipso
1581 2761 1622 2797 P.
1644 2759 1747 2796 Hof—

125 2839 226 2885 faeo,
247 2838 407 2886 propria
435 2850 569 2883 manu,
599 2841 786 2874 exaratas
815 2836 938 2873 fuisse
971 2837 1043 2872 has
1077 2835 1372 2872 annotationes.
1401 2832 1647 2876 Secundum,
1668 2841 1748 2866 non

128 2910 256 2946 solum
278 2909 328 2945 ad
349 2920 499 2946 annum
524 2919 654 2955 usque
693 2907 790 2953 1588
812 2919 880 2943 eas
914 2907 1154 2955 pertingere,
1188 2917 1329 2941 verum
1358 2904 1409 2941 ad
1438 2914 1587 2940 annum
1621 2911 1751 2947 usque

134 2988 246 3031 1597,
269 2986 312 3017 ut
331 2980 371 3016 in
403 2979 523 3016 variis
556 2979 761 3026 responsis
781 2978 835 3015 ibi
862 2977 1078 3023 annotatis,
1105 2987 1210 3024 quae
1231 2975 1396 3022 quidem
1417 2974 1468 3010 ad
1491 2984 1618 3010 annos
1642 2979 1751 3017 1590,

135 3058 244 3097 1595,
270 3051 369 3097 1596
389 3056 429 3087 et
453 3057 550 3098 1597
578 3055 773 3098 spectant,
807 3049 922 3086 facile
955 3053 1135 3096 apparet-
1168 3047 1269 3084 Sunt
1302 3050 1437 3083 autem
1471 3042 1752 3080 annotationes
