2028 3426
661 204 1086 241 INSTRUCTloNES—-61
1574 204 1642 246 565

34 301 248 353 'ceantur
269 308 556 362 quandoque,
583 315 628 349 et
651 308 816 349 habeat
840 321 993 350 curam
1018 306 1196 348 illorum
1226 305 1483 360 praefectus
1512 305 1686 346 studio-

60 400 176 438 rum,
197 399 345 439 neque
363 383 570 440 publicae
587 383 770 426 lectioni
787 383 1040 427 destinetur
1058 381 1296 438 quispiam,
1311 380 1420 435 quin
1439 380 1579 436 prius,
1595 395 1688 423 non

60 462 205 504 solum
229 462 415 517 probata
437 460 494 502 sit
522 460 620 502 eius
649 459 869 511 doctrina,
902 460 983 502 sed
1013 459 1174 501 modus
1201 457 1335 500 etiam
1365 457 1603 500 enarrandi
1632 458 1689 499 sit

48 528 336 594 'experientia
359 538 680 592 comprobatus
702 544 746 578 et
770 543 972 592 spectata
994 536 1153 578 virtus.

147 614 334 658 Faciant
363 614 512 668 aliqua
540 613 755 657 exercitia
791 612 1039 668 spiritualia
1076 611 1154 665 illi,
1191 610 1267 667 qui
1301 624 1486 653 cursum
1523 610 1686 652 artium

61 698 167 734 sunt
189 691 413 746 incepturi
432 704 657 732 enarrare.
681 689 776 731 Erit
794 697 1026 745 praeterea
1043 688 1167 741 vtile,
1188 687 1242 740 si,
1262 687 1469 729 absoluto
1487 694 1504 710 a
1521 686 1686 728 artium

53 768 301 820 curriculo,
332 769 545 811 secedant
575 766 716 809 nostri
753 766 859 810 item
896 766 1050 821 paucis
1078 765 1240 807 diebus
1268 765 1325 807 ad
1354 763 1440 808 533
1473 762 1686 806 exercitia

53 846 207 901 aliqua
229 844 493 900 spiritualia.

147 921 239 977 Qui
262 921 403 965 literis
425 935 606 975 operam
624 921 731 962 dare
754 919 937 970 debent,
959 926 1064 961 vota
1086 918 1280 974 primum
1300 917 1522 968 emittant,
1549 915 1685 959 etiam

55 1006 164 1042 ante
191 997 360 1041 biennii
397 997 616 1053 spacium;
658 1004 702 1040 et
739 996 776 1038 si
812 995 949 1050 aliqui
978 996 1164 1038 student
1191 994 1289 1038 sine
1324 993 1460 1047 votis,
1499 994 1686 1036 redeant

55 1076 113 1118 ad
136 1074 406 1117 nouitiatum
431 1088 666 1129 quovsque
689 1073 762 1115 illa
779 1072 1025 1124 emiserint,
1047 1079 1091 1114 et
1110 1071 1314 1126 superior
1332 1070 1432 1112 illos
1455 1070 1512 1112 ad
1533 1069 1684 1112 studia

54 1151 300 1194 mittendos
329 1150 552 1202 iudicarit;
583 1150 644 1192 ita
673 1149 791 1192 enim
831 1149 937 1191 fecit
970 1151 1021 1191 P.
1063 1147 1282 1204 ignatius3
1319 1146 1498 1189 tametsi
1531 1147 1684 1188 nullus

60 1227 321 1284 simpliciter
344 1235 448 1270 ante
476 1227 709 1270 biennium
738 1226 966 1282 obligatur
1000 1226 1056 1268 ad
1085 1225 1260 1269 edenda
1287 1230 1410 1275 vota,
1443 1237 1527 1266 nec
1549 1222 1606 1265 sit
1628 1224 1684 1265 ad

54 1312 163 1348 vota
186 1305 362 1349 edenda
386 1304 685 1360 instigandus.

147 1381 236 1425 Vbi
258 1380 401 1424 nostri
424 1388 534 1423 eunt
555 1388 681 1423 extra
704 1379 945 1435 collegium
967 1379 1022 1421 ad
1040 1377 1258 1422 lectiones
1277 1376 1542 1428 audiendas,
1563 1391 1682 1418 Vnus

59 1473 119 1502 ‘ex
140 1458 226 1501 illis
248 1458 305 1500 sit
328 1458 515 1501 aliorum
533 1456 927 1513 superintendens,
948 1455 1022 1498 cui
1039 1454 1252 1498 obediant
1268 1468 1425 1496 omnes
1442 1452 1516 1495 alii
1533 1453 1684 1496 eundo

50 1543 100 1579 et
124 1535 354 1579 redeundo
377 1550 432 1578 ex
455 1534 636 1585 scholis,
662 1540 707 1575 et
724 1533 904 1587 quando
923 1532 1012 1574 illic
1031 1538 1153 1583 sunt3
1176 1538 1220 1574 et
1238 1529 1311 1571 hic
1328 1529 1505 1571 illorum
1525 1529 1683 1572 reddet

55 1611 292 1664 rationem,
319 1619 364 1655 et
385 1610 550 1667 poterit
573 1610 737 1652 mutari
759 1609 951 1665 singulis
974 1607 1221 1658 mensibus,
1247 1607 1318 1649 vel
1342 1606 1477 1649 etiam
1499 1607 1678 1657 durare,

51 1690 126 1732 vel
148 1690 266 1745 plus,
292 1689 364 1731 vel
381 1687 546 1738 minus,
573 1694 707 1743 prout
725 1685 945 1742 superiori
967 1684 1202 1740 placuerit.

142 1763 338 1820 Dialogi,
359 1763 633 1814 comoediae,
656 1762 903 1818 tragediae,
925 1775 1098 1812 versus,
1120 1759 1346 1802 orationes
1364 1760 1436 1802 vel
1454 1772 1661 1813 quaecun

47 1855 142 1897 que
174 1840 526 1895 compositiones
555 1838 853 1894 publicandae
890 1838 995 1888 sint,
1027 1836 1204 1880 curabit
1233 1843 1380 1879 rector
1407 1842 1456 1877 vt
1488 1835 1680 1890 primum

48 1916 369 1961 examinentur
386 1921 469 1962 534
488 1931 512 1958 a
532 1916 745 1970 theologo
762 1914 911 1969 aliquo
931 1912 1196 1964 domestico,
1216 1912 1293 1967 qui
1310 1912 1476 1968 polleat
1494 1911 1675 1963 iudici03

50 1999 148 2035 ³tum
172 1993 228 2035 ab
251 1993 352 2045 alio,
379 1992 455 2047 qui
478 1991 677 2034 iudicare
699 1990 841 2047 possit
864 1989 1229 2045 compositiones,
1255 1989 1376 2043 quod
1399 1989 1455 2030 ad
1482 1987 1680 2030 latinita—

48 2075 141 2113 'tem
163 2077 208 2112 et
230 2068 534 2124 eloquentiam
559 2068 734 2110 attinet.
763 2068 891 2110 Haec
913 2080 1051 2121 quum
1070 2065 1160 2108 sint
1177 2064 1450 2117 necessaria,
1471 2078 1677 2106 nonnun-

44 2160 185 2201 quam
209 2153 359 2189 tamen
382 2152 529 2188 rector
552 2144 646 2199 ipse
669 2142 886 2185 iudicabit
914 2157 1021 2184 num
1049 2141 1285 2197 pauciores
1314 2142 1387 2184 vel
1420 2140 1555 2183 etiam
1578 2141 1681 2196 plu-

49 2236 123 2264 tres
145 2221 388 2264 adhibendi
410 2228 517 2263 sunt
540 2234 767 2271 censores,
800 2218 1062 2274 praesertim
1096 2218 1132 2260 si
1165 2233 1237 2261 res
1269 2226 1338 2261 est
1370 2217 1573 2273 grauior,
1610 2218 1680 2259 vel

47 2298 182 2341 ¹cuius
204 2298 261 2340 sit
284 2298 482 2340 dandum
504 2296 761 2351 exemplum
785 2295 998 2339 externis.
1031 2294 1274 2338 Orationes
1300 2302 1449 2336 tamen
1479 2294 1551 2337 vel
1584 2308 1678 2336 car-

51 2373 193 2426 mina,
230 2388 345 2430 quae
378 2373 628 2417 recitantur
665 2379 828 2415 octauo
867 2373 1047 2426 quoque
1085 2370 1157 2414 die
1190 2370 1237 2412 in
1274 2371 1450 2421 schola,
1492 2377 1561 2412 sat
1595 2370 1678 2413 erit

48 2450 281 2494 emendari
303 2465 328 2504 a
350 2450 506 2492 classis
528 2455 836 2505 praeceptore,
868 2455 913 2491 et
942 2448 997 2490 ab
1027 2461 1080 2489 eo
1113 2447 1268 2490 referri
1302 2448 1357 2489 ad
1392 2447 1674 2501 theologum,

47 2527 107 2568 ad
141 2528 255 2569 haec
283 2526 523 2569 iudicanda
550 2525 854 2581 designatum,
885 2523 922 2566 si
960 2525 1016 2567 de
1054 2539 1118 2575 re,
1159 2538 1274 2578 quae
1313 2522 1474 2566 attinet
1513 2523 1677 2577 quouis

48 2610 182 2658 pacto
206 2604 262 2646 ad
284 2602 564 2658 religionem,
590 2609 766 2657 agatur.
1575 2604 1577 2606 ’

138 2681 200 2723 Vt
221 2679 359 2723 latine
380 2680 624 2734 loquantur
647 2679 822 2731 fratres,
857 2676 1125 2721 adhibeatur
1153 2676 1404 2732 diligentia,
1442 2677 1498 2717 ad
1527 2675 1675 2717 minus

48 2760 253 2811 ‘ternpore
275 2755 565 2799 recreationis
585 2761 686 2810 post
709 2753 945 2809 prandium
968 2754 1041 2796 vel
1068 2767 1271 2804 coenam,
1306 2760 1354 2794 ut
1384 2751 1571 2807 possint,
1598 2750 1674 2805 qui

49 2831 273 2883 nesciunt,
292 2831 494 2887 linguam
512 2832 746 2886 vulgarem
765 2829 1013 2882 addiscere;
1034 2830 1122 2882 vel,
1144 2829 1220 2884 qui
1238 2828 1402 2879 sciunt,
1424 2834 1673 2869 maternam

119 3007 137 3023 a
185 2997 382 3033 absolutio
402 3009 473 3032 ms.
