2028 3426
499 294 772 329 MONUMENTA
795 283 1053 329 ‘GERMANIAE
1078 301 1416 338 SUPERIORls-44
1656 305 1675 329 2
1680 306 1724 340 59

236 393 477 438 Ordinarie
499 394 734 438 contiones
756 396 866 438 fient
888 395 932 437 in
956 395 1121 439 sacello
1145 394 1421 450 germanice.

234 471 393 515 Latine
415 470 512 514 fieri
534 478 746 526 poterunt
763 471 996 515 contiones
1014 479 1142 515 extra
1159 471 1377 524 ordinem,
1399 472 1435 514 si
1455 471 1620 515 nostris
1637 474 1769 515 detur

143 555 326 604 tempus
351 554 399 590 ut
416 563 465 591 se
487 555 702 603 parent...

233 626 402 668 Rector
423 631 551 667 curet
574 639 650 679 per
674 639 723 668 se
747 626 819 669 uel
841 625 976 668 alium
1000 632 1051 667 ut
1073 625 1401 668 admoneantur
1429 626 1632 678 abbates,
1661 641 1768 668 suos

145 703 409 753 monachos,
436 700 512 756 qui
537 701 699 743 uiuunt
721 701 810 753 hic,
836 716 924 744 non
949 701 1105 746 uiuere
1127 701 1352 757 religiose.

234 780 324 822 Det
346 763 621 821 confessario
643 778 890 820 domestico
918 786 1065 821 rector
1094 793 1226 821 casus
1264 786 1520 823 reseruatos
1543 793 1647 822 cum
1671 779 1766 821 suis

132 854 535 910 explicationibus,
560 861 605 897 et
628 854 949 898 instructiones
972 870 1128 899 omnes
1151 870 1232 911 pro
1260 855 1558 898 confessariis.

232 933 336 974 Non
365 932 608 973 admodum
629 931 808 986 prolixe
838 932 948 973 fiant
980 932 1072 974 toni
1107 934 1134 984 ¹,
1171 939 1216 975 et
1245 933 1357 974 fiant
1396 938 1572 974 tantum
1610 932 1771 975 diebus

133 1007 396 1050 dominicis.

231 1086 300 1128 Ne
330 1085 596 1127 omittantur
634 1084 970 1129 exhortationes
997 1085 1270 1129 domesticae
1298 1085 1491 1142 singulis
1520 1087 1769 1129 hebdoma—

138 1161 228 1214 dis,
254 1170 299 1204 et
321 1162 367 1204 in
389 1161 458 1204 his
476 1176 532 1204 ne
555 1161 840 1217 attingantur
861 1162 1025 1217 priuati
1048 1159 1480 1206 fratrum'defectus.

233 1241 290 1282 D.
319 1240 485 1281 Torres
507 1239 521 1259 ²
547 1254 604 1282 ne
623 1237 756 1281 faciat
773 1239 1111 1282 catechismum.

232 1315 582 1358 Exhortationes
605 1316 770 1359 habeat
794 1316 864 1357 uel
888 1324 1050 1368 rector,
1076 1317 1148 1358 vel
1166 1317 1373 1360 doctores
1392 1317 1609 1373 theologi,
1633 1324 1680 1359 ut
1699 1317 1770 1359 ui-

137 1386 329 1430 debitur
351 1386 529 1430 rectori.

916 1519 995 1561 44

947 1613 967 1628 ..L

882 1630 1025 1705 Jesxrs.

232 1743 474 1798 ALIQUA
499 1743 580 1785 EX
603 1744 691 1795 IIS,
718 1744 892 1798 QUAE
920 1745 1088 1787 DIXIT
1117 1746 1294 1789 RDUS.
1331 1747 1381 1787 P.
1412 1745 1682 1787 NATALIS
1741 1808 1745 1812 ι

680 1833 911 1864 DILINGAE
949 1835 1167 1865 SECUNDO
1205 1830 1238 1866 ³.

232 1927 288 1968 D.
329 1927 528 1968 Thomas
551 1926 567 1946 ‘⁴
585 1925 724 1969 libere
747 1933 854 1982 agat
875 1941 977 1969 cum
1000 1927 1231 1983 discipulis
1253 1928 1361 1970 suis.

231 2004 301 2045 De
325 1993 543 2054 candelis,
569 2009 618 2044 vt
641 2003 854 2046 fratribus
877 2018 966 2046 non
989 2003 1138 2046 desint
1161 2004 1456 2050 necessariae.

231 2081 301 2122 De
319 2079 627 2135 hypocaustis,
653 2087 702 2121 vt
724 2079 813 2122 sint
835 2082 1068 2123 commoda
1099 2081 1259 2123 studiis
1283 2082 1487 2126 fratrum.

231 2158 300 2199 De
323 2158 586 2199 Hermanno
609 2156 841 2212 scriptore,
867 2165 914 2198 vt
937 2157 1204 2209 dimittatur,
1230 2159 1302 2200 vel
1325 2165 1476 2214 partes
1499 2173 1575 2202 eas
1598 2158 1768 2201 habere

141 2239 286 2284 curet,
313 2247 429 2287 quae
451 2233 642 2288 dignum
665 2233 789 2275 illum
812 2233 1147 2289 dispensatione
1170 2235 1350 2278 faciant.

236 2311 287 2352 Ρ.
315 2310 493 2365 Gaspar
517 2311 530 2331 ⁵
558 2316 711 2352 vtatur
731 2310 981 2366 priuilegiis
1003 2310 1050 2352 in
1072 2325 1161 2353 non
1184 2311 1441 2363 ieiunandO,
1469 2318 1556 2355 etc.

232 2387 301 2428 De
325 2387 475 2439 rebus,
503 2401 614 2442 quas
637 2388 781 2428 Pater
802 2390 954 2429 noster
969 2388 1157 2443 scripsit
1179 2395 1210 2440 a,
1237 2388 1421 2440 scilicet,
1448 2403 1504 2430 an
1534 2387 1675 2430 nostri
1700 2391 1796 2430 as-'

213 2525 230 2542 a
281 2515 391 2550 Prius
409 2527 508 2560 quas
526 2515 688 2550 romani
701 2517 960 2562 scripserunt,
993 2522 1127 2562 postea
1157 2516 1306 2552 Natalis
1337 2516 1561 2552 emendavit
1580 2522 1621 2551 ut
1641 2529 1768 2563 supra.

219 2615 227 2635 ¹
281 2615 381 2650 Toni
399 2616 438 2651 in
458 2617 656 2652 Societate
674 2618 916 2663 appellantur
942 2617 1130 2663 quaedam
1156 2617 1343 2653 exercitia
1361 2617 1668 2662 declamationis,
1691 2622 1771 2652 tum

141 2675 360 2720 generalia,
381 2680 462 2710 tum
482 2675 742 2721 particularia.

217 2736 230 2755 ‘2
282 2734 324 2769 P.
346 2734 609 2780 Hieronymus
626 2735 783 2779 Torres,
803 2736 924 2770 lector
944 2735 1176 2781 theologiae.

215 2793 228 2812 ⁵
278 2793 336 2826 Ex
350 2794 610 2839 archetyp0,·a
626 2793 753 2828 Natali
768 2793 983 2839 emendato,
1001 2794 1039 2828 in
1053 2794 1188 2828 codice
1202 2794 1340 2830 Natal.
1360 2795 1473 2828 instr.
1490 2794 1642 2834 Germ„
1660 2792 1775 2827 unico

140 2850 225 2896 fol„
243 2859 285 2885 10
301 2852 365 2897 (8).
382 2852 518 2886 Manus
533 2851 687 2887 videtur
701 2852 744 2886 P.
760 2852 991 2887 Theodorici
1006 2852 1168 2898 Canisii,
1183 2853 1344 2887 rectoris
1359 2852 1587 2896 dilingensis
1602 2851 1773 2896 collegii.

145 2910 253 2944 Haec
271 2910 477 2945 instructio
495 2922 595 2946 anno
624 2910 714 2955 1566
743 2910 831 2946 data
861 2911 947 2947 fuit.
979 2911 1040 2947 Cf.
1074 2911 1201 2956 Epist.
1234 2912 1283 2945 Ρ.
1317 2910 1465 2950 Nadal,
1488 2910 1555 2955 111,
1579 2909 1613 2955 8,
1636 2918 1693 2953 25,
1715 2909 1774 2954 26,

136 2967 228 3013 340,
248 2974 324 3004 etc.
346 2969 523 3004 Alterum
541 2971 763 3016 exemplum
782 2971 1044 3016 apographum
1064 2975 1124 3004 est
1143 2969 1253 3014 ibid.‚
1273 2969 1337 3003 fol.
1360 2968 1417 3003 38,

216 3026 232 3047 ⁴
279 3028 327 3062 P.
352 3028 521 3062 Thomas
542 3028 693 3064 Gallus.
716 3028 776 3063 Cf.
798 3029 924 3074 Epist.
948 3029 996 3064 Ρ.
1017 3028 1166 3069 Nadal,
1186 3028 1254 3069 Ill,
1271 3027 1305 3061 S.

219 3087 233 3107 ⁵
284 3086 525 3132 Haywodus,
547 3088 668 3122 lector
688 3088 926 3132 theologiae.
