2028 3426
701 255 1137 300 SUPPLEUNMTME—25
1617 255 1686 300 825

105 358 309 412 tuperes?
331 357 451 398 Num
475 355 724 411 ignominia
747 364 815 399 est
838 364 855 381 ³
873 356 1102 398 hominem
1121 371 1219 400 esse
1236 356 1496 412 hispanum?
1515 358 1587 399 An
1613 358 1734 411 quod

105 432 322 488 hispanus
344 432 402 474 sit
424 439 468 474 et
491 431 628 475 latine
651 432 1026 475 nesciat?—Nihil
1050 434 1228 485 horum,
1255 434 1334 475 sed
1357 439 1505 484 caute,
1536 433 1728 487 inquies,

102 523 208 565 ago3
236 509 350 551 viam
376 508 566 563 expedio
588 508 643 550 ad
666 508 954 552 iniiciendam
978 509 1034 551 de
1053 508 1128 551 illo
1145 508 1464 564 suspicionem,
1486 509 1564 564 qui
1581 509 1730 565 hispa-

103 600 189 628 nus
210 585 285 636 sit,
311 591 356 627 et
379 584 475 627 sine
499 584 656 636 literis,
682 592 728 626 et
750 586 806 627 de
829 585 965 628 rebus
987 585 1299 641 spiritualibus
1322 585 1505 639 scribat,
1530 595 1579 628 vt
1602 586 1732 628 facile

101 661 309 705 videatur
330 676 355 704 e
378 675 567 705 numero
591 661 730 705 fuisse
753 661 1196 704 derelictorum—¹2
1224 661 1348 717 Quid
1376 662 1538 718 igitur?
1566 663 1731 705 Nullus

99 753 201 781 esse
229 745 375 793 potest
405 737 639 793 hispanus,
672 737 748 792 qui
778 737 915 779 latine
944 738 1131 789 nesciat,
1164 745 1209 781 et
1237 739 1292 780 de
1322 739 1457 781 rebus
1487 738 1730 794 spirituali-

99 813 186 857 bus
207 815 278 856 vel
301 814 527 868 loquatur,
553 815 623 857 vel
650 814 830 866 scribat,
864 814 939 869 qui
962 814 1008 856 in
1037 814 1338 870 suspicionem
1369 816 1608 859 haereseos
1637 830 1728 858 non

99 890 319 933 incurrat?
343 890 466 945 Quid
490 890 525 932 si
549 891 716 934 habeas
741 898 788 932 tu
812 892 1028 933 deuotum
1054 890 1134 932 tibi
1158 891 1403 943 hominem,
1424 891 1501 947 qui
1520 892 1727 947 spiritum

98 966 173 1010 X?
194 967 410 1018 hauserit,
438 975 481 1010 et
506 966 586 1009 tibi
609 982 724 1022 quae
753 967 982 1022 scripserit
1011 968 1236 1010 censenda
1270 969 1430 1019 tradat,
1464 975 1512 1010 tu
1544 970 1727 1024 probes,

97 1044 305 1088 censebis
336 1045 460 1086 hunc
489 1043 718 1086 hominem
742 1045 982 1087 haereseos
1004 1044 1227 1088 sustinere
1256 1044 1575 1100 suspicionem,
1607 1046 1728 1100 quod

97 1120 329 1177 hispanus,
349 1121 469 1175 quod
488 1120 585 1164 sine
602 1120 757 1172 literis,
779 1121 900 1175 quod
911 1122 967 1164 de
981 1120 1136 1176 spiritu
1152 1121 1564 1176 scripserit?—Non
1584 1124 1722 1172 hunc,

97 1198 177 1241 sed
206 1197 428 1253 Ignatium
469 1198 850 1240 censeo—Hem!
894 1196 911 1221 b
949 1196 1075 1240 vides
1113 1212 1201 1252 quo
1240 1206 1284 1240 te
1321 1197 1553 1252 dejeceris:
1595 1199 1725 1241 cuius

94 1274 286 1317 ecclesia
317 1275 478 1329 probat
509 1273 690 1329 scripta,
717 1273 907 1328 hispani,
934 1273 1117 1325 idiotae,
1144 1288 1247 1316 eum
1271 1281 1320 1316 tu
1352 1274 1397 1315 in
1420 1273 1722 1329 suspicionem

94 1364 248 1403 vocas3
275 1350 351 1405 qui
376 1357 454 1392 tuo
477 1350 693 1405 suffragio
717 1358 837 1393 recte
860 1350 1054 1406 scripsit,
1081 1366 1182 1394 eum
1214 1350 1395 1395 liberaS.
1423 1352 1522 1393 Hoc
1546 1351 1631 1393 nisi
1654 1360 1720 1394 est

94 1426 300 1483 spiritum
320 1428 488 1470 habere
505 1426 699 1469 alienum
724 1428 780 1468 ab
804 1427 997 1482 primatu
1024 1427 1160 1477 Petri,
1187 1427 1300 1468 nihil
1323 1436 1406 1479 est;
1429 1442 1577 1482 neque
1601 1427 1722 1470 aliud

92 1505 214 1560 quod
237 1503 422 1560 propius
445 1504 630 1546 accedat
653 1504 708 1545 ad
731 1503 1033 1559 suspicionem
1059 1505 1313 1547 haereseos.

181 1583 245 1624 At
267 1581 405 1624 dices:
431 1594 518 1636 ego
542 1580 844 1623 necessarium
875 1588 1193 1636 argumentum
1224 1595 1317 1622 non
1349 1581 1543 1623 adduco:
1578 1582 1719 1623 vnde-

91 1672 286 1712 cumque
315 1658 486 1699 adorno
515 1671 714 1708 causam,
747 1671 881 1710 quarn
910 1657 1317 1712 suscepi.—Audi,
1350 1659 1538 1701 obsecro
1570 1665 1613 1700 te
1643 1672 1722 1713 per

91 1736 255 1778 Iesum.
283 1733 330 1778 Si
355 1734 468 1776 ratio
492 1733 577 1775 ista
600 1740 721 1776 certa
745 1747 834 1775 non
858 1741 942 1785 est,
969 1748 1123 1788 quare,
1152 1734 1289 1777 frater
1308 1733 1383 1785 mi,
1404 1734 1582 1788 quaeris
1603 1735 1737 1776 vnde-

92 1826 177 1854 nec
202 1811 282 1853 tibi
306 1825 520 1866 apparere
543 1824 732 1865 syncera
756 1810 921 1853 veritas
944 1810 1084 1865 possit
1107 1825 1190 1854 nec
1214 1811 1331 1853 aliis?
1363 1811 1403 1854 13
1434 1812 1618 1866 Quanto
1650 1826 1719 1854 res

88 1895 186 1932 erat
209 1887 481 1930 candidioris
510 1887 645 1929 animi
679 1894 723 1931 et
757 1887 901 1943 magis
934 1887 1099 1942 xpiani.
1137 1888 1301 1929 bonam
1336 1888 1560 1931 adducere
1594 1888 1717 1930 fratri

88 1973 166 2008 tuo
200 1965 476 2020 opinionem,
513 1972 558 2006 et
591 1963 704 2005 nihil
737 1978 822 2008 nec
856 1963 934 2005 tibi
968 1978 1052 2006 nec
1086 1964 1183 2007 aliis
1212 1965 1438 2007 obducere
1472 1966 1528 2006 ob
1562 1965 1718 2006 oculos

87 2041 250 2086 mentis
268 2040 591 2096 impedimenti,
613 2048 887 2096 quapropter
910 2048 958 2082 tu
977 2042 1033 2083 de
1057 2041 1190 2083 rebus
1206 2040 1405 2083 iudicare
1424 2040 1607 2083 liberius
1626 2055 1714 2082 non

83 2117 228 2174 possis
245 2132 329 2160 nec
347 2117 515 2160 verius.
537 2118 691 2171 Quare
713 2131 804 2158 non
828 2116 1030 2171 sequeris
1054 2118 1256 2172 regulam
1281 2118 1520 2172 quamdam
1544 2116 1715 2160 exerci-

86 2195 266 2247 tiorum,
293 2209 427 2249 quam
452 2193 616 2236 videris
639 2195 849 2249 probare?
872 2191 958 2236 etc'.

172 2272 262 2316 Sed
285 2271 519 2314 videamus
543 2284 664 2312 nunc
688 2270 795 2325 quid
829 2270 968 2312 dicas.
1000 2271 1128 2313 «Fuit
1164 2271 1371 2326 Ignatius
1406 2270 1626 2325 hispanus
1655 2273 1711 2321 ¹»,

81 2348 209 2404 quasi
233 2363 338 2391 vere
361 2355 377 2373 0
400 2361 489 2389 non
513 2346 586 2389 sit.
614 2348 676 2389 At
699 2346 759 2389 ita
780 2346 928 2402 potius
951 2347 1194 2389 dicendum
1215 2347 1295 2389 tibi
1315 2356 1429 2390 erat:
1455 2349 1561 2389 «Est
1580 2349 1712 2402 Igna-

78 2425 169 2468 tius
187 2409 423 2481 hispanus,
445 2439 470 2467 e
487 2423 629 2480 prima
648 2423 882 2467 nobilitate
907 2423 1048 2466 totius
1072 2424 1334 2479 prouinciae
1356 2423 1666 2479 hipuscuanae
1696 2423 1714 2448 d

78 2501 124 2544 in
143 2501 402 2553 Cantabria,
428 2501 471 2543 in
490 2515 578 2556 qua
596 2499 833 2556 prouincia
851 2500 963 2542 adeo
981 2500 1335 2544 incontaminata
1354 2501 1465 2542 fides
1485 2499 1712 2542 catholica

147 2647 165 2664 a
214 2636 393 2674 Obscure
425 2642 639 2671 exaratum.
693 2637 764 2663 —b
791 2635 866 2670 Vix
900 2636 978 2680 legi
1009 2641 1139 2681 potest
1170 2637 1264 2670 haec
1297 2636 1504 2681 particula,
1537 2648 1583 2671 eo
1609 2638 1712 2683 quod

75 2697 208 2731 charta
225 2700 454 2741 consumpta
471 2694 621 2730 fuerit.'
655 2715 685 2720 -
703 2704 718 2722 0
746 2695 831 2729 Non
850 2695 952 2729 clare
979 2700 1084 2740 patet
1113 2706 1161 2729 an
1181 2706 1271 2730 vere
1295 2701 1361 2730 aut
1385 2707 1478 2730 vero
1503 2696 1711 2741 legendum

77 2754 142 2789 sit.
196 2775 224 2779 -
244 2756 262 2781 d
288 2754 367 2790 Sic.

148 2875 158 2894 ¹
209 2873 267 2907 En
286 2872 489 2907 Pedrochii
509 2873 641 2906 verba:
663 2871 835 2906 «Acerca
853 2871 964 2905 desta
983 2872 1079 2905 letra
1099 2883 1140 2906 se
1168 2872 1216 2906 ha
1240 2871 1289 2906 de
1316 2877 1439 2915 notar,
1458 2884 1484 2918 y
1503 2871 1708 2918 ponderar,

72 2942 151 2978 que
171 2935 255 2966 este
275 2931 448 2977 Ignacio,
468 2933 490 2965 6
509 2930 621 2975 Ifiigo
639 2929 688 2964 de
709 2930 854 2975 Loyola
874 2929 938 2964 fue'
966 2931 1138 2975 espafiol‚
1158 2942 1184 2976 y
1204 2930 1268 2965 fue
1292 2930 1340 2965 de
1359 2936 1424 2965 tan
1443 2941 1558 2976 pocas
1576 2932 1708 2972 letras,

76 3002 153 3037 que
183 3001 234 3025 no
264 3001 375 3036 supo,
407 2990 446 3025 ni
477 2989 541 3024 fue
573 2991 752 3024 bastante
783 3000 873 3034 para
903 2988 1064 3024 escrivir
1096 2995 1201 3025 estos
1233 2989 1448 3025 exercicios
1470 3001 1518 3024 en
1544 2990 1708 3025 latin...»

75 3047 166 3085 Loc.
186 3049 270 3093 eit.‚
290 3060 378 3095 pag.
400 3057 591 3094 504·505.‚
