2028 3426
349 234 418 277 824
933 232 1070 268 EmsT.
1099 231 1143 267 P.
1171 231 1321 268 NADAL

285 334 367 376 nisi
392 336 477 376 hoc
503 334 732 389 prooemio
755 333 963 384 vtereris,
996 342 1132 388 atque
1156 334 1200 376 in
1225 333 1377 376 odium
1397 335 1528 377 simul
1549 343 1593 379 et
1628 336 1935 392 contemptio·

288 426 387 454 nem
414 410 623 466 primum,
649 410 753 454 dein
779 411 821 453 in
848 410 1065 453 inuidiam
1089 426 1276 455 vocares
1300 411 1526 467 Ignatium
1551 411 1694 465 illum,
1721 420 1767 455 at
1790 413 1932 468 pede—

287 487 461 539 tentim,
487 488 644 530 saltem
666 502 754 530 non
774 487 852 539 ita,
879 489 957 531 sed
987 493 1134 540 ἁθρόως.
1163 488 1207 530 id
1225 496 1310 540 est,
1332 488 1590 541 confertim,
1613 491 1931 542 vehementer,

290 564 520 608 atrociter.

376 641 560 693 Odium,
589 642 713 696 quod
735 642 792 684 de
815 641 990 685 haeresi
1012 650 1212 693 notatus;
1235 629 1568 698 contemptum,
1595 643 1718 698 quod
1739 643 1801 686 ita
1819 657 1932 687 con-

287 718 504 773 temptiue
541 734 643 762 eum
685 718 905 769 nominas,
931 726 977 760 et
1010 719 1134 773 quod
1173 718 1415 775 fugitiuus;
1460 719 1677 762 inuidiam
1705 735 1796 763 non
1823 721 1934 764 satis

290 797 515 849 consulte,
538 796 611 838 vbi
631 796 879 852 potentiam
904 796 1068 852 Ignatii
1094 803 1139 839 et
1162 795 1362 839 diuinam
1383 796 1576 853 gratiam
1597 796 1817 840 insinuas.
1844 799 1935 842 Sed

287 875 371 916 hoc
396 882 464 917 est
488 876 635 916 Deum
660 873 703 915 in
738 873 955 916 inuidiam
983 888 1167 925 vocare,
1202 873 1284 916 nisi
1310 883 1444 917 acute
1470 882 1487 899 ³
1515 874 1639 917 dicas
1662 889 1799 931 agere
1824 882 1867 918 te
1889 884 1934 918 et

288 950 460 993 iudicas
483 950 581 993 eius
603 950 930 1001 celebritatem,
961 965 1079 1005 quae
1103 950 1280 994 etiamsi
1306 951 1419 994 adeo
1442 965 1542 995 esse
1566 959 1713 1007 potest
1742 959 1844 1007 post
1867 952 1931 994 la-

290 1042 420 1083 psum
452 1035 498 1069 vt
530 1028 703 1070 electus
733 1027 805 1075 sit,
833 1035 982 1070 tamen
1014 1035 1061 1070 tu
1093 1028 1334 1070 contendis
1365 1027 1540 1072 fortiter
1564 1029 1725 1071 falsum
1754 1043 1854 1073 esse
1876 1044 1932 1073 ex

290 1104 604 1159 sequentibus.
633 1103 674 1148 10

379 1181 620 1224 Noluimus
643 1183 868 1225 hactenus
892 1181 1074 1236 quidem
1096 1182 1288 1225 virtutes
1307 1182 1455 1224 Patris
1473 1182 1635 1237 Ignatii
1655 1182 1930 1238 praedicare3

291 1259 369 1302 sed
396 1259 602 1314 exemplo
622 1258 752 1301 Pauli
776 1257 818 1300 id
841 1273 961 1301 nunc
987 1259 1256 1309 necessario,
1284 1259 1411 1314 quasi
1435 1259 1480 1301 in
1499 1259 1771 1315 insipientia,
1795 1259 1928 1303 facie-

288 1350 403 1377 mus.
431 1337 619 1379 Summa
637 1335 736 1378 eius
761 1335 882 1378 vitae
907 1337 1192 1392 exponenda,
1218 1343 1263 1378 et
1293 1337 1413 1391 quod
1444 1336 1530 1378 iam
1561 1351 1585 1379 a
1614 1336 1834 1393 principio
1857 1337 1929 1379 lit-

286 1421 403 1455 teras
427 1413 687 1468 quaesierit,
715 1421 954 1468 totumque
979 1413 1239 1456 institutum
1265 1429 1397 1456 suum
1423 1413 1656 1458 ordinasse
1684 1422 1842 1457 contra
1865 1415 1929 1457 lu-

287 1492 513 1542 theranos,
536 1498 580 1534 et
599 1490 729 1532 simul
751 1491 866 1533 duos
879 1490 1114 1533 hominum
1135 1491 1365 1549 erro[re]s:
1388 1501 1481 1534 tum
1501 1506 1674 1544 eorum,
1696 1491 1771 1547 qui
1789 1493 1930 1535 solam

283 1567 589 1619 deuotionem,
616 1567 837 1623 neglectis
874 1567 1125 1623 scripturis,
1166 1575 1276 1619 etc.,
1318 1576 1575 1620 sectantur3
1619 1577 1714 1611 tum
1745 1568 1925 1612 illorum

284 1644 436 1697 etiam,
465 1644 541 1700 qui
571 1644 743 1687 litteras
779 1645 876 1688 sine
913 1645 1158 1688 deuotione
1195 1646 1513 1702 amplexantur
1551 1653 1595 1690 et
1634 1653 1799 1689 amant.
1824 1647 1930 1690 Duo

284 1723 394 1765 haec
417 1721 595 1765 censuit
618 1736 796 1778 semper
827 1722 1168 1778 coniungenda,
1196 1730 1287 1767 etc.

372 1799 544 1855 Aperte
566 1800 622 1842 de
645 1799 1048 1854 persecutionibus
1071 1799 1334 1853 dicendum,
1361 1801 1485 1855 quod
1517 1814 1748 1856 nunquam
1773 1802 1830 1843 ab
1859 1800 1930 1843 in-

282 1876 576 1931 quisitoribus
599 1883 782 1919 notatus
807 1890 859 1919 ac
884 1891 940 1919 ne
965 1884 1154 1920 vocatus
1184 1877 1385 1933 quidem,
1418 1877 1496 1920 sed
1529 1878 1585 1920 ab
1615 1877 1928 1933 prouisoribus

281 1953 613 2008 episcoporum,
639 1961 683 1996 et
723 1967 780 1997 ne
803 1954 859 1996 ab
884 1953 955 1995 his
998 1953 1182 2009 quidem
1218 1962 1402 1997 notatus
1440 1955 1495 1998 de
1524 1954 1710 1997 minimo
1746 1954 1928 2010 quidem

282 2045 449 2074 errore.
478 2031 595 2073 Acta
618 2037 774 2073 extant
799 2030 1032 2086 Compluti
1062 2032 1067 2050 ¹
1097 2038 1142 2073 et
1166 2031 1488 2075 Salmanticae.

372 2109 437 2149 Ex
462 2108 579 2150 fama
602 2107 817 2164 impingis
839 2107 1172 2150 atrocissimum
1197 2108 1385 2160 crimen,
1413 2108 1516 2151 vide
1540 2123 1675 2163 quam
1696 2110 1924 2162 consulte,

286 2199 421 2239 quam
447 2185 678 2240 theologe,
705 2199 840 2240 quam
865 2185 1044 2240 xpiane.

376 2262 441 2304 Ex
477 2263 635 2306 eadem
662 2262 778 2305 fama
801 2261 904 2306 vide
943 2261 1051 2318 quid
1089 2262 1334 2318 contigerit
1366 2265 1535 2308 Romae
1574 2264 1659 2306 illis
1688 2277 1731 2317 4.
1759 2264 1785 2307 ΙΙ
1811 2263 1927 2307 Vide

286 2339 509 2394 Magistro
533 2339 686 2381 Ioanni
710 2354 735 2382 a
760 2341 963 2383 Mercato
987 2338 1003 2362 ¹'
1024 2341 1059 2381 ².

942 2418 1021 2459 Fo.
1050 2429 1093 2472 5.
1121 2418 1177 2460 fa.
1206 2426 1274 2474 pf

376 2495 529 2536 «Haec
553 2495 826 2537 documenta
849 2508 901 2536 ac
925 2493 1177 2550 spiritualia
1201 2494 1460 2547 exercitia»,
1487 2502 1574 2538 etc.

373 2571 496 2625 Quid
520 2572 590 2613 tu?
617 2572 819 2614 «Acerca
842 2571 970 2615 desta
993 2571 1152 2622 letra»,
1179 2579 1267 2615 etc.
1295 2571 1420 2627 Quid
1444 2572 1583 2615 habes
1607 2571 1679 2614 hic
1709 2572 1831 2627 quod
1857 2571 1925 2615 vi-

352 2741 368 2756 21
418 2730 597 2767 Obscure
617 2730 819 2777 scriptum.
873 2733 936 2758 —b
966 2731 1059 2766 Post
1074 2732 1168 2766 haec
1188 2731 1323 2766 relicta
1341 2737 1401 2766 est
1420 2733 1556 2767 lacuna
1572 2743 1639 2778 pro
1657 2732 1825 2768 caeteris
1840 2743 1923 2779 per-

282 2789 552 2824 secutionibus
571 2790 804 2828 scribendis,

357 2927 363 2944 ¹
419 2926 530 2960 Edita
550 2932 641 2961 sunt
660 2938 678 2961 a
700 2927 811 2962 nobis
837 2928 875 2962 in
896 2927 1074 2964 Menum.
1096 2928 1250 2975 Ignat„
1272 2928 1356 2963 Ser.
1379 2927 1447 2972 IV,
1469 2929 1496 2973 1,
1523 2927 1606 2973 598.

352 2988 364 3005 ²
419 2986 496 3020 Has
513 2993 646 3020 contra
667 2986 861 3031 Ignatiurn
882 2986 1176 3032 persecutiones
1196 2986 1286 3022 vide
1305 2986 1407 3033 apud
1428 2987 1678 3032 POLANCUM,
1697 2986 1871 3028 Chron.,
1888 2987 1921 3032 Ι,

278 3044 341 3085 67,
366 3051 443 3087 ¹27·
469 3044 546 3088 169,
568 3050 643 3079 etc.
667 3044 765 3079 Item
786 3045 823 3079 in
845 3044 1030 3080 Menum.
1057 3046 1209 3092 Ignat„
1230 3046 1290 3080 loc
1307 3045 1392 3088 cit.,
1414 3056 1528 3091 pagg.
1549 3045 1610 3090 96,
1634 3044 1715 3091 123,
1741 3045 1821 3090 148,
1841 3051 1918 3081 etc.
