2028 3426
369 218 438 265 354
841 222 995 258 PA‘rms
1022 223 1265 259 Humonvm
1292 224 1327 258 N
1330 233 1443 260 ADAL

412 323 465 364 P.
486 323 687 380 Joannes
708 323 962 368 Seruiensis
985 331 1134 380 potest
1155 324 1371 381 prosequi
1387 340 1494 370 suos
1511 334 1656 382 actus,
1680 337 1727 373 et
1743 331 1955 376 consula-

322 405 394 440 tur
417 399 554 442 Pater
577 400 802 455 generalis
826 415 882 442 an
905 400 963 443 sit
984 403 1322 456 promouendus
1344 404 1402 445 ad
1424 403 1652 449 licentiam
1676 413 1721 450 et
1743 407 1951 452 doctora-

321 482 416 516 tum
442 476 716 532 theologiae.
740 478 842 519 Non
862 477 946 521 erit
961 478 1218 533 praefectus
1236 480 1626 525 commensalium:
1647 483 1953 528 substituetur

321 553 373 594 Ρ.
399 552 702 605 Christianus,
730 560 774 597 et
797 561 945 596 tamen
970 553 1042 597 ille
1065 555 1265 598 manebit
1295 557 1417 612 apud
1447 560 1773 604 commensales
1795 560 1949 618 aliquo

320 636 541 684 tempore,
567 638 611 672 et
635 629 720 672 erit
748 630 876 685 quasi
904 632 1137 674 consultor
1164 639 1210 676 et
1238 633 1365 688 quasi
1393 634 1648 679 admonitor
1680 637 1789 680 noui
1817 653 1951 694 prae-

319 704 437 748 fecti:
460 705 610 749 veniet
628 715 778 749 autem
796 708 997 759 domum,
1019 722 1122 750 cum
1142 708 1333 765 primurn
1353 702 1613 756 censebitur
1630 713 1720 756 illic
1738 729 1832 758 non
1849 729 1951 760 esse

318 782 602 833 necessarius
624 784 679 825 ad
700 783 818 825 illam
842 784 1222 830 obseruationem.
1247 787 1465 832 Censebit
1485 789 1621 832 etiam
1643 791 1947 846 prouintialis,

316 873 373 901 an
397 858 470 902 ille
493 859 551 901 sit
577 861 759 902 futurus
782 861 1038 916 praefectus
1064 862 1437 919 disputationum.

407 938 459 979 Ρ.
487 937 721 980 Laurentii
745 952 881 993 opera
901 946 1050 982 vtetur
1069 948 1216 984 rector
1234 941 1279 984 in
1297 943 1722 988 conuersationibus
1739 945 1950 1007 spiritua-

315 1012 450 1065 libus,
477 1013 521 1055 in
547 1014 707 1057 dandis
729 1015 971 1068 exercitiis,
998 1023 1043 1059 et
1065 1019 1387 1074 promouendis
1414 1019 1460 1062 in
1491 1020 1658 1076 pietate
1686 1022 1945 1067 iuuenibus.

317 1090 386 1133 Ne
418 1099 618 1133 resumat
655 1091 774 1133 illam
811 1092 1050 1137 lectionem
1090 1095 1472 1150 mathematicam,
1513 1104 1559 1140 et
1594 1098 1836 1155 diligenter
1873 1101 1950 1144 det

314 1180 495 1222 operam
522 1168 796 1224 theologiae,
822 1177 867 1213 et
891 1171 1039 1224 quoad
1062 1171 1159 1214 fieri
1181 1180 1346 1228 potest,
1373 1187 1464 1216 non
1493 1183 1743 1231 occupetur
1771 1176 1818 1219 in
1848 1178 1948 1221 offi—

311 1243 382 1286 cio
406 1244 566 1287 fabrili.

405 1323 455 1364 P.
486 1323 722 1377 Reynerus
743 1324 889 1379 primo
912 1339 1094 1381 quoque
1118 1333 1319 1383 tempore
1343 1328 1508 1384 poterit
1531 1329 1647 1372 mitti
1670 1329 1716 1372 in
1738 1331 1944 1386 patriam,

309 1405 356 1439 et
380 1398 631 1443 committet
654 1399 717 1442 illi
740 1408 888 1444 rector
911 1403 968 1444 de
991 1403 1295 1457 Harlemensi,
1322 1412 1371 1447 vt
1393 1407 1559 1450 habeat
1581 1406 1679 1451 eius
1701 1421 1875 1461 curam,
1902 1416 1947 1454 et

307 1489 364 1516 an
388 1475 531 1530 possit
554 1477 718 1522 redire.
759 1479 864 1521 Non
897 1479 1081 1522 uidetur
1110 1479 1199 1524 illic
1229 1482 1396 1526 debere
1424 1482 1596 1526 diutius
1626 1484 1789 1527 morari
1815 1485 1945 1528 mini-

306 1558 414 1604 ster,
441 1567 544 1595 nam
569 1554 699 1596 breui
723 1554 912 1608 uidebit,
933 1571 991 1598 an
1008 1557 1151 1612 possit
1172 1572 1280 1601 suos
1298 1558 1472 1612 iuuare3
1494 1559 1667 1604 reditus
1689 1569 1946 1607 reuertetur

306 1629 362 1670 ad
384 1644 517 1671 suum
541 1631 857 1677 ministerium.

393 1707 566 1749 Nouitii
589 1716 882 1763 perseuerent
905 1710 950 1752 in
973 1725 1058 1754 suo
1076 1711 1318 1766 nouitiatu,
1338 1720 1384 1756 et
1402 1715 1623 1758 habeatur
1640 1729 1796 1759 eorum
1814 1731 1941 1772 cura,

304 1789 348 1825 et
370 1784 715 1839 superintendat
739 1793 906 1840 rector,
932 1803 989 1832 ne
1012 1788 1126 1830 fiant
1148 1789 1401 1845 scrupulosi
1424 1792 1496 1834 vel
1519 1787 1848 1836 melancholici.

392 1861 444 1902 P.
467 1862 702 1905 Arnoldus
720 1863 777 1905 sit
795 1863 993 1919 quidem,
1015 1866 1136 1920 quod
1155 1874 1239 1920 est,
1260 1867 1565 1911 confessarius
1588 1876 1632 1913 et
1652 1877 1938 1926 procurator,

302 1937 358 1978 de
381 1937 565 1992 reliquis
590 1939 739 1983 videat
765 1942 901 1985 Pater
924 1942 1222 1998 prouintialis.

395 2016 447 2056 P.
476 2015 765 2060 Christianus
787 2018 872 2061 erit
895 2020 1152 2074 praefectus
1180 2022 1570 2072 commensalium,
1607 2031 1652 2067 et
1682 2025 1866 2068 Patrum
1893 2034 1939 2070 et

301 2091 506 2143 fratrum,
539 2094 614 2147 qui
645 2094 734 2136 illic
763 2103 913 2148 erunt,
946 2104 992 2140 et
1020 2097 1252 2141 studiosus
1285 2099 1556 2156 theologiae.
1593 2099 1716 2146 Idem
1751 2101 1937 2146 docebit

303 2168 480 2210 futuros
503 2170 690 2225 logicos.

390 2246 438 2288 Ρ.
471 2247 805 2291 Maximilianus
835 2251 994 2294 doceat
1023 2251 1251 2307 priuatim,
1285 2253 1452 2296 clausis
1482 2254 1644 2307 ianuis,
1677 2255 1846 2310 aliquid
1882 2272 1937 2300 ex

298 2321 406 2364 diuo
436 2324 626 2377 Thoma,
660 2328 781 2380 quod
810 2327 930 2372 dicet
967 2330 1017 2371 P.
1059 2330 1234 2373 Natalis
1272 2337 1515 2387 antequam
1555 2332 1760 2385 decedat,
1801 2340 1846 2376 et
1878 2332 1937 2376 sit

299 2400 553 2454 praefectus
576 2402 830 2446 studiorum
855 2401 1074 2458 omniurn,
1105 2407 1322 2462 quamdiu
1351 2407 1424 2450 hic
1452 2408 1553 2460 erit,
1585 2415 1631 2451 et
1659 2409 1934 2465 praesidebit

298 2476 680 2532 disputationibus
706 2482 1030 2537 theologicis...

386 2554 641 2597 Seruiensis
665 2558 856 2611 praeerit
879 2560 1262 2615 disputationibus
1284 2562 1669 2618 philosophicis...

387 2630 617 2685 Quicquid
650 2633 763 2676 dixit
805 2638 854 2677 P.
898 2637 1071 2680 Natalis
1108 2646 1152 2682 et
1190 2639 1416 2682 ordinauit
1450 2639 1495 2682 in
1528 2642 1613 2683 hac
1647 2639 1920 2695 visitatione,

299 2707 514 2762 quicquid
539 2709 673 2752 etiam
707 2711 808 2753 fecit
839 2712 882 2753 in
913 2716 998 2756 hoc
1028 2715 1237 2772 collegio,
1273 2716 1495 2759 scribatur
1526 2716 1572 2759 in
1606 2718 1719 2760 libro
1752 2718 1931 2775 collegii

297 2785 382 2825 sub
407 2784 537 2827 titulo
565 2787 659 2830 «De
683 2787 988 2842 visitatione»,
1016 2792 1061 2834 in
1085 2807 1176 2847 quo
1200 2793 1333 2836 titulo
1362 2793 1622 2838 scribentur
1651 2794 1931 2839 visitationes

294 2861 704 2905 commissariorum
730 2872 774 2906 et
803 2866 936 2908 etiam
970 2869 1324 2923 prouintialium:
1355 2885 1472 2926 quae
1501 2879 1653 2915 autem
1683 2878 1790 2914 sunt
1817 2872 1928 2915 scri-

296 2938 460 2990 benda,
487 2939 778 2982 continentur
801 2944 1010 3000 catalogo
1034 2947 1259 3002 sequenti.

385 3015 708 3061 Confessiones
731 3021 983 3073 generales.
