2028 3426
292 190 337 226 38
867 192 1045 228 Noa-mn
1073 200 1262 229 comeum

245 295 359 341 ravit;
380 299 421 332 et
440 296 519 332 hoc
539 296 700 332 tertium
721 296 956 344 exemplum
977 301 1038 333 est
1063 283 1194 333 Codejr
1225 295 1344 334 Vatis.
1372 303 1405 347 7,
1429 297 1467 334 in
1489 309 1572 344 quo
1588 308 1718 345 pauca
1738 297 1881 335 admo—

247 366 359 413 dum,
381 378 513 414 eaque
536 366 787 413 brevissima,
808 367 968 415 propria
991 379 1111 404 manu
1147 367 1380 405 emendavit
1413 369 1499 416 ipse
1527 373 1679 406 auctor.
1708 367 1882 416 Aliquae

248 442 383 475 tamen
406 438 650 483 additiones,
671 438 765 475 licet
784 450 952 486 paucae,
972 438 1136 486 majoris
1157 439 1364 485 momenti,
1384 439 1510 487 ipsius
1531 439 1685 476 Natalis
1702 451 1798 477 cura
1813 451 1885 488 per

249 520 538 546 amanuensem
559 509 764 546 diversum
786 509 837 545 ab
858 509 938 555 illo,
961 509 1029 556 qui
1050 514 1180 546 totum
1201 509 1387 547 codicem
1412 511 1675 558 transcripsit,
1696 521 1882 548 accesse-

249 586 352 617 runt.
374 580 556 617 Alterum
577 580 813 627 exemplum
834 580 959 617 nitide
980 585 1206 626 exaratum,
1227 581 1299 617 sed
1322 593 1402 618 non
1425 587 1607 618 extrema
1625 593 1747 618 manu
1763 593 1785 618 a
1801 581 1885 619 Na-

248 651 316 689 tali
337 652 548 697 donatnm,
570 651 681 698 quod
703 663 725 688 a
750 649 842 688 Cod.
876 650 995 688 Vatic.
1022 658 1045 700 7
1065 651 1103 688 in
1125 651 1259 689 multis
1279 652 1494 700 discrepat,
1516 653 1554 689 in
1578 652 1706 702 Epist.
1729 652 1780 690 P.
1797 652 1886 690 Na-

249 722 334 769 dal,
357 724 386 769 I,
408 734 503 759 xxx
525 735 547 759 a
568 722 687 759 nobis
708 723 958 771 descriptum
975 728 1048 759 est.

333 795 420 840 His,
443 795 493 830 de
514 806 539 841 4
560 794 772 831 codicibus
793 794 1048 842 supradictis,
1064 795 1287 843 generatim
1305 795 1548 843 praelibatis,
1566 795 1616 832 ad
1636 795 1887 844 singulorum

251 866 566 913 descriptionem
582 866 805 902 veniamus.

338 936 429 973 Cod.
464 935 582 974 Vatic.
599 945 640 984 3.
654 959 676 963 -
699 936 789 974 Vol.
811 937 850 973 in
871 936 942 983 4⁰,
964 936 1196 986 colligatum
1218 941 1259 974 et
1277 949 1521 987 pergamena
1552 943 1738 985 opertum
1760 949 1888 974 mem-

254 1008 391 1053 brana,
413 1019 518 1055 quae
539 1020 593 1044 ex
621 1008 788 1055 antiquo
816 1007 965 1044 missali
993 1008 1236 1056 deprompta
1262 1008 1385 1045 fuisse
1416 1009 1589 1054 videtur,
1617 1021 1670 1045 ex
1697 1009 1891 1058 liturgicis

252 1079 454 1127 precibus,
475 1079 614 1116 litteris
634 1080 808 1129 gothicis
834 1080 873 1116 in
901 1079 988 1128 ipsa
1018 1080 1207 1117 exaratis.
1229 1079 1346 1117 Hanc
1380 1081 1419 1117 in
1449 1080 1572 1117 dorso
1593 1081 1801 1128 antiquam
1830 1081 1889 1117 in-

256 1151 519 1199 scriptionem
541 1150 675 1188 habet:
703 1151 1018 1188 ⁴instructiones
1038 1151 1085 1188 R.
1115 1151 1156 1188 P.
1186 1151 1373 1189 Natalis.==
1400 1152 1445 1188 In
1474 1153 1563 1200 ipso
1593 1152 1715 1189 dorso
1742 1153 1818 1189 hae
1840 1152 1890 1189 si-

253 1227 449 1272 gnaturae
465 1223 667 1270 antiquae:
688 1222 744 1259 «C
771 1222 776 1270 1
805 1229 904 1271 3715
932 1223 937 1270 Ι
963 1222 997 1260 G
1023 1223 1028 1269 Ι
1054 1222 1115 1260 Br.
1132 1222 1179 1260 G.
1195 1230 1284 1269 95.»
1296 1223 1498 1261 Recenter
1512 1224 1602 1260 stilo
1618 1223 1780 1271 lapideo
1797 1234 1889 1260 cae-

253 1293 351 1330 rulei
375 1293 522 1330 coloris
552 1304 721 1330 numero
745 1305 763 1342 3
782 1294 985 1343 signatum
1005 1298 1078 1331 est.
1101 1294 1237 1331 Priora
1257 1305 1282 1341 4
1303 1295 1396 1332 solia
1425 1307 1507 1332 non
1537 1300 1630 1332 sunt
1656 1295 1824 1343 signata.
1846 1294 1891 1331 In

256 1375 398 1401 eorum
426 1364 510 1410 1.⁰r,
530 1365 631 1400 haec
653 1375 674 1400 a
697 1363 829 1400 Natali
855 1363 1003 1412 scripta
1032 1364 1204 1401 fuerunt:
1231 1363 1500 1414 «[Quaenam]
1526 1366 1605 1402 sint
1631 1366 1695 1402 hic
1723 1365 1893 1403 collecta

256 1440 295 1473 et
323 1448 445 1483 quam
466 1436 645 1473 habeant
664 1436 945 1473 auctorita1em
961 1458 1012 1462 -—-
1033 1448 1225 1484 —pauca
1246 1448 1336 1474 esse
1358 1437 1495 1474 addita
1517 1437 1602 1486 [per
1618 1435 1893 1489 con]g[re]ga-

256 1508 410 1544 tionem
427 1507 659 1556 generalem
683 1505 891 1559 [di]cenda
912 1507 950 1544 in
971 1508 1233 1555 praefatione.
1258 1507 1420 1557 [I]ndex
1442 1513 1504 1545 est
1522 1509 1753 1558 iungendus
1774 1529 1825 1536 —-·
1846 1531 1894 1536 —

258 1578 351 1615 loco
373 1579 572 1626 epitomes
594 1586 693 1615 ‘esse
713 1584 865 1627 posset.
892 1579 1250 1616 Animaduertatur
1281 1584 1325 1615 vt
1352 1576 1570 1631 [propriJae
1597 1572 1895 1617 admonitiones

256 1650 562 1698 prouincialium
585 1650 651 1700 [et]
673 1656 875 1687 rectorum
898 1650 1123 1687 scribantur
1139 1650 1339 1700 [rurjsum3
1360 1663 1453 1688 nam
1473 1673 1524 1680 —
1544 1672 1596 1678 —
1618 1673 1666 1679 —
1690 1657 1782 1688 sunt
1801 1663 1895 1700 pro-

257 1722 388 1758 uincia
411 1743 458 1749 —
481 1743 531 1749 —
555 1744 601 1749 —
623 1722 758 1759 danda
780 1743 828 1749 —
850 1743 900 1749 —-
923 1743 970 1749 —
991 1722 1238 1759 retineantur
1258 1722 1379 1759 admo
1396 1744 1715 1751 —————
1732 1722 1800 1760 vbi
1817 1723 1894 1760 iam

258 1805 321 1830 res
351 1793 622 1842 [pertrac]tata
652 1799 713 1830 est
748 1805 820 1842 per
852 1791 1114 1844 genera[lem]
1143 1795 1537 1843 congregationem.»
1561 1794 1716 1842 -Quae
1739 1795 1896 1832 uncinis

259 1864 497 1910 claudimus,
524 1865 808 1902 desiderantur
832 1865 871 1901 in
906 1877 993 1910 ms.‚
1023 1876 1073 1901 co
1106 1865 1218 1912 quod
1254 1866 1390 1902 charta
1418 1870 1660 1914 consumpta
1694 1877 1748 1902 ex
1783 1871 1896 1914 parte

259 1935 389 1973 fuerit.
412 1936 647 1983 Sequuntur
665 1936 738 1973 tria
759 1935 852 1973 solia
874 1947 1016 1973 vacua.

342 2006 378 2043 A
400 2007 467 2044 fol.
493 2014 526 2053 5,
547 2008 686 2054 incipit
706 2008 915 2056 scriptura,
937 2018 1041 2054 quae
1065 2008 1294 2044 continetur
1315 2007 1418 2044 foliis
1451 2018 1582 2056 1-324,
1604 2020 1657 2045 ex
1679 2008 1820 2045 ordine
1841 2009 1893 2046 si-

265 2079 409 2128 gnatis.
432 2078 666 2125 Sequuntur
686 2079 726 2115 ff.
751 2088 799 2127 27
821 2090 964 2124 vacua,
985 2090 1158 2125 quorum
1186 2079 1268 2115 duo
1290 2079 1422 2127 priora
1444 2079 1620 2116 numeris
1651 2087 1721 2128 325
1747 2086 1786 2117 et
1821 2081 1898 2126 326

266 2149 457 2186 distincta
479 2155 583 2186 sunt.
608 2148 794 2185 Tandem
827 2150 853 2185 6
880 2149 972 2185 folia
1005 2150 1043 2185 in
1078 2149 1158 2185 fine
1193 2148 1405 2196 habentur,
1427 2161 1507 2185 non
1535 2150 1704 2199 signata,
1725 2162 1897 2198 quorum

266 2221 398 2269 priora
419 2225 606 2267 quatuor,
628 2220 803 2257 indicem
830 2231 962 2257 rerum
989 2220 1130 2256 ordine
1158 2220 1415 2268 alphabetico
1440 2221 1642 2269 digestum
1677 2222 1898 2260 continent.

263 2293 356 2329 Duo
378 2291 516 2329 ultima
537 2303 638 2340 pura
659 2296 882 2328 remanent.

345 2363 477 2400 Totus
498 2363 635 2400 codex
655 2374 678 2399 a
699 2362 861 2400 duobus
882 2363 944 2398 vel
962 2362 1090 2399 tribus
1110 2363 1278 2400 librariis
1299 2363 1526 2411 descriptus
1550 2364 1633 2410 fuit,
1654 2369 1693 2401 et
1714 2376 1736 2401 a
1757 2364 1799 2402 P.
1820 2364 1898 2402 Na·

266 2435 331 2472 tali
357 2434 636 2482 frequentibus
657 2433 1010 2471 emendationibus
1032 2435 1263 2483 castigatus.
1295 2435 1412 2472 Plura
1445 2436 1606 2483 propria
1636 2447 1758 2473 manu
1785 2436 1900 2473 addi-

267 2506 338 2551 dit,
359 2506 483 2542 multa
511 2505 632 2542 etiam
668 2505 907 2542 obliteravit.
942 2505 1008 2541 Ex
1044 2505 1154 2542 hisce
1190 2511 1324 2542 autem
1359 2506 1714 2543 emendationibus
1740 2508 1901 2545 emersit

267 2577 433 2614 tandem
455 2569 591 2614 eodeni
614 2587 649 2626 7,
669 2578 725 2614 uti
747 2588 867 2624 supra
887 2577 1040 2614 dictum
1062 2582 1134 2613 cst.

350 2648 542 2685 Continet
563 2649 710 2694 omnia,
731 2659 836 2695 quae
857 2649 896 2684 in
918 2647 1008 2685 cod.
1039 2657 1059 2696 7
1095 2649 1360 2695 reperiuntur,
1388 2654 1428 2685 et
1461 2649 1626 2697 insuper
1652 2643 1782 2697 pauca
1813 2650 1900 2697 alia,

269 2732 375 2767 quac
397 2721 435 2756 in
457 2720 567 2756 illum
588 2720 751 2757 minime
771 2719 1050 2756 transferenda
1072 2719 1157 2766 ipse
1174 2725 1315 2756 auctor
1335 2720 1593 2757 existimavit.
1615 2721 1658 2756 In
1682 2721 1742 2757 his
1762 2733 1902 2758 recen-

271 2791 443 2827 sendum
472 2797 533 2828 est
560 2791 882 2838 antiquissimum
910 2790 1146 2837 exemplum
1180 2790 1408 2840 regularum
1438 2791 1660 2828 modestiae
1687 2791 1901 2830 Societatis

267 2862 376 2909 Jesu,
399 2862 467 2898 ubi
489 2873 574 2908 eae,
595 2862 737 2909 quales
757 2862 886 2910 primo
913 2873 935 2898 e
970 2847 1125 2898 calamo
1155 2861 1193 2898 S.
1230 2861 1372 2911 Ignatii
1407 2862 1608 2909 prodiere,
1628 2868 1732 2899 teste
1755 2863 1900 2910 Natali,

271 2933 608 2971 transcribuntur.
630 2934 674 2970 In
696 2934 877 2983 margine
898 2933 1047 2970 etenim
1068 2932 1148 2970 folii
1179 2933 1262 2981 83r‚
1297 2932 1365 2970 ubi
1394 2934 1470 2970 hae
1496 2934 1673 2982 regulae,
1694 2935 1901 2982 incipiunt,

272 3006 372 3041 haec
400 3007 560 3052 propria
587 3016 708 3041 manu
736 3005 893 3052 scripsit
919 3003 1083 3041 Natalis:
1122 3003 1345 3041 «Videntur
1378 3015 1468 3041 esse
1500 3004 1664 3053 regulae
1692 3005 1734 3042 Ρ.
1761 3006 1902 3054 Ignatii
