2028 3426
482 281 757 316 MONUMENTA
784 280 1039 316 GERMANIAE
1065 279 1407 315 SUPERxoRIS—36
1646 280 1714 326 239

214 382 304 426 Vbi
325 397 518 438 paruum
542 389 610 426 est
635 383 855 426 ferculum
878 383 1112 434 donatum,
1138 381 1184 423 in
1208 396 1363 425 mensa
1392 381 1438 423 id
1466 381 1759 426 circumfera-

122 465 212 502 tur:
237 459 283 501 id
305 459 342 502 si
361 459 660 502 maiusculum
682 459 755 510 sit,
781 458 828 500 in
852 458 1079 514 portiones
1102 472 1182 514 pro
1204 457 1398 513 singulis
1416 457 1664 501 diuidatur.

214 538 265 579 P.
292 536 560 579 Dominicus
583 536 775 578 retineat
797 535 994 578 officium
1018 533 1298 587 confessarii,
1325 535 1470 577 donec
1499 536 1550 577 P.
1587 537 1756 578 Paulus

122 612 309 669 Dilinga
331 613 502 664 redeat,
529 613 600 654 vel
623 612 744 654 aliud
768 613 1088 655 constituatur.

211 691 374 733 Nullus
392 696 607 732 externus
629 690 816 731 domum
840 688 1138 745 ingrediatur,
1165 689 1245 731 sed
1267 688 1442 731 externi
1472 688 1755 744 excipiantur

118 765 167 809 in
185 767 467 822 hypocausto
484 773 793 817 externorum,
814 766 1057 808 consiliarii
1075 773 1224 808 tamen
1243 765 1372 807 ducis
1391 765 1629 807 intromitti
1648 780 1752 821 pos-

120 850 227 886 sunt
250 850 441 902 tantum3
467 842 622 897 siquis
645 842 758 884 alius
781 841 1017 884 intromitti
1047 843 1225 893 debeat,
1259 841 1304 884 id
1332 840 1551 884 iudicabit
1584 849 1750 886 rector.

209 919 576 962 Confessionaria
598 926 810 961 maneant
833 926 1003 973 aperta.

207 997 309 1039 Non
332 995 582 1039 inuitentur
603 995 818 1048 artifices,
840 1009 1033 1049 quorum
1058 994 1225 1037 vtimur
1248 1009 1408 1051 opera:
1430 995 1582 1051 potius
1605 1010 1748 1050 parua

117 1075 386 1116 munuscula
407 1072 494 1115 illis
517 1072 717 1115 conuiuii
733 1073 833 1114 loco
850 1072 1093 1114 donentur.

204 1150 359 1192 Nostri
381 1151 542 1192 fratres
563 1149 607 1190 in
631 1148 799 1191 scholis
821 1162 905 1191 nec
929 1148 1118 1192 recitent
1137 1163 1219 1191 nec
1237 1148 1553 1191 examinentur
1571 1164 1596 1191 a
1614 1163 1747 1204 prae-

117 1234 315 1282 ceptore,
342 1227 422 1269 sed
445 1226 564 1268 domi
588 1225 632 1267 id
656 1226 733 1267 fiat
756 1224 1013 1280 diligenter.

203 1303 393 1345 Dicatur
416 1317 538 1345 nunc
561 1302 813 1358 guardiano
836 1316 918 1344 nos
941 1316 1031 1343 non
1049 1316 1182 1357 posse
1204 1301 1371 1356 alloqui
1394 1301 1629 1353 moniales,
1662 1302 1748 1345 nisi

68 1374 70 1376 ’
112 1379 305 1436 singulis
338 1379 514 1422 uicibus
552 1379 744 1435 explicet
782 1393 914 1421 suum
954 1392 1240 1421 consensum.
1279 1380 1396 1421 Cum
1430 1394 1538 1422 vero
1571 1379 1747 1423 venerit

115 1458 249 1499 Pater
271 1456 576 1512 prouincialis,
602 1456 639 1498 is
662 1462 768 1512 agat
790 1454 894 1498 cum
916 1455 1125 1506 ducissis,
1153 1463 1201 1496 ut
1223 1455 1335 1498 citra
1358 1455 1597 1511 guardiani
1633 1470 1743 1498 con-

111 1547 295 1576 sensum
319 1547 409 1575 non
433 1547 707 1588 occupemur
730 1532 776 1575 in
799 1532 1086 1590 monasteriis
1109 1532 1385 1574 monialium.

199 1610 365 1653 Nullus
386 1617 710 1653 ueteranorum
742 1609 920 1652 intersit
953 1608 1219 1651 recreationi
1248 1609 1540 1662 nouitiorum,
1575 1608 1660 1651 nisi
1688 1609 1744 1652 de

111 1700 336 1729 consensu
355 1686 613 1742 superioris.

197 1761 264 1806 Ex
285 1763 596 1805 selectioribus
624 1762 839 1805 fratribus
868 1777 986 1804 unus
1015 1770 1093 1806 aut
1121 1764 1232 1805 alter
1260 1762 1432 1805 habitet
1461 1762 1578 1804 inter
1608 1762 1744 1820 noui—⁴

110 1839 212 1891 tios,
237 1839 275 1881 si
298 1840 534 1882 commode
555 1839 653 1883 fieri
675 1839 832 1895 possit.

195 1917 444 1958 Possumus
472 1931 528 1959 ex
556 1916 658 1958 aula
687 1916 890 1971 accipere
918 1931 1126 1965 munera,
1160 1906 1317 1971 utpote
1348 1929 1528 1967 carnes,
1562 1915 1734 1971 pisces,

108 1992 279 2044 uinum,
304 2006 458 2048 panes,
484 2001 593 2044 etc.,
618 2007 722 2034 cum
740 1991 906 2034 scimus
928 1993 1091 2044 danda;
1112 1993 1168 2034 ad
1186 2007 1238 2036 ea
1257 1999 1407 2036 tamen
1424 1992 1732 2035 consumenda

106 2084 238 2112 nemo
261 2077 550 2112 externorum
573 2069 803 2112 innitetur.

191 2147 294 2189 Non
317 2146 585 2199 inuitentur,
611 2147 689 2202 qui
711 2147 784 2189 vel
805 2147 1073 2190 defecerunt
1094 2147 1168 2189 uel
1190 2145 1362 2188 dimissi
1391 2153 1498 2188 sunt
1527 2161 1552 2189 e
1581 2145 1738 2190 Socie-

105 2229 211 2275 tate3
233 2224 312 2265 sed
336 2230 483 2267 tamen
509 2223 675 2278 quibus
697 2223 820 2266 dedit
844 2224 1105 2266 facultatem
1123 2222 1326 2266 Societas
1342 2222 1609 2278 legitimam,
1631 2217 1736 2265 cum

103 2298 173 2342 his
200 2307 338 2355 agant
370 2299 512 2342 amice
544 2299 800 2355 superiores
830 2309 875 2342 et
908 2299 981 2342 alii
1019 2306 1195 2341 tantum
1234 2299 1406 2351 selecti,
1446 2314 1538 2341 non
1577 2313 1735 2343 omnes

102 2375 425 2420 indifferenter.
454 2377 571 2419 Cum
595 2375 692 2418 aliis
716 2377 867 2418 nullus
889 2383 1012 2439 agat,
1040 2383 1216 2431 praeter
1239 2375 1536 2430 superiorem.

191 2454 395 2496 Tollatur
427 2453 562 2496 lectio
594 2453 758 2509 logica,
793 2454 938 2495 donec
973 2452 1030 2495 sit
1063 2452 1359 2495 commoditas
1392 2452 1533 2495 maior
1564 2452 1652 2494 loci
1689 2460 1734 2495 et

101 2529 362 2572 auditorum
385 2538 415 2572 ἃ.

191 2608 242 2649 In
268 2616 567 2659 «memento»,
598 2608 673 2649 vbi
702 2608 895 2651 habetur
923 2607 1175 2650 communis
1203 2606 1458 2662 applicatio,
1490 2606 1567 2647 fiat
1597 2604 1730 2647 etiam

99 2680 312 2727 memoria
335 2683 616 2740 imperatoris
639 2698 691 2726 ac
713 2683 946 2740 principis,
972 2684 1162 2739 eiusque
1185 2682 1379 2726 familiae
1401 2681 1588 2723 ducalis.

188 2760 237 2805 Si
260 2775 350 2803 non
373 2776 546 2812 omnes,
567 2761 725 2804 saltem
750 2775 916 2816 magna
940 2762 1125 2803 Patrum
1148 2767 1193 2803 et
1222 2761 1408 2806 fratrum
1441 2772 1542 2812 pars
1572 2765 1644 2800 eat
1673 2757 1729 2798 ad

98 2837 429 2892 processionem
453 2837 497 2879 in
521 2839 637 2881 festo
659 2838 861 2893 corporis
885 2837 1071 2888 Christi,
1097 2844 1145 2878 vt
1168 2837 1380 2886 solemus,
1407 2835 1524 2877 inter
1546 2834 1718 2887 laycos.

187 2915 332 2957 Nemo
355 2913 587 2969 promittat
619 2914 831 2969 cuiquam
861 2921 1049 2958 externo
1081 2927 1129 2955 se
1158 2913 1321 2955 iterum
1355 2912 1410 2953 ad
1441 2910 1538 2952 eius
1566 2908 1727 2951 conui-

169 3076 187 3093 ὃ
235 3065 455 3103 obliterata
473 3068 568 3102 haee
587 3079 737 3114 paragr.
758 3068 797 3102 in
817 3079 888 3103 ms.
