2028 3426
344 242 410 279 136
813 244 965 280 PATms
992 244 1234 279 Hisaonvm
1259 243 1408 278 NADAL

294 345 364 389 ius
385 347 442 389 ad
464 345 632 402 primos
656 347 829 398 Patres,
847 351 945 388 *non
969 345 1075 389 inde
1097 346 1147 387 fit
1172 348 1323 403 tamen
1345 346 1600 388 necessario
1622 352 1673 388 ut
1705 346 1762 390 ad
1794 345 1938 402 quin--
1993 372 1995 410 ἢ

295 438 382 478 que
405 438 461 468 ex
483 423 569 467 illis
591 423 815 475 residuos,
841 437 924 466 nec
948 422 983 465 si
1008 436 1087 477 per
1104 420 1410 469 bullamillam
1429 422 1485 464 ad
1503 422 1705 478 quinque
1720 422 1926 468 residuos
1944 458 1948 462 .
1994 414 1995 458 j

295 501 643 544 concluderetur
665 499 953 555 gubernatio,
973 506 1132 554 ,posset
1153 500 1242 541 hoc
1264 505 1466 554 tempore
1484 498 1595 542 illud
1612 499 1682 543 ius
1699 501 1922 556 usurpari3
1936 519 1947 526 =⁴

297 591 398 620 nam
421 578 525 619 data
547 581 611 619 est
639 578 715 619 illa
747 577 937 620 facultas
968 575 1200 627 Societati,
1238 590 1352 631 quae
1365 576 1468 633 fuit
1498 577 1575 619 sed
1607 591 1698 620 non
1729 581 1794 620 est
1825 592 1944 620 am—.
1994 590 1996 594 ·

217 707 221 711 Ι
288 654 424 709 plius,
447 656 533 697 hoc
562 662 646 705 est,
673 668 787 708 quae
815 654 961 695 solum
985 667 1040 695 ex
1069 653 1126 695 60
1158 652 1292 696 sociis
1324 661 1533 698 constare
1564 661 1732 710 posset.
1769 655 1950 715 Quare⁸
1995 691 1997 714 :

297 730 506 773 abolitam
530 730 825 786 intelligimus
842 729 960 772 illam
979 730 1146 772 bullam
1165 744 1268 772 curn
1287 745 1369 774 sua
1387 730 1630 784 Societate3
1650 740 1696 774 et
1712 745 1764 774 ea
1780 732 1923 774 solum
1947 771 1954 780 ,

298 823 352 851 ex
376 807 449 850 illa
472 807 670 863 recipere
693 807 917 862 cogimur,
944 821 1059 861 quae
1081 822 1160 863 per
1193 815 1288 851 2.¹¹¹¹¹
1321 815 1366 851 et
1401 816 1495 862 3.¹¹¹¹¹
1527 807 1723 864 diploma
1756 809 1955 852 confir--

296 893 415 927 mata
452 892 576 929 sunt.
614 885 729 927 Nam
764 899 842 940 per
874 886 985 928 haec
1018 884 1264 940 diplomata
1296 892 1475 928 constat
1506 874 1663 929 nostra
1698 885 1921 939 Societas,

292 976 409 1016 quae
431 976 520 1003 vna
542 968 624 1011 est,
652 975 741 1003 non
765 962 821 1003 60
845 968 1019 1004 tantum
1043 961 1286 1014 sociorum,
1312 963 1391 1005 sed
1414 977 1530 1018 quae
1555 963 1693 1019 possit
1716 977 1920 1019 quocun·
1944 974 1947 979 '

295 1052 382 1092 que
404 1052 594 1081 numero
617 1037 814 1093 recipere
838 1052 1150 1094 quoscumque
1174 1038 1407 1082 uocauerit
1428 1039 1667 1084 Dominus.

382 1116 551 1158 Verum
575 1114 611 1157 si
635 1117 746 1158 haec
773 1114 894 1158 Patri
917 1117 1000 1158 Bo.
1026 1128 1118 1159 non
1140 1115 1439 1169 satisfaciant,
1465 1116 1575 1160 inud
1597 1131 1729 1173 spero
1758 1117 1804 1159 in
1837 1118 1924 1161 X.⁰

293 1191 554 1243 satisfaciet,
590 1191 799 1246 quamuis
831 1191 950 1235 enim
975 1192 1125 1236 omnia
1147 1192 1209 1235 illi
1233 1194 1409 1247 demus,
1435 1201 1480 1237 et
1503 1194 1673 1239 recidat
1695 1196 1782 1238 hoc
1807 1201 1922 1239 tem·
1956 1188 1959 1192 ’

294 1283 404 1324 pore
436 1269 707 1324 gubernatio
739 1269 796 1312 ad
819 1269 1020 1324 quinque
1052 1270 1198 1313 socios
1223 1270 1390 1326 primos
1415 1272 1591 1326 Patres,
1627 1270 1702 1326 qui
1736 1271 1781 1314 in
1804 1271 1948 1316 uiuis.

294 1353 422 1403 sunt,
464 1353 614 1388 tamen
658 1347 1037 1400 quemadmodum
1076 1346 1334 1409 attigimus,
1375 1355 1570 1403 quatuor
1607 1343 1703 1402 alii',
1744 1356 1923 1404 praeter
1980 1408 1982 1411 Ι

295 1421 455 1477 ipsum,
488 1422 532 1465 in
563 1424 650 1465 hoc
679 1430 785 1466 sunt
813 1410 1062 1476 vnanimes,
1091 1431 1139 1467 ut
1169 1426 1221 1468 R.
1259 1426 1310 1467 P.
1338 1432 1492 1469 noster
1522 1426 1702 1481 Laynez
1724 1425 1922 1470 vicarius

291 1498 349 1542 sit
371 1506 416 1543 et
438 1500 664 1555 gubernet
687 1499 978 1553 Societatem3
1005 1508 1050 1545 et
1073 1501 1204 1545 facile
1225 1501 1310 1544 sibi
1333 1503 1605 1558 persuadere
1628 1509 1792 1559 potest,
1818 1517 1921 1546 cum
1982 1499 1984 1505 ’

292 1576 492 1631 quinque
514 1576 604 1619 sint
628 1574 805 1630 Patres,
830 1585 875 1622 et
897 1593 962 1622 ex·
976 1577 1084 1634 ipsis
1113 1585 1308 1635 quatuor
1330 1579 1448 1623 idem
1477 1580 1851 1632 sentiant,*suam
1874 1595 1924 1626 se
1951 1572 1957 1611 s
1976 1599 1985 1613 ³

291 1653 559 1714 sententiam
585 1655 805 1698 aduersus
827 1654 949 1711 ipsos
970 1655 1174 1699 obtinere
1197 1670 1289 1698 non
1312 1670 1461 1712 posse,
1487 1663 1534 1701 et
1555 1656 1718 1700 mirum
1741 1645 1928 1713 quidem⁴
1976 1642 1982 1681 s

292 1729 432 1773 uideri
455 1738 620 1786 potest,
647 1745 750 1774 cum
775 1738 897 1775 totus
919 1731 965 1774 in
989 1733 1076 1775 hoc
1099 1732 1157 1776 sit
1179 1732 1232 1775 P.
1261 1735 1363 1786 Bo.‚
1389 1740 1440 1776 ut
1461 1733 1643 1777 euincat
1673 1735 1731 1778 ad
1753 1734 1922 1791 primos

291 1807 437 1849 socios
476 1807 622 1850 Patris
661 1808 823 1865 Ignatii
857 1809 926 1852 ius
958 1804 1245 1866 gubernandi
1278 1810 1551 1855 Societatem
1585 1811 1811 1867 rediisse‚=
1829 1813 1941 1856 fere‘
1966 1814 1987 1843 ⁴¹

290 1884 501 1927 omnibus
529 1885 794 1943 rationjbus,
825 1893 1003 1942 praeter
1030 1888 1147 1930 hanc
1177 1887 1383 1944 primam,
1415 1887 1527 1931 illud
1559 1903 1650 1931 non
1678 1888 1921 1946 attingere,
1980 1878 1989 1893 ⁹

289 1968 332 2003 et
357 1968 530 2003 tantum
555 1962 764 2005 omnibus
786 1963 897 2006 locis
919 1978 1056 2020 agere
1078 1964 1426 2008 constitutiones
1450 1980 1539 2008 non
1562 1980 1661 2009 esse
1683 1973 1818 2018 ratas,
1843 1980 1922 2022 per
1982 1976 1999 2025 f]

288 2052 400 2092 quas
423 2038 506 2080 fuit
529 2039 701 2082 electus
725 2039 935 2093 vicarius,
961 2040 1089 2097 quasi
1115 2055 1238 2095 uero,
1265 2041 1399 2086 etiam
1417 2041 1455 2085 si
1474 2043 1624 2085 nullae
1640 2049 1793 2086 essent
1810 2057 1920 2086 con-

288 2114 563 2167 stitutiones,
591 2117 722 2173 foret
749 2116 793 2158 in
824 2118 1033 2162 confesso
1061 2118 1229 2174 primos
1259 2120 1418 2162 Patres
1446 2119 1651 2164 obtinere
1679 2119 1918 2163 aristocra-
1953 2139 1961 2156 ..-
1984 2124 1985 2127 ’

288 2191 394 2233 tiam
427 2191 471 2233 in
504 2192 746 2236 Societatis
780 2195 1026 2249 republica;
1052 2199 1092 2237 et
1120 2196 1168 2237 id
1199 2210 1379 2238 rursum
1412 2195 1574 2239 mirum
1604 2203 1673 2241 est
1704 2198 1822 2252 (cum
1855 2202 1920 2239 tot

289 2268 460 2312 litteras
484 2270 756 2324 apostolicas
779 2272 1041 2328 habeamus)
1065 2287 1146 2316 cur
1168 2274 1338 2316 nullam
1367 2273 1477 2317 citat
1505 2274 1560 2317 ad
1584 2288 1712 2317 suam
1737 2287 1920 2317 causam
1955 2289 1958 2294 ·
1982 2293 1989 2316 r

288 2345 638 2389 conficiendam?
664 2347 780 2401 Quis
802 2356 819 2372 ³
842 2363 930 2390 non
956 2349 1076 2392 dicat
1099 2350 1223 2393 illum
1247 2365 1331 2394 suo
1354 2351 1475 2394 facto
1497 2350 1719 2403 confiteri,
1745 2351 1920 2393 nullum
1944 2368 1948 2397 ῑ
1982 2355 1990 2366 ”

287 2436 386 2465 esse
417 2423 566 2466 locum
598 2423 639 2465 in
665 2424 815 2476 bullis,
852 2425 927 2480 qui
952 2427 1093 2481 possit
1120 2427 1218 2471 eius
1240 2442 1404 2472 causae
1432 2427 1724 2484 patrocinari?
1753 2428 1833 2472 sed
1863 2427 1917 2471 ad
1954 2473 1958 2480 ,

286 2499 371 2542 alia
395 2514 651 2555 pergamus.

375 2577 423 2618 In
447 2576 582 2619 bullis
612 2578 867 2632 apostolicis
897 2594 986 2622 non
1020 2581 1070 2622 fit
1105 2581 1272 2625 mentio
1303 2582 1360 2626 de
1392 2581 1577 2633 vicario,
1614 2595 1697 2626 nec
1729 2582 1786 2624 de
1820 2581 1926 2626 eius·

287 2653 449 2705 officio,
476 2668 558 2698 nec
582 2670 607 2698 a
629 2655 793 2709 quibus
816 2657 949 2699 debet
971 2657 1094 2713 eligi3
1116 2659 1196 2702 sed
1215 2666 1390 2701 tantum
1409 2658 1700 2715 praepositi„
1673 2657 1914 2703 venerans:
1946 2719 1947 2722 Ἴ

285 2744 396 2785 ergo
418 2729 613 2773 vicarius
635 2739 704 2774 est
727 2732 1026 2785 introductus,
1053 2742 1131 2777 aut
1156 2736 1268 2778 falso
1291 2735 1565 2778 nominatus.
1982 2787 1986 2790 ,

373 2807 419 2851 Si
446 2809 530 2850 hoc
553 2816 867 2862 arorumentum
892 2810 1058 2865 aliquid
1082 2819 1246 2867 potest,
1272 2813 1351 2856 fiet
1373 2812 1577 2855 similiter
1600 2813 1711 2855 falso
1729 2826 1829 2856 esse
1846 2811 1917 2854 in-
1946 2806 1990 2858 ἦτ’

287 2885 494 2926 troducta
516 2893 561 2928 et
584 2885 814 2928 nominata
837 2886 881 2928 in
904 2887 1094 2931 ecclesia
1117 2890 1373 2932 orthodoxa
1402 2904 1471 2942 ea,
1503 2889 1559 2932 de
1582 2888 1748 2945 quibus
1777 2888 1822 2931 in
1847 2902 1918 2931 sa·-
1950 2923 1953 2927 .
1979 2939 1982 2943 .

356 3062 373 3078 a
425 3051 486 3086 ius
504 3063 636 3099 apogr.
658 3064 786 3088 errore
806 3054 963 3089 librarii.
