2028 3426
744 234 1181 278 SUPPLEMENTUM—‘25
1662 232 1730 278 855

232 333 421 376 Ibidem.
453 334 734 390 «Eligentem
758 335 974 377 conuenit
997 333 1353 390 praesentiscere
1376 333 1422 376 in
1444 333 1592 388 seipso
1620 335 1656 373 ¹»
1684 340 1771 376 etc,

233 411 337 453 Hoc
360 411 459 453 loco
482 411 763 454 dialecticam
788 418 911 454 tuam
934 425 1118 455 exerces
1141 418 1185 453 et
1209 409 1571 466 grammaticam.
1605 410 1776 453 Grauia

144 501 253 530 vero
276 487 411 529 huius
434 502 654 531 censurae
676 488 824 544 capita
842 489 897 530 ad
916 488 976 530 fo.
1005 489 1085 530 106
1105 487 1194 544 (vbi
1218 501 1429 542 expresse
1451 495 1496 530 et
1511 487 1773 537 formaliter,

143 571 191 605 vt
213 563 380 618 inquis,
406 564 589 619 ponitur
606 564 862 607 huiusmodi
882 564 1138 620 propositio>
1158 563 1321 607 reiicis.
1342 565 1452 605 Item
1471 578 1558 618 ego
1578 562 1774 605 vicissim

143 640 232 682 illic
245 641 301 684 de
313 639 520 683 sensibus
532 640 875 696 spiritualibus,a
887 641 1033 683 dicam
1051 646 1108 680 σὺν
1122 645 1261 691 Χριστῶ
1277 646 1458 691 ἐνεργοῦντι
1473 643 1542 686 217
1554 646 1608 678 καὶ
1627 650 1741 693 σαφῶς
1761 638 1778 662 ¹>

142 717 217 759 hic
240 718 385 759 solum
410 718 465 759 ad
490 725 612 760 tuam
635 717 915 761 dialecticam
939 725 984 762 et
1002 716 1342 773 grammaticam
1367 717 1663 771 respondebo.
1687 717 1775 759 Sed

141 793 343 850 intellige
385 794 576 849 primum
621 794 728 849 quid
771 795 995 837 dicamus.
1042 795 1164 849 Lege
1203 793 1430 848 exemplar
1456 792 1773 848 vhispaniense,

140 871 263 925 quod
287 870 366 912 tibi
390 871 434 912 in
459 870 676 926 superiori
706 885 896 914 censura
926 870 1127 913 exhibui:
1163 869 1328 913 adhibe
1357 869 1490 911 simul
1520 868 1774 912 versionem

141 947 339 990 latinam.
373 947 728 989 Animaduertes
762 962 843 990 nos
874 947 1066 1003 primum
1101 948 1319 989 honorem
1354 948 1451 988 Deo
1484 946 1606 997 dare,
1642 952 1777 999 atque

140 1023 325 1067 coelesti
359 1023 483 1066 Patri
516 1031 756 1079 acceptum
789 1025 955 1068 referre
985 1031 1135 1066 actum
1165 1023 1307 1074 illum,
1341 1037 1474 1077 quem
1505 1038 1530 1064 a
1559 1021 1776 1063 charitate

139 1100 210 1155 pie
232 1099 456 1142 credimus
479 1099 748 1152 deriuatum,
777 1100 1154 1154 quemadmodum
1179 1100 1297 1141 bona
1315 1098 1478 1150 omnia,
1500 1113 1615 1153 quae
1634 1114 1658 1141 a
1677 1099 1776 1141 Deo

139 1175 384 1231 accipimus
413 1177 546 1219 dona.
581 1176 801 1221 Breuiter:
828 1192 927 1221 esse
950 1183 1154 1218 nostrum
1177 1177 1233 1218 ad
1256 1177 1403 1218 Deum
1428 1174 1684 1219 referimus.
1718 1176 1774 1216 Et

136 1253 280 1308 primo
303 1253 484 1308 quidem
507 1254 606 1295 loco
630 1255 714 1296 hoc
738 1253 944 1305 dicimus,
971 1253 1091 1307 quod
1114 1252 1160 1294 in
1184 1251 1412 1294 communi
1436 1259 1504 1294 est
1527 1265 1617 1293 non
1640 1253 1773 1295 theo—

137 1331 344 1385 logorum
382 1330 545 1382 solum,
587 1331 667 1373 sed
706 1330 986 1386 xpianorum.
1030 1329 1229 1371 omnium
1259 1343 1309 1371 ac
1334 1328 1522 1384 pertrito
1545 1342 1766 1371 sermone:

136 1408 302 1450 debere
330 1421 412 1449 nos
441 1421 495 1449 ex
524 1405 530 1464 Ι
559 1407 793 1458 charitate,
827 1422 976 1449 amare
1004 1408 1174 1457 Deum,
1211 1420 1367 1461 agere,
1401 1405 1591 1460 eligere,
1626 1405 1773 1448 facere

136 1483 300 1526 omnia,
333 1484 469 1538 Quod
499 1498 606 1527 vero
635 1483 840 1525 addimus
870 1482 1114 1525 conuenire
1144 1481 1384 1537 eligentem
1416 1481 1774 1536 praesentiscere

134 1560 178 1602 in
203 1560 368 1616 seipSO,
395 1568 503 1612 etc.,
531 1567 777 1615 temperate
801 1559 990 1602 facimus
1009 1574 1059 1601 ac
1078 1558 1419 1614 circumspecte.
1443 1558 1600 1612 Itaque
1619 1558 1771 1600 remis-

136 1637 228 1679 sius
247 1638 435 1679 verbum
454 1651 724 1692 vsurpamus
747 1636 1026 1679 conueniens
1045 1650 1143 1679 esse
1162 1649 1213 1677 ac
1232 1642 1605 1685 consentaneum,
1627 1634 1663 1676 si
1683 1648 1773 1676 non

133 1715 280 1756 solum
303 1713 427 1756 illum
451 1721 602 1755 actum
626 1714 873 1756 habeamus
904 1712 1084 1764 amoris,
1117 1713 1196 1755 sed
1225 1719 1272 1753 vt
1302 1711 1420 1753 illius
1454 1718 1601 1763 actus,
1634 1711 1771 1762 immo

134 1805 240 1833 vero
259 1791 393 1848 (quod
411 1804 465 1834 eo
482 1791 580 1832 1000
598 1804 688 1831 non
707 1788 897 1831 dicimus
914 1803 999 1844 ego
1017 1789 1150 1841 addo,
1172 1796 1215 1832 et
1239 1787 1394 1830 libenti
1418 1787 1600 1842 quidem
1620 1786 1770 1830 animo

132 1876 176 1910 et
204 1867 443 1922 constanti)
479 1874 526 1908 vt
562 1865 793 1908 charitatis
825 1880 1005 1909 sensum
1044 1851 1290 1908 habeamus
1323 1864 1601 1920 spiritualem
1635 1871 1770 1918 atque

131 1943 502 1995 consolationem,
538 1942 771 1994 indicium,
807 1942 1006 1998 signum,
1043 1942 1207 1996 quibus
1241 1942 1376 1984 rebus
1409 1955 1464 1983 ex
1506 1940 1578 1982 illo
1618 1955 1770 1983 amore

130 2035 274 2062 meam
298 2019 563 2063 electionem
589 2018 746 2062 fulcire
770 2018 951 2074 possim,
976 2018 1173 2074 dirigere
1196 2026 1331 2072 atque
1354 2017 1554 2061 condire.
1582 2018 1637 2058 Et
1663 2016 1763 2071 qui-

132 2098 233 2139 dem
253 2096 324 2138 hic
348 2110 509 2140 sensus
532 2110 667 2150 quam
686 2095 743 2138 sit
760 2100 831 2140 218
850 2095 1119 2147 communis,
1141 2109 1275 2150 quam
1293 2096 1530 2137 confessus
1549 2095 1604 2136 ab
1623 2093 1767 2135 omni-

129 2174 231 2225 bus,
268 2187 403 2227 quam
434 2172 737 2227 praedicatus,
770 2173 1074 2227 proclamatus
1104 2171 1148 2213 in
1181 2170 1407 2214 vniuersis
1430 2170 1678 2226 scripturis,
1706 2168 1766 2210 ibi

204 2325 221 2341 a
271 2316 315 2349 In
335 2326 472 2360 marg,
494 2314 644 2349 Natalis
670 2325 797 2351 manu:
825 2314 886 2348 De
910 2314 1086 2348 sensibus
1109 2313 1393 2359 spiritualibus
1419 2313 1645 2358 Scriptura,
1671 2311 1764 2346 Dio-

131 2373 278 2419 nysius,
305 2374 514 2420 OrigeneS‚
541 2373 726 2416 Thomas,
754 2374 1063 2413 Βοιιαιιεηῖιινα,
1089 2371 1243 2414 Aliam,
1267 2371 1432 2407 Gerson.
1453 2371 1584 2405 Habes
1607 2371 1765 2405 euiden-

135 2433 235 2468 tiam
255 2436 420 2467 tuorum
444 2435 623 2473 actuum,
643 2432 797 2466 amoris
821 2432 943 2466 etiam
962 2431 1005 2465 in
1031 2430 1178 2473 Deitm;
1195 2431 1292 2476 quid
1312 2429 1461 2465 mirum
1481 2430 1516 2463 si
1532 2429 1673 2463 habeas
1687 2441 1764 2475 gu-

129 2495 233 2526 stum
253 2504 299 2526 ac
317 2491 615 2526 delectationem
635 2502 680 2525 ex
699 2489 783 2525 illis
806 2489 978 2524 actibus?
994 2489 1172 2524 elicitum
1194 2490 1396 2536 gaudium
1418 2499 1496 2522 non
1515 2487 1655 2522 sentis?
1674 2487 1720 2522 Id
1737 2500 1762 2522 a

128 2551 323 2585 charitate
341 2553 409 2585 est.
432 2549 542 2593 Quid
560 2549 686 2583 demis
706 2547 917 2594 praesidia
942 2546 1200 2594 infirmitatis
1223 2546 1763 2592 humanae,consolationes?

128 2610 235 2644 —De
255 2609 420 2656 gratiae
444 2606 797 2643 certitudine—In
823 2608 884 2642 liis
906 2607 1083 2642 sensibus
1107 2605 1335 2651 disquirite,
1365 2606 1488 2652 agite,
1518 2604 1650 2651 legite,
1673 2608 1762 2647 etc.;

129 2668 232 2703 nihil
261 2669 378 2702 aliud
403 2667 589 2713 poteritis
618 2667 825 2709 inuenire,
853 2667 956 2711 quod
979 2666 1144 2707 dicatis,
1171 2665 1251 2699 nisi
1272 2668 1383 2711 posse
1409 2664 1586 2699 incidere
1611 2664 1651 2698 in
1678 2663 1761 2699 illis

128 2726 347 2764 illusiones,
371 2726 577 2761 Probandi
594 2725 726 2772 igitur
743 2728 835 2759 sunt
852 2725 1034 2770 spiritus.
1087 2726 1154 2750 —b
1182 2724 1310 2758 Dubia
1328 2722 1457 2758 lectio.

128 2862 175 2885 an
194 2849 464 2894 communiter,
484 2848 523 2883 id
540 2854 614 2893 est,
634 2848 785 2883 seclusa
805 2847 964 2894 speciali
980 2847 1054 2882 Dei
1072 2846 1327 2891 revelatione,
1344 2857 1411 2891 per
1426 2857 1564 2880 sensus
1583 2845 1756 2881 internos

128 2908 300 2953 spiritus,
321 2920 390 2943 seu
408 2907 561 2943 divinas
586 2906 872 2942 consolationes
897 2906 1032 2941 haberi
1052 2905 1174 2951 possit
1193 2904 1348 2951 aliquod
1372 2904 1521 2949 gratiae
1539 2903 1696 2939 divinae
1715 2904 1754 2939 in

127 2967 240 3002 nobis
259 2966 451 3002 manentis
469 2966 668 3009 indicium,
687 2977 800 3012 quam
819 2964 1088 3011 quaestionem
1108 2963 1207 2998 infra
1233 2962 1538 3009 perperdendam
1559 2963 1751 3008 proponit.

199 3026 208 3046 ¹
261 3025 360 3060 Vide
378 3036 581 3060 censuram
603 3023 807 3059 Pedrochii
825 3024 887 3058 hic
906 3023 1111 3068 allegatam
1131 3021 1169 3057 in
1189 3022 1375 3057 POLANCI
1396 3021 1558 3062 Chron.‚
1579 3021 1644 3067 111,
1670 3022 1753 3066 516.
