2028 3426
452 301 725 337 MONUMENTA
752 310 1005 338 PRovmcrAE
1031 301 1365 346 Rumam—53
1608 302 1675 348 325

90 401 331 453 destinati,
357 408 402 445 et
426 408 575 445 tamen
598 402 661 444 illi
693 417 783 445 non
820 403 999 446 dantur:
1025 388 1080 445 de
1102 402 1267 457 quibus
1306 416 1569 458 responsum
1593 418 1723 446 acce-

94 484 229 533 gptum
252 477 386 520 scribi
409 477 574 533 poterit
595 479 651 520 ad
676 480 853 523 Patrem
879 479 1171 523 visitatorem.

490 611 631 640 CIRCA
663 611 940 641 COLLEGIUM
972 613 1116 641 HERBI
1125 612 1338 642 POLENSE

183 709 441 765 Episcopus
463 710 729 765 profiteatur
746 712 927 753 domum
947 719 992 755 et
1009 713 1207 763 hortum²
1229 726 1345 766 quae
1362 718 1468 754 sunt
1486 711 1612 755 iuxta
1629 713 1727 755 col-

101 785 290 842 legium‚
316 800 416 829 esse
443 786 701 829 monasterii
745 789 772 839 ¹,
813 802 894 830 nos
917 803 1027 832 uero
1052 789 1285 832 uoluntate
1308 796 1462 831 nostra
1483 796 1528 831 et
1557 790 1614 831 ad
1643 804 1726 831 no-

101 870 246 905 strum
268 862 603 918 beneplacitum
626 863 700 905 illa
723 864 919 906 alumnis
943 865 1192 908 concedere
1215 873 1246 907 a.

190 940 241 981 ln
265 939 353 982 alio
375 941 507 981 horto
529 940 680 982 nullus
703 941 923 983 habitabit
940 950 1168 995 externus3
1189 957 1271 984 nos
1288 943 1343 985 de
1366 943 1441 984 illo
1458 949 1726 994 statuemus,

93 1017 225 1071 -quod
241 1015 388 1058 visum
409 1015 557 1059 fuerit.

192 1092 343 1136 Primo
366 1107 547 1147 quoque
570 1100 786 1149 tempore,
814 1108 918 1136 Cum
942 1095 1116 1138 venerit
1144 1095 1450 1150 prouincialis,
1478 1095 1728 1151 accipiatur

97 1169 329 1224 possessio
352 1169 627 1221 monasterii,
660 1170 895 1212 domorum
919 1185 969 1213 ac
992 1171 1216 1214 redituum
1236 1172 1451 1214 omnium.
1480 1172 1730 1227 Accipian—

93 1254 176 1288 ‘tur
198 1253 243 1288 et
265 1245 531 1301 scripturae,
557 1252 601 1288 et
625 1248 737 1289 haec
758 1247 961 1302 legitime
984 1262 1135 1290 coram
1165 1248 1340 1290 notario
1358 1255 1403 1292 et
1433 1248 1626 1291 testibus
1650 1263 1727 1291 au·

94 1322 319 1365 thoritate
339 1322 616 1377 apostolicae
639 1323 775 1375 sedis,
801 1330 846 1366 et
868 1324 1133 1379 polliceatur
1156 1339 1204 1367 se
1222 1325 1539 1380 expediturum
1564 1326 1726 1376 bullas,

101 1399 138 1441 si
162 1398 444 1443 necessariae
467 1399 556 1441 sint
594 1400 651 1442 ad
687 1400 1034 1456 applicationem
1072 1401 1331 1444 monasterii
1355 1408 1399 1444 et
1422 1403 1478 1444 ad
1502 1402 1732 1444 fundatio-

99 1490 208 1518 nem
232 1476 427 1531 collegii.

193 1554 243 1594 In
267 1552 541 1596 monasterio
563 1553 744 1596 missam
769 1553 920 1597 dicere
941 1554 1259 1609 permittantur
1282 1555 1491 1597 monachi
1519 1555 1733 1609 quamdiu

96 1629 250 1672 nostri
272 1642 364 1671 non
381 1631 576 1684 possunt
599 1629 689 1671 illic
711 1629 968 1673 sacrificare
990 1630 1024 1675 b.

195 1705 348 1748 Primo
385 1720 567 1760 quoque
600 1712 800 1761 tempore
837 1706 1061 1749 scribatur
1097 1709 1153 1750 ad
1200 1711 1378 1753 Patrem
1393 1744 1402 1761 ,
1444 1717 1489 1752 et
1527 1709 1733 1751 mittatur

96 1789 337 1836 utrunque
359 1782 592 1837 scriptum,
619 1783 881 1838 praesertim
905 1785 1172 1836 secundum,
1204 1793 1249 1827 et
1281 1787 1427 1830 donec
1450 1785 1758 1841 responderit·

102 1859 258 1910 Pater,
284 1857 394 1900 nihil
412 1866 566 1901 nostro
590 1866 797 1914 petamus
819 1859 1017 1913 nomine,
1045 1862 1118 1904 uel
1147 1876 1483 1917 praeparemuS,
1516 1876 1600 1906 nec
1624 1876 1734 1918 aga-

97 1950 208 1977 ·mus
232 1941 280 1977 ut
298 1934 346 1976 in
369 1935 574 1978 aedificio
597 1937 861 1991 procedant.

198 2012 462 2055 Curandum
485 2012 671 2064 interea,
707 2021 757 2055 ut
786 2013 971 2069 capituli
1004 2029 1254 2058 consensus
1277 2016 1322 2057 in
1346 2023 1588 2071 Vtrumque
1623 2016 1736 2059 scri-

104 2095 237 2144 ptum
256 2089 461 2141 accedat,
475 2089 633 2131 saltem
650 2089 696 2130 in
715 2098 824 2139 2.¹¹ffl;
839 2104 928 2144 qua
945 2090 988 2132 in
1008 2105 1055 2133 re
1065 2084 1229 2135 iuuare
1240 2092 1405 2147 poterit
1421 2093 1732 2136 cancellarius.

197 2165 432 2210 Scribatur
455 2167 642 2208 Romam
666 2167 722 2209 ad
745 2168 941 2220 Patrem,
968 2182 1204 2211 necessum
1228 2183 1328 2213 esse
1349 2177 1400 2212 ut
1429 2170 1632 2212 mittatur
1655 2170 1738 2212 ali-

102 2242 211 2297 quis
233 2242 480 2298 Dihngam,
507 2243 606 2285 loco
630 2245 680 2286 P.
708 2244 899 2287 Gerardi
921 2245 935 2264 ²
959 2245 1160 2288 lecturus
1183 2245 1533 2302 philosophiam,
1561 2255 1655 2288 tum
1680 2248 1737 2289 ob

112 2318 330 2374 praedicti
361 2319 510 2361 Patris
538 2319 871 2372 necessitatem,
898 2328 992 2363 tum
1023 2328 1072 2363 ut
1094 2322 1212 2364 idem
1237 2324 1288 2365 P.
1322 2323 1569 2367 Rauestein
1595 2324 1608 2344 ⁵
1634 2337 1739 2365 suc-

176 2466 201 2494 ‚a
250 2456 291 2490 In
317 2455 491 2500 margine
515 2455 672 2490 Polanci
698 2466 832 2491 manu:
860 2457 1138 2492 Prouincialis
1161 2459 1269 2493 dicat
1293 2460 1487 2503 quomodo
1510 2471 1548 2494 se
1571 2459 1740 2493 habeant

108 2516 219 2549 Jzaec.
270 2514 324 2546 —J'
353 2514 543 2548 Polancus
562 2514 614 2548 ita
633 2514 673 2549 in
692 2515 879 2560 margine:
901 2515 961 2550 De
979 2527 1055 2561 quo
1080 2517 1324 2552 monasterio
1343 2518 1545 2563 loquitur?

187 2626 196 2645 ¹
249 2627 309 2660 De
325 2637 493 2672 quonam
513 2626 750 2661 monasterio
775 2627 838 2662 hic
864 2639 993 2662 sermo
1018 2627 1069 2663 sit
1095 2628 1313 2664 declaratur
1343 2630 1379 2665 in
1408 2630 1570 2676 epistola
1594 2630 1741 2665 Canisii

107 2684 161 2719 *ad
175 2684 370 2730 Borgiam,
390 2693 433 2729 14
447 2685 677 2722 Decembris
695 2685 784 2730 1566
802 2685 905 2732 data,
921 2687 989 2722 ubi
1005 2688 1100 2722 haee
1116 2687 1216 2723 inter
1230 2688 1304 2723 alia
1318 2689 1523 2723 habentur:
1545 2688 1739 2723 «Primum

111 2742 262 2778 scribet
278 2743 413 2778 Rmus.
441 2743 631 2779 Dominus
655 2744 940 2791 herbipolensis
964 2745 1011 2781 ad
1033 2747 1259 2791 generalem
1283 2747 1545 2793 praepositum
1571 2747 1740 2782 Societa-

110 2801 166 2837 tis
185 2803 280 2847 Jesu
298 2813 340 2837 se
355 2803 577 2837 consentire
596 2809 638 2838 ut
656 2802 786 2838 futuro
803 2804 971 2849 collegio
996 2805 1291 2851 incorporentur
1310 2807 1410 2840 bona
1436 2806 1656 2840 monasterii
1676 2805 1740 2840 de-

112 2860 230 2896 solati
248 2866 406 2896 sanctae
425 2862 593 2907 Agnetis
607 2862 719 2907 juxta
737 2863 1031 2898 concessionem
1051 2864 1146 2899 Smi.
1164 2865 1254 2899 Dni.
1276 2865 1395 2899 nostri
1412 2864 1490 2909 jam
1514 2870 1604 2899 ante
1623 2865 1739 2910 impe-

113 2924 298 2955 tratam.»

178 2978 202 2997 '²
252 2978 296 3012 P.
321 2978 519 3014 Gerardus
537 2979 743 3016 Pastelius.

190 3038 204 3057 ⁵
254 3038 315 3072 De
340 3037 382 3073 P.
409 3038 559 3083 Joanne
589 3038 830 3074 Rabenstein
861 3039 1017 3086 saepius
1047 3039 1193 3075 dictum
1226 3046 1286 3075 est
1312 3040 1350 3075 in
1371 3041 1497 3087 Epist.
1519 3042 1566 3076 P.
1591 3041 1739 3084 Nadal‚

120 3096 199 3131 vol.
219 3096 283 3132 III.
