2028 3426
602 262 876 297 MONUMENTA
902 262 1170 298 ITALJAE—-IS
1590 275 1649 311 171

79 378 198 406 mum
226 375 406 404 oramus
435 363 492 404 D.
529 363 584 404 V.
619 362 806 404 Illmam.
833 369 883 404 ut
906 363 1100 405 adducat
1123 364 1178 405 ad
1201 365 1317 406 hanc
1342 378 1540 417 causam,
1567 375 1611 410 et
1635 367 1700 410 in-

33 461 38 465 ·
77 440 233 483 stituto
269 445 423 480 nostro
455 453 554 481 earn
586 439 662 482 det
699 440 851 491 fidem,
887 454 1021 494 quam
1054 440 1239 495 spiritus
1271 441 1470 497 religiosi
1507 444 1698 497 uocafio,

79 514 321 559 auctoritas
333 515 577 569 apostolica
595 521 640 557 et
657 515 838 558 concilii
852 515 1083 558 tridentini
1097 516 1296 572 dignitas
1308 519 1525 573 postulat.
1546 521 1699 562 Ratio—

77 607 156 636 nes
174 605 280 634 uero
297 600 453 646 postea
465 592 758 643 adducemus,
780 594 901 647 Xpo.
917 593 1126 648 propitio,
1142 593 1307 648 quibus
1321 595 1577 638 confirmari
1595 611 1699 651 pos-

78 667 181 719 sint,
202 682 318 723 quae
340 675 495 710 nostro
517 668 724 711 instituto
747 669 1053 722 continentur,
1080 678 1124 714 et
1147 672 1440 715 ostendemus
1459 672 1521 715 44
1545 672 1698 729 (mov,

77 744 243 786 nullam
265 731 364 786 esse
387 758 566 787 causam
593 752 866 801 quapropter
889 746 1126 801 quisquam
1151 747 1197 788 in
1221 747 1491 790 contrariam
1517 756 1700 793 senten-

78 819 181 863 tiam
204 819 419 863 inclinare
441 821 615 864 debeat.

162 896 275 939 Illud
309 899 487 940 tandem
520 900 606 940 hoc
639 899 738 941 loco
771 914 992 954 ponemus
1026 902 1085 944 D.
1117 901 1173 943 V.
1207 901 1373 943 lllmae.
1411 901 1701 946 consideran-

76 974 197 1026 dum3
224 988 338 1028 quae
358 973 642 1017 incommoda
663 983 927 1030 sequantur,
954 976 990 1019 si
1013 977 1088 1019 illa
1110 977 1240 1019 nobis
1269 992 1360 1020 non
1384 978 1698 1022 restituantur.

9 1051 11 1059 ⁴
161 1050 434 1093 Debilitatur
455 1053 574 1107 apud
596 1052 762 1094 multos
790 1053 1063 1108 apostolicae
1092 1054 1212 1097 sedis
1240 1055 1503 1108 auctoritas,
1537 1062 1603 1098 tot
1633 1056 1698 1098 di-

9 1126 11 1150 ÷
75 1126 278 1184 plomatis
300 1142 527 1182 expressa,
555 1135 650 1170 tum
673 1129 851 1171 concilii
872 1129 1006 1172 etiam
1030 1130 1296 1173 ecumenici.

10 1198 11 1205 ¹
33 1198 35 1200 ’
108 1233 124 1246 .
160 1204 449 1246 Infirmantur
471 1204 515 1246 in
539 1205 627 1248 fide
650 1205 844 1248 instituti
869 1206 1003 1248 animi
1021 1207 1240 1259 omnium,
1268 1215 1493 1262 quotquot
1511 1209 1567 1251 ad
1584 1211 1700 1252 hanc

77 1280 338 1337 religionem
365 1281 511 1323 uocati
534 1296 707 1335 su1nus3
734 1282 771 1324 si
794 1283 912 1325 enirn
935 1284 1048 1326 duas
1071 1283 1189 1326 illius
1210 1291 1362 1339 partes
1390 1285 1598 1328 videmus
1622 1287 1699 1327 ab-

76 1363 270 1414 rogatas,
298 1371 388 1412 quo
410 1365 542 1413 pacto
566 1359 812 1414 poterimus
835 1360 1017 1415 reliquis
1040 1362 1287 1404 confidere?
1317 1363 1473 1416 Itaque
1506 1362 1543 1405 si
1575 1363 1699 1405 debi-

10 1419 13 1462 ἶ
75 1433 258 1475 litantur
281 1434 544 1478 uocationes
566 1435 783 1488 omnium,
817 1443 865 1477 ut
894 1437 1202 1490 debilitantur3
1238 1439 1322 1480 hac
1356 1438 1587 1483 debilitate
1620 1454 1697 1481 ne-

11 1505 13 1510 ’
75 1523 247 1552 cessum
271 1516 339 1552 est
361 1518 617 1553 nostrorum
639 1512 940 1555 obedientiam
963 1513 1091 1567 sequi
1114 1513 1353 1566 infirmam,
1386 1515 1581 1559 debilem
1606 1516 1699 1571 spi-

11 1605 13 1631 ;
75 1585 221 1628 ritum:
248 1586 498 1629 animorum
523 1588 798 1632 alacritatem
822 1589 1043 1645 extingui,
1072 1591 1191 1632 unde
1214 1590 1461 1635 ministeria
1483 1599 1528 1634 et
1550 1592 1698 1635 officia

11 1654 13 1718 J
76 1662 311 1707 concidere
334 1678 573 1729 necessum
596 1673 682 1709 est.

11 1722 14 1731 ¹
159 1740 273 1782 Nam
296 1741 449 1783 nullus
470 1750 538 1783 est
560 1741 636 1795 qui
659 1756 750 1784 non
773 1741 907 1785 dicat:
938 1743 1052 1786 «Cui
1074 1743 1366 1786 credidimus?
1385 1759 1474 1799 qua
1497 1746 1696 1788 auctori-

11 1841 14 1848 =
73 1822 162 1860 tate
183 1818 268 1858 hoc
292 1817 496 1870 facimus,
523 1819 643 1872 quod
668 1818 856 1862 facimus
878 1820 1083 1863 homines
1107 1821 1303 1877 religiosi
1326 1829 1370 1863 et
1399 1822 1618 1864 diuinitus
1642 1823 1698 1865 ad

70 1892 154 1934 hoc
176 1892 430 1935 institutum
455 1895 619 1946 uocati,
645 1903 690 1937 et
712 1896 768 1938 ad
791 1896 927 1938 finem
952 1903 1042 1938 tam
1061 1898 1280 1953 grandem
1298 1898 1503 1942 lucrandi
1523 1898 1696 1941 animas

75 1968 271 2011 Christo?
293 1971 396 2013 Non
420 1970 504 2013 fuit
525 1971 665 2027 igitur
697 1971 856 2028 spiritu
884 1973 970 2015 Dei
998 1974 1163 2016 ductus
1191 1974 1411 2029 Igu-atius,
1446 1976 1554 2017 dum
1585 1977 1698 2018 haec

73 2054 338 2100 proponeret
371 2047 603 2100 ecclesiae3
641 2048 713 2091 alii
745 2064 902 2093 omnes
934 2050 1171 2106 pontifices
1195 2058 1240 2095 et
1272 2051 1512 2094 concilium
1548 2052 1697 2094 minus

73 2128 241 2165 attente
267 2124 324 2166 de
346 2124 510 2167 nostris
533 2127 669 2168 rebus
692 2133 988 2172 tractarunt.»
1014 2128 1228 2183 Sequitur
1251 2144 1416 2185 magna
1439 2129 1692 2172 animorum

74 2200 364 2253 perturbatio.

88 2265 91 2274 ‘
159 2276 284 2318 Haec
307 2276 368 2319 ita
390 2277 632 2332 loquimur,
657 2280 714 2321 D.
742 2280 902 2332 Illme.,
928 2295 1104 2323 summo
1127 2295 1231 2324 curn
1255 2282 1392 2324 animi
1410 2283 1552 2325 nostri
1571 2284 1699 2325 dolo-

75 2364 137 2403 re,
171 2366 260 2394 non
294 2355 414 2407 quod
446 2355 556 2397 haec
592 2362 767 2398 tantum
802 2357 1054 2409 timeamus,
1086 2359 1166 2402 sed
1199 2360 1320 2413 quod
1352 2374 1405 2402 ea
1438 2360 1525 2402 iam
1558 2360 1700 2403 simus

75 2429 257 2483 experti.
286 2432 531 2485 Postquam
555 2433 673 2476 enim
696 2433 770 2475 illa
792 2441 964 2477 mutata
993 2442 1099 2476 sunt
1128 2436 1219 2477 duo
1247 2451 1396 2478 rerum
1421 2437 1582 2492 capita,
1616 2437 1700 2479 sci-

75 2517 186 2556 mus,
218 2505 386 2549 scimus
417 2515 434 2532 ³
457 2507 688 2563 primarios
719 2511 893 2562 Patres,
921 2518 965 2553 et
988 2511 1152 2565 quibus
1181 2511 1404 2555 incumbit
1427 2528 1593 2568 magna
1615 2514 1697 2557 So-

66 2578 246 2624 'cietatis
277 2584 564 2638 gubernatio,
598 2592 642 2628 et
675 2601 699 2628 a
729 2586 893 2640 quibus
917 2587 1060 2642 prima
1088 2588 1336 2633 ministeria
1368 2600 1608 2645 geruntur,
1640 2589 1700 2631 ita

75 2669 170 2705 esse
206 2657 252 2700 in
274 2658 482 2703 instituto
512 2661 783 2715 debilitatos,
823 2670 870 2705 ut
899 2664 956 2707 de
988 2679 1034 2707 re
1069 2672 1164 2706 tota
1197 2651 1446 2721 inceperint
1480 2672 1696 2709 metuere.

75 2732 208 2786 Quod
229 2734 267 2777 si
288 2751 379 2778 non
409 2745 741 2782 sustentassent
774 2755 899 2795 spem
932 2755 1059 2783 suam
1083 2742 1304 2797 sapientia
1336 2750 1381 2785 et
1414 2742 1696 2797 benignitate

76 2808 211 2851 futuri
232 2812 471 2867 pontificis,
498 2815 651 2857 nescio
682 2815 789 2870 quid
811 2816 898 2859 illis
920 2816 1164 2861 euenisset.
1198 2819 1337 2870 Cura,
1367 2820 1425 2860 D.
1459 2819 1618 2871 Illme.,
1651 2826 1699 2860 ut

75 2884 188 2928 hanc
211 2902 334 2942 spem
357 2904 436 2944 per
459 2897 502 2934 te
524 2890 705 2946 impleat
726 2893 876 2936 Smus.
904 2893 1156 2949 Gregorius
1174 2894 1329 2937 diuina
1346 2910 1427 2937 sua
1447 2894 1696 2949 vigilantia,

145 3062 162 3080 a
209 3051 286 3101 Sic,
307 3055 379 3091 hoc
398 3058 518 3092 verbo
537 3057 690 3094 iterato.
