2028 3426
301 210 372 248 470
773 200 926 235 PA‘rms
952 198 1195 233 HlERONYMI
1221 196 1370 232 NADAL

347 304 522 360 Lapsus
545 302 708 346 carnis.

349 379 662 424 inobedientia
685 391 912 434 expressa,
938 390 1025 431 qua
1049 375 1150 431 quis
1173 373 1332 418 asserit
1355 387 1403 416 se
1426 371 1545 414 nolle
1568 382 1739 426 parere.

351 457 649 501 Murmuratio
671 457 742 500 vel
771 453 931 499 seditio
959 453 1030 496 vel
1060 458 1384 496 nocumentum
1425 449 1470 491 in
1509 445 1785 502 superiorem
1818 444 1889 486 vel

262 536 309 578 in
332 535 622 580 Societatem.

353 615 576 656 Recessus
599 626 624 653 a
646 625 728 654 sua
751 608 987 652 vocatione
1005 615 1104 664 post
1133 614 1306 657 votum,
1331 608 1416 650 286
1432 602 1566 646 etiam
1589 601 1794 656 simplet,
1821 598 1893 641 vel

265 690 456 734 alicuius
479 690 535 731 ad
558 689 602 730 id
625 686 792 730 suasio.

355 766 575 821 Acceptis)
597 765 667 808 vel
691 762 843 806 missio
864 762 1093 806 literarum
1117 761 1287 814 absque
1309 771 1521 814 expressa
1550 754 1746 805 licentia,
1779 768 1895 808 quae

268 843 437 886 scilicet
461 842 662 897 acceptio
685 841 756 883 vel
784 839 937 883 missio
966 838 1196 882 contineat
1226 835 1445 879 rationem
1477 832 1649 890 peccati
1679 830 1894 874 mortalis.

361 920 734 976 Impedimentum
757 917 1003 961 excludens
1025 930 1050 958 a
1079 914 1305 960 Societate
1334 911 1569 955 reticuisse
1598 910 1643 951 in
1673 907 1897 957 examine,

271 1000 342 1042 vel
366 999 409 1040 in
434 1012 487 1041 eo
511 995 747 1039 mentitum
771 1009 887 1047 esse,
912 994 1031 1036 vnde
1055 1006 1197 1049 graue
1219 990 1401 1045 aliquod
1425 987 1761 1031 incommodum
1794 998 1898 1040 pos—

273 1084 342 1120 set
365 1074 485 1117 oriri.

365 1150 582 1195 Confiteri
607 1164 696 1192 non
721 1148 900 1205 proprio
923 1146 1213 1191 confessario.

365 1229 616 1271 Absoluere
639 1242 664 1269 a
686 1225 866 1268 casibus
888 1223 1130 1268 reseruatis
1152 1223 1248 1266 sine
1270 1220 1451 1264 licentia
1476 1217 1734 1274 superioris.
1868 1275 1874 1280 .

367 1308 493 1349 Haec
516 1312 561 1347 et
590 1310 767 1348 caetera
794 1302 879 1345 alia
908 1308 1108 1363 peccata,
1141 1313 1243 1342 cum
1267 1297 1504 1341 manifeste
1527 1302 1659 1339 erunt
1682 1291 1906 1343 mortalia,

281 1390 571 1427 reseruantur
594 1379 814 1436 superiori
837 1381 997 1422 domus
1025 1379 1097 1421 vel
1120 1375 1317 1432 collegii.

371 1460 495 1503 Licet
518 1466 668 1502 autem
690 1464 875 1514 peccata
898 1456 1073 1499 interna
1103 1469 1194 1497 non
1223 1459 1527 1503 reseruentur,
1561 1449 1597 1492 si
1629 1448 1729 1504 quis
1760 1455 1908 1490 tamen

282 1552 416 1593 saepe
440 1536 487 1578 in
508 1550 561 1580 ea
583 1534 830 1585 incidisset,
857 1540 934 1576 aut
956 1548 1010 1577 ex
1039 1531 1125 1574 illis
1152 1530 1431 1587 impenderet
1461 1541 1604 1584 graue
1628 1524 1810 1580 aliquod
1838 1538 1910 1579 pe-

284 1614 477 1658 riculum
501 1613 575 1657 vel
596 1611 876 1662 scandalum,
904 1609 1155 1652 hortandus
1178 1615 1297 1652 esset
1319 1604 1571 1662 poenitens,
1597 1611 1645 1645 vt
1674 1616 1751 1644 cor
1778 1587 1911 1644 suuni

285 1704 479 1747 syncere
502 1689 694 1746 aperiret
716 1687 949 1744 superiori
978 1687 1099 1731 Idem
1123 1685 1257 1728 etiam
1275 1680 1641 1727 obseruandum'
1631 1695 1675 1722 1n
1695 1677 1918 1736 grauibus

286 1776 330 1811 et
363 1767 589 1811 diuturnis
618 1765 958 1816 tentationibus,
991 1763 1171 1819 quando
1199 1760 1435 1818 poenitens
1474 1772 1641 1814 magno
1679 1770 1782 1799 cum
1816 1753 1917 1798 ani-

287 1861 387 1890 mae
416 1859 524 1889 suae
552 1848 634 1890 287
665 1843 937 1888 detrimento
970 1842 1028 1883 ob
1060 1854 1186 1883 suam
1222 1837 1549 1895 negligentiam
1585 1835 1818 1877 timeretur
1851 1832 1917 1874 la-

289 1937 470 1979 psurus.

980 1997 1273 2038 EUERARDUS
1307 1994 1679 2035 MERcUfflANus.

384 2079 571 2127 Romae,
599 2088 649 2118 21
678 2074 869 2117 Ianuarii
899 2083 1024 2127 1575.

297 2210 415 2240 POST
460 2207 825 2239 CONFESSIONEM
866 2205 1156 2236 GENERALEM
1208 2202 1445 2233 PRODERIT
1495 2201 1543 2230 IN
1587 2181 1925 2238 SEQUENTlBUS

995 2281 1226 2312 MEDITARI

1835 2295 1852 2311 Ο

390 2384 748 2442 Agnoscendum
778 2384 1006 2439 singulare
1037 2379 1309 2424 beneficium
1341 2377 1592 2421 vocationis
1625 2391 1767 2430 meae,
1808 2377 1929 2420 vnde

302 2477 373 2506 me
394 2462 627 2506 vocauerit
652 2461 879 2512 Christus,
905 2466 948 2503 et
972 2473 1061 2514 quo
1091 2456 1338 2509 vocauerit,
1370 2471 1395 2499 a
1427 2463 1595 2510 quanta
1628 2469 1777 2498 rerum
1811 2453 1929 2496 diffi-

301 2541 487 2594 cultate,
513 2554 538 2582 a
561 2538 725 2594 quibus
749 2536 943 2593 peccatis
965 2543 1009 2578 et
1040 2534 1266 2591 periculis,
1299 2533 1355 2576 ad
1389 2540 1602 2588 quantam
1632 2531 1842 2588 gratiam,
1875 2531 1932 2573 ad

304 2632 439 2673 quam
460 2615 641 2672 insigne
664 2615 782 2659 vitae
805 2613 1077 2663 institutum,
1104 2612 1160 2655 ad
1194 2617 1407 2665 quantam
1437 2608 1613 2652 animae
1641 2607 1930 2658 suauitatem,

306 2693 776 2746 considerandumque
798 2691 930 2734 simul
948 2703 1081 2744 quam
1105 2688 1246 2730 multa
1268 2688 1386 2729 dona
1410 2686 1454 2728 in
1474 2678 1701 2730 Societate
1720 2699 1799 2740 per
1817 2685 1935 2726 hanc

308 2770 592 2814 vocationem
611 2777 656 2812 et
674 2767 864 2825 gratiam
883 2765 1134 2822 acceperim
1152 2779 1177 2806 a
1194 2765 1307 2815 De03
1325 2770 1369 2807 et
1388 2764 1443 2805 de
1461 2762 1530 2804 his
1549 2777 1603 2806 ex
1621 2761 1780 2803 intimo
1798 2760 1938 2803 corde

309 2848 478 2904 gratias
503 2849 600 2891 Deo
624 2853 668 2891 et
690 2846 867 2889 habebo
885 2852 929 2888 et
953 2857 1102 2899 agam.

401 2926 590 2967 Attente
618 2921 996 2966 considerandum
1027 2932 1160 2974 quam
1189 2930 1277 2973 ego
1307 2916 1466 2959 fuerim
1497 2916 1661 2958 surdus
1690 2913 1826 2964 huius
1854 2927 1939 2956 vo-
1999 2926 2006 2958 .’

312 3000 502 3044 cationis
525 2999 720 3052 auditor,
746 3012 878 3054 quam
908 2995 1148 3052 negligens
1175 3000 1438 3049 cooperator
1471 2991 1660 3048 gratiae,
1686 2991 1731 3033 in
1760 2989 1943 3046 quantis
