2028 3426
380 232 450 279 370
854 232 1007 268 Parius
1034 232 1280 266 annorwm
1304 229 1455 267 NADAL

330 335 606 379 videbuntur
628 349 727 378 esse
750 333 1028 385 annotanda,
1049 340 1093 375 et
1115 331 1273 375 iuuare
1291 346 1423 388 posse
1441 331 1498 375 ad
1516 331 1901 386 reformationem,
1922 333 1968 376 in

329 413 489 457 eodem
512 411 825 468 quaternione,
860 411 905 452 in
935 423 1069 464 quern
1099 410 1264 453 referet
1294 408 1462 461 omnia,
1487 409 1544 453 de
1573 408 1740 464 quibus
1769 409 1854 466 ipsi
1883 410 1968 454 erit

329 490 576 545 agendum,
602 489 657 532 ad
689 487 1017 531 ordinationem
1050 494 1096 530 et
1128 485 1498 530 constitutionem
1537 485 1733 543 collegii;
1775 493 1820 529 et
1858 487 1967 531 huic

326 565 610 621 quaternioni
634 564 953 621 locupletando
975 563 1100 606 dabit
1122 577 1303 619 operam
1327 563 1500 618 aliquot
1523 562 1701 616 diebus,
1726 563 1873 607 donec
1893 565 1964 606 vi-

327 644 485 686 deatur
507 643 589 699 ipsi
613 643 720 686 satis
742 657 840 685 esse
863 640 1131 696 inquisitum
1154 641 1210 683 ad
1234 640 1414 697 collegii
1438 641 1483 684 Ι4
1508 640 1856 685 ordinationem.
1888 643 1963 686 Ad

326 721 519 763 eundem
551 721 715 764 referet
743 734 798 762 ex
827 718 1039 762 omnibus
1070 717 1486 769 informationibus,
1527 731 1645 773 quae
1682 717 1964 762 videbuntur

327 805 486 840 notatu
511 796 665 853 digna,
693 803 737 840 et
761 797 816 838 ad
840 795 1206 838 reformationem
1230 794 1414 851 collegii
1438 794 1578 838 Vtilia.

417 874 574 930 Igitur,
596 881 644 915 vt
668 873 844 929 plenius
862 887 934 916 res
953 886 1111 916 omnes
1128 872 1271 928 possit
1288 871 1544 928 intelligere
1561 879 1606 915 et
1624 873 1855 930 colligere,
1876 887 1965 929 qua

325 966 379 994 ex
403 959 528 1006 parte
551 950 793 1006 collegium
818 950 889 994 vel
911 950 1073 992 domus
1095 949 1152 992 sit
1175 949 1392 1003 iuuanda,
1416 949 1618 992 visitabit
1640 949 1891 993 sacristiam
1917 958 1962 995 et

326 1028 498 1078 altaria,
511 1035 555 1070 et
573 1027 753 1079 calices,
773 1034 818 1069 et
834 1025 983 1069 omnia
997 1025 1099 1079 alia,
1117 1040 1236 1081 quae
1253 1026 1309 1069 ad
1328 1026 1502 1075 cultum
1521 1025 1728 1068 diuinum
1747 1026 1959 1079 attinent,

324 1104 548 1159 intelliget
577 1112 620 1146 et
644 1104 700 1147 de
734 1103 1062 1147 concionatore
1094 1110 1139 1147 et
1172 1102 1462 1147 confessariis
1495 1104 1877 1158 quemadmodum
1912 1118 1961 1147 se

322 1188 500 1236 gerant,
525 1182 581 1224 de
606 1180 753 1223 missis
777 1181 1160 1236 quemadmodum
1183 1181 1488 1232 celebrentur,
1515 1181 1572 1223 de
1600 1180 1960 1225 conuersationi-

327 1259 427 1308 bus,
450 1272 566 1312 quae
583 1258 811 1301 habentur
829 1272 933 1300 cum
952 1257 1167 1309 externis,
1189 1257 1287 1301 siue
1304 1256 1348 1299 in
1369 1258 1553 1313 templo,
1566 1257 1664 1300 siue
1682 1257 1817 1302 etiam
1835 1258 1956 1302 alibi.

411 1335 575 1378 Visitet
598 1334 938 1386 bibliothecam,
964 1341 1009 1378 et
1033 1335 1234 1377 omnium
1257 1333 1571 1377 cubiculorum
1593 1334 1751 1387 libros,
1776 1341 1821 1378 et
1850 1335 1959 1378 scri-

323 1411 414 1464 nia,
442 1420 486 1455 et
510 1412 842 1455 animaduertat
870 1411 1012 1467 siquis
1044 1411 1238 1467 aliquem
1272 1412 1438 1456 habeat
1468 1411 1631 1454 librum
1665 1411 1958 1468 prohibitum,

322 1489 397 1533 uel
422 1488 670 1540 curiosum,
697 1496 742 1533 et
771 1488 956 1530 omnino
985 1488 1134 1543 siquid
1166 1488 1410 1531 curiosum.
1443 1489 1570 1533 Haec
1602 1487 1639 1532 si
1675 1503 1755 1544 per
1786 1503 1835 1533 se
1867 1504 1958 1533 non

321 1565 476 1621 possit,
509 1565 685 1607 curabit
714 1580 794 1621 per
831 1564 984 1608 alium.
1017 1565 1294 1609 Nominatim
1323 1579 1432 1608 vero
1461 1564 1662 1609 visitabit
1691 1580 1770 1622 per
1797 1580 1847 1610 se
1879 1580 1958 1610 cu-

324 1642 528 1684 biculum
568 1642 875 1698 prouincialis,
917 1642 1120 1695 rectoris,
1161 1649 1206 1686 et
1238 1642 1446 1696 ministri,
1481 1650 1526 1686 et
1555 1642 1818 1686 obseruabit
1848 1658 1958 1687 num

316 1720 516 1774 aliquod,
544 1720 584 1764 15
603 1721 725 1774 quod
748 1720 969 1764 videabur
998 1719 1225 1762 curiosum
1244 1705 1366 1771 ¹esse,
1392 1718 1454 1761 illi
1477 1720 1675 1762 habeant
1697 1719 1743 1761 in
1766 1720 1957 1763 cubicu-

319 1796 372 1839 lis
394 1796 488 1839 suis
517 1797 589 1840 vel
613 1798 908 1853 superfluum.
935 1796 1098 1840 Visitet
1119 1796 1332 1848 culinam,
1364 1796 1614 1852 penarium,
1641 1797 1798 1839 cellam
1827 1796 1956 1840 vina-

320 1873 446 1924 riam,
475 1881 624 1929 partes
647 1888 804 1917 omnes
827 1874 989 1916 domus
1011 1873 1270 1917 obseruabit
1294 1873 1512 1916 similiter.

410 1950 575 1994 Visitet
598 1965 755 1994 omnes
778 1952 958 1994 scholas
981 1958 1026 1993 et
1058 1950 1212 1995 audiet
1239 1965 1397 1994 omnes
1424 1951 1718 2006 professores,
1752 1949 1956 1995 intererit

317 2027 453 2071 etiam
483 2027 888 2083 disputationibus,
919 2035 968 2070 vt
998 2027 1174 2071 facilius
1206 2027 1431 2083 intelligat
1463 2026 1572 2082 quid
1603 2026 1779 2083 possint
1812 2027 1953 2071 nostri

317 2104 362 2146 in
402 2105 577 2146 studiis.
611 2105 913 2161 Interrogabit
950 2120 1058 2148 vero
1091 2104 1354 2148 nominatim
1389 2105 1667 2160 praefectum
1699 2104 1951 2147 studiorum

316 2182 373 2223 de
391 2182 661 2225 lectionibus
678 2190 723 2225 et
740 2183 918 2236 studiis,
944 2198 1000 2225 an
1023 2182 1302 2226 satisfaciant
1325 2189 1641 2238 praeceptores
1658 2181 1800 2224 nostri
1818 2183 1951 2224 scho-

319 2257 505 2309 lasticis,
533 2266 576 2300 et
600 2267 817 2313 quantum
844 2260 1020 2302 fructus
1042 2258 1247 2315 capiatur
1268 2273 1324 2301 ex
1353 2257 1623 2301 lectionibus
1651 2265 1696 2301 et
1725 2258 1951 2302 exercitiis

318 2334 539 2377 literariis.

406 2413 475 2455 De
499 2412 689 2455 ecclesia
712 2412 817 2456 item
842 2420 886 2456 et
910 2412 1184 2466 ministeriis,
1210 2427 1326 2468 quae
1348 2411 1393 2454 in
1422 2411 1613 2456 ecclesia
1641 2418 1945 2468 praestantur,

320 2487 619 2544 interrogabit
642 2490 904 2532 nominatim
930 2491 1208 2546 praefectum
1232 2489 1467 2533 ecclesiae.

404 2566 474 2608 De
497 2573 670 2608 rectore
694 2573 738 2608 et
762 2566 1044 2621 prouinciali,
1070 2566 1247 2610 etiamsi
1269 2565 1314 2608 in
1338 2565 1545 2610 examine
1567 2580 1725 2609 omnes
1754 2565 1947 2610 interro-

317 2643 565 2695 gabuntur,
608 2654 756 2685 tamen
794 2644 851 2686 de
888 2643 1153 2698 prouinciali
1191 2642 1458 2686 nominatim
1496 2649 1601 2685 sunt
1638 2642 1948 2699 interrogandi

317 2726 463 2760 rector
487 2726 531 2761 et
555 2718 673 2761 illius
697 2720 956 2773 consiliarii;
984 2721 1041 2764 de
1064 2726 1238 2763 rectore
1261 2719 1549 2776 prouincialis
1571 2726 1616 2763 et
1645 2720 1942 2772 consultores,

316 2802 409 2836 tum
435 2795 744 2851 prouincialis,
772 2804 865 2838 turn
891 2797 1097 2841 rectoris.

404 2871 701 2927 Inuestigabit
725 2874 1122 2927 quemadmodum,
1153 2869 1245 2916 non
1276 2873 1422 2916 solum
1453 2872 1492 2917 16
1521 2871 1841 2929 prouinciales,
1873 2888 1944 2916 re-

312 2955 461 2991 ctores
483 2957 527 2991 et
550 2949 741 2992 ministri
764 2964 847 2992 suo
869 2950 1018 2993 officio
1042 2951 1308 3006 fungantur,
1335 2950 1414 2994 sed
1436 2949 1569 2993 etiam
1600 2964 1772 3002 omnes,
1809 2957 1944 3005 quot-

314 3033 422 3079 quot
446 3034 611 3080 gerunt
640 3026 760 3069 domi
789 3026 935 3070 officia
964 3026 1128 3082 aliqua,
1165 3026 1546 3083 quemadmodum
1579 3027 1651 3070 illa
1683 3034 1861 3083 gerant3
1897 3033 1944 3071 et
