2028 3426
312 186 383 231 460
781 187 934 221 PArms
962 184 1207 222 HmnoNvm
1233 183 1384 219 NADAL

263 287 438 345 possint
459 289 515 331 ad
538 302 614 332 eas
636 288 931 344 superandas.
959 288 1196 341 Quaenam
1226 293 1378 328 autem
1402 285 1503 328 illae
1525 289 1607 332 265
1631 283 1737 336 sint,
1764 283 1807 326 id
1832 283 1898 326 iu-

265 364 435 407 dicabit
457 364 778 407 confessarius.

817 501 831 518 ‹·
846 482 933 525 Vbi
957 490 1108 527 autem
1133 489 1357 526 rectores»

356 600 417 642 Vt
439 599 699 648 difficultas,
733 611 848 651 quae
886 611 940 640 ex
971 598 1058 639 hoc
1096 595 1243 651 capite
1266 594 1371 637 oriri
1410 602 1576 651 posset,
1602 593 1895 644 dissoluatur,

263 675 717 719 animaduertendum
737 681 805 716 est
823 673 1014 729 primum
1033 673 1079 715 in
1098 672 1351 716 rectoribus
1374 686 1463 714 non
1487 662 1587 714 esse
1604 671 1716 713 adeo
1733 670 1899 713 diffici—

269 753 354 796 lem
375 752 591 796 rationem
612 750 946 795 reseruationis.
969 751 1084 793 Nam
1103 750 1141 792 si
1159 763 1293 792 casus
1310 749 1529 793 reseruati
1547 755 1699 793 essent
1714 746 1897 798 occulti,

267 829 495 885 expectari
521 836 672 884 posset
694 829 839 872 donec
862 827 1126 871 visitaturus
1149 827 1324 870 veniret
1353 825 1642 883 prouincialis
1671 825 1728 869 ad
1754 825 1898 868 colle-

269 906 412 961 gium,
438 905 524 947 illis
547 905 725 948 interim
749 904 983 956 absolutis,
1010 911 1054 947 et
1078 911 1186 946 tunc
1205 902 1446 960 praecipue
1469 901 1698 958 expectari
1728 910 1898 957 posset,

269 984 306 1026 si
339 998 441 1039 spes
465 991 584 1026 esset
621 981 966 1033 emendationis,
1007 995 1122 1037 quae
1144 981 1181 1023 si
1210 995 1301 1023 non
1331 987 1467 1031 esset,
1493 979 1751 1035 quaerenda
1781 985 1902 1023 esset

269 1060 461 1111 occasio,
488 1074 577 1114 qua
598 1059 682 1102 iret
705 1059 762 1101 ad
791 1058 1113 1114 prouincialem
1139 1065 1301 1110 rector,
1329 1058 1400 1101 vel
1423 1056 1686 1101 euocandus
1715 1054 1901 1111 prouin-

268 1137 391 1180 cialis
415 1153 440 1180 a
463 1144 654 1188 rectore,
680 1144 728 1178 vt
751 1136 808 1178 ad
831 1150 922 1178 rem
947 1149 1153 1192 grauem.
1179 1134 1227 1178 Si
1257 1150 1365 1179 vero
1395 1133 1652 1178 acciderent
1674 1147 1807 1176 casus
1831 1147 1900 1175 re-

268 1214 453 1267 seruati,
478 1213 555 1268 qui
579 1213 803 1256 manifesti
826 1219 995 1261 essent,
1025 1212 1069 1254 id
1102 1219 1170 1256 est
1200 1211 1276 1267 qui
1305 1210 1569 1254 conseruari
1601 1217 1778 1255 secreto
1808 1224 1898 1252 non

268 1298 466 1347 possent,
493 1298 541 1332 vt
563 1290 598 1332 si
623 1289 668 1332 id
691 1298 905 1332 externus
923 1288 1083 1344 aliquis
1106 1288 1307 1340 resciret,
1334 1290 1405 1331 vel
1428 1288 1519 1330 duo
1542 1288 1614 1330 vel
1632 1294 1724 1330 tres
1740 1302 1796 1330 ex
1819 1302 1903 1329 no-

266 1367 385 1420 stris,
412 1376 456 1411 et
474 1368 738 1410 scandalum
757 1366 1127 1422 coniungeretur,
1150 1366 1270 1421 quod
1286 1364 1495 1408 videlicet
1513 1364 1706 1408 oriretur
1724 1379 1779 1407 ex
1795 1378 1904 1420 pec-

267 1453 386 1495 cato,
413 1445 485 1488 vel
509 1451 665 1486 natum
689 1444 822 1486 simul
845 1457 950 1486 cum
990 1451 1175 1499 peccato
1197 1450 1333 1494 esset,
1369 1450 1414 1485 et
1439 1443 1541 1495 tale,
1574 1441 1746 1486 scilicet
1770 1455 1900 1484 scan-

266 1522 434 1573 dalum,
462 1523 582 1576 quod
605 1536 732 1564 suam
757 1522 941 1564 adderet
966 1520 1185 1564 rationem
1210 1519 1383 1576 peccati
1411 1519 1626 1570 mortalis,
1660 1518 1778 1560 mitti
1808 1525 1901 1560 sta--

268 1600 346 1642 tim
369 1599 441 1642 hic
463 1600 650 1642 deberet
672 1606 819 1641 rector
843 1599 898 1640 ad
919 1602 1002 1644 266
1026 1596 1348 1653 prouincialem
1375 1612 1400 1639 a
1428 1595 1727 1648 confessario;
1754 1595 1828 1638 cui
1851 1609 1904 1639 ea

270 1677 311 1719 in
336 1691 385 1719 re
408 1677 593 1720 deberet
615 1675 815 1727 obedire,
857 1683 904 1717 vt
942 1674 1166 1731 superiori
1204 1674 1432 1730 delegato,
1472 1680 1517 1716 et
1545 1681 1664 1716 esset
1696 1672 1900 1716 minister

268 1753 534 1806 vicerector,
559 1753 705 1796 donec
729 1760 875 1797 rector
897 1751 1059 1807 aliquis
1089 1751 1422 1807 designaretur.
1455 1751 1572 1794 Nam
1601 1764 1739 1806 agere
1761 1750 1901 1792 debe-

270 1839 334 1874 ret
365 1830 673 1886 prouincialis,
712 1830 749 1872 si
787 1845 886 1873 eam
925 1830 1113 1873 haberet
1152 1829 1430 1879 facultatem,
1457 1828 1513 1870 de
1550 1841 1687 1870 causa
1710 1825 1903 1869 rectoris

267 1910 399 1964 (quae
422 1907 594 1951 scilicet
617 1907 857 1951 manifesta
879 1907 1030 1961 esset),
1056 1913 1101 1948 et
1130 1920 1186 1948 an
1209 1913 1327 1948 esset
1350 1904 1600 1956 sufficiens,
1626 1910 1907 1959 quapropter

268 1993 388 2028 esset
411 1985 562 2028 officio
590 1984 856 2040 priuandus,
898 1984 1112 2027 iudicare.
1155 1983 1204 2028 Si
1227 1997 1335 2025 vero
1376 1983 1636 2025 facultatem
1666 1983 1784 2023 hanc
1813 1994 1905 2023 non

268 2063 454 2106 haberet
477 2061 785 2118 prouincialis,
811 2061 977 2105 scribet
1001 2061 1057 2103 ad
1080 2059 1439 2103 commissarium
1461 2060 1534 2103 vel
1562 2058 1825 2115 generalem
1844 2058 1902 2100 de

270 2148 361 2182 tota
386 2154 538 2183 causa.
583 2140 710 2182 Haec
744 2147 895 2182 tamen
934 2139 1114 2195 agenda
1136 2145 1243 2181 sunt
1265 2136 1618 2189 dissimulanter,
1644 2149 1726 2179 nec
1755 2135 1904 2178 diuul-

268 2217 365 2272 gari
388 2217 581 2272 amplius
604 2231 738 2271 quam
762 2216 867 2258 sint.
901 2215 1084 2258 Interim
1110 2214 1273 2271 poterit
1294 2214 1340 2256 in
1373 2213 1461 2257 alio
1491 2212 1686 2270 collegio
1717 2211 1903 2256 retineri

272 2302 419 2336 rector
449 2293 493 2334 in
523 2293 750 2336 exercitiis
776 2292 1108 2347 spiritualibus,
1141 2293 1213 2334 vel
1241 2291 1357 2333 mitti
1393 2291 1438 2333 in
1469 2289 1900 2347 peregrinationem,

268 2371 338 2414 vel
360 2371 417 2414 ad
439 2370 675 2414 seruitium
698 2369 960 2427 hospitallis]
987 2369 1023 2412 si
1047 2369 1278 2420 conuenit,
1305 2369 1377 2411 vel
1400 2368 1515 2411 mitti
1539 2368 1596 2410 ad
1618 2366 1899 2423 generalem,

270 2448 306 2492 si
328 2448 416 2490 iam
440 2449 606 2491 habeat
630 2448 891 2490 facultatem
915 2445 1223 2502 prouincialis.

358 2525 418 2567 Vt
440 2532 589 2568 autem
620 2525 677 2566 ad
706 2524 999 2580 particulares
1028 2537 1159 2566 casus
1187 2522 1474 2575 deueniatur,
1499 2519 1803 2565 confessarius
1832 2519 1903 2562 vi-

269 2603 389 2655 deat,
416 2616 472 2644 ne
496 2601 626 2644 facile
647 2600 817 2644 iudicet
846 2608 1068 2644 rectorem
1098 2614 1197 2642 esse
1220 2600 1276 2642 ad
1305 2598 1581 2655 superiorem
1611 2597 1902 2641 mittendum.

271 2681 327 2722 Et
350 2679 394 2721 in
421 2691 443 2721 2
468 2678 649 2734 quidem
675 2691 715 2732 3,
737 2690 780 2730 4,
804 2689 826 2731 5
845 2685 890 2719 et
908 2678 950 2728 ὁ,
973 2676 1056 2720 erit
1082 2676 1209 2719 facile
1232 2675 1449 2728 iudicare;
1472 2687 1496 2728 7
1522 2676 1614 2718 fere
1637 2689 1729 2716 non
1752 2673 1836 2717 erit
1858 2672 1904 2715 in

273 2764 448 2800 rectore
465 2763 741 2800 reseruatus.
764 2756 832 2797 De
851 2754 875 2795 8
895 2763 939 2796 et
957 2768 984 2810 9
1004 2753 1132 2796 facile
1150 2752 1258 2797 item
1276 2740 1358 2799 267ι
1377 2751 1666 2795 iudicabitur.
1688 2750 1905 2794 Decimus

271 2847 360 2875 non
383 2832 565 2878 eueniet
587 2832 633 2874 in
657 2838 845 2882 rectore,
872 2830 957 2873 nisi
979 2829 1181 2872 fortassis
1199 2837 1326 2872 extra
1351 2829 1571 2872 ordinem.
1601 2835 1704 2871 11.⁰⁵
1726 2835 1771 2871 et
1802 2834 1905 2871 12⁰⁵

269 2912 439 2954 habent
454 2909 748 2953 coniunctum
767 2907 1015 2964 periculum
1034 2906 1257 2963 grauioris
1274 2906 1463 2962 peccati,
1490 2906 1562 2948 vel
1584 2903 1801 2957 scandali;
1823 2918 1906 2960 pro

272 2988 443 3031 ratione
465 3001 577 3043 ergo
599 2986 734 3028 huius
757 2984 961 3041 periculi,
986 2983 1289 3027 confessarius
1318 2982 1534 3025 iudicabit
1563 2996 1672 3025 num
1705 2988 1906 3024 rectores
