2028 3426
422 264 696 299 MONUMENTA
722 269 977 298 PRolecmE
1002 261 1338 302 RHENANAE-5z
1576 258 1644 303 315

3 353 8 357 .
40 367 276 411 lbreuiter:
303 378 589 421 quecumque
611 365 668 406 ad
695 362 1025 407 edificationem
1055 360 1332 417 spiritualem
1362 373 1417 401 ex
1447 360 1582 402 rebus
1605 361 1688 403 So-

60 443 236 486 cietatis
259 443 412 484 fauere
429 448 656 497 poterunt,
683 440 828 484 eidem
851 437 1156 481 comunicare.

147 519 403 563 Decimum:
430 531 545 573 quae
567 516 801 572 attigimus
824 515 990 567 omnia,
1013 528 1103 556 non
1120 514 1265 556 solum
1284 513 1340 555 ad
1357 512 1690 555 confessarium

61 595 345 653 pertinentia,
369 595 450 638 sed
473 607 588 648 quae
610 600 654 635 et
678 593 732 635 ad
755 599 1074 648 promotorem,
1110 604 1164 632 eo
1196 595 1418 645 spectant,
1442 595 1492 630 ut
1510 587 1689 630 illorum

56 673 194 717 animi
216 673 471 715 excitentur
494 672 550 713 ad
573 670 800 726 pietatem,
827 669 903 724 qui
920 669 977 711 ad
994 668 1269 712 Societatem
1287 665 1543 721 excipiendi
1562 672 1687 715 sunt,

59 757 105 794 et
127 766 182 795 ex
206 749 434 806 principiis
455 748 649 803 primurn
672 746 1020 797 uniuersalibus,
1046 759 1162 799 quae
1185 744 1368 798 quidem
1398 748 1607 798 spectent
1633 742 1692 783 ad

59 828 272 883 pietatem
294 825 599 876 christianam,
625 830 895 865 moueantur
917 821 1000 877 ipsi
1024 836 1103 877 per
1125 836 1173 864 se
1195 835 1250 863 ex
1279 819 1433 862 diuina
1463 818 1611 874 gratia
1635 819 1692 860 ad

58 903 331 948 desiderium
353 901 534 957 aliquod
558 899 754 942 melioris
778 899 911 942 vitae.
938 898 1130 949 Deinde,
1153 897 1334 952 quando
1357 896 1466 952 ipsis
1486 909 1559 937 res
1588 910 1692 937 nar-

60 989 216 1023 rantur
254 980 326 1023 vel
361 978 632 1022 exhibentur
654 1011 663 1030 ,
704 990 819 1032 quae
857 975 1033 1031 proprie
1066 975 1122 1018 ad
1159 969 1433 1018 Societatem
1477 971 1689 1023 attinent,

60 1056 234 1099 etiamsi
257 1055 535 1112 propositum
558 1060 761 1096 nostrum
785 1052 858 1104 sit,
883 1066 987 1094 cum
1004 1051 1080 1094 illa
1102 1051 1210 1106 ipsis
1239 1049 1598 1100 comunicamus,
1626 1056 1692 1091 at·
1733 1101 1735 1103 ι

61 1148 149 1188 que
171 1134 286 1177 adeo
303 1132 350 1174 in
373 1138 470 1174 toto
492 1134 580 1173 hoc
603 1129 806 1186 negotio,
832 1128 1023 1172 intentio
1046 1136 1198 1171 nostra
1221 1127 1277 1170 sit
1302 1134 1350 1169 ut
1373 1125 1434 1168 illi
1458 1126 1515 1169 ad
1537 1124 1693 1170 Socie-

23 1222 25 1225 ·
61 1217 198 1252 tatem
221 1215 507 1260 moueantur,
534 1214 684 1250 tamen
707 1213 775 1248 est
798 1205 918 1247 omni
941 1204 1092 1247 studio
1117 1211 1252 1259 atque
1275 1203 1496 1246 industria
1526 1217 1693 1244 curan-

61 1286 185 1338 dum,
211 1293 261 1328 ut
283 1285 362 1336 illi,
395 1284 466 1326 his
495 1282 694 1336 excitati,
730 1297 755 1325 a
783 1283 881 1324 Deo
909 1281 1006 1336 ipso
1044 1288 1330 1333 moueantur,
1356 1287 1400 1322 et
1429 1294 1511 1322 sua
1532 1286 1695 1334 sponte

60 1362 318 1406 desiderent
341 1368 385 1405 et
407 1366 621 1416 expetant
644 1359 937 1409 Societatem,
965 1365 1008 1401 et
1026 1372 1132 1400 vere
1154 1356 1330 1412 possint
1348 1356 1621 1411 respondere
1644 1369 1694 1398 se

62 1454 145 1482 sua
166 1446 342 1494 sponte,
368 1453 450 1480 sua
489 1438 740 1488 uoluntate,
777 1450 859 1478 suo
887 1434 1062 1486 iuditio,
1094 1434 1150 1476 ad
1188 1434 1461 1478 Societatem
1501 1431 1687 1475 moueri.

61 1518 177 1559 Nam
200 1516 261 1558 ita
282 1514 544 1570 excepimus
566 1529 622 1557 ex
654 1514 726 1556 2.⁰
756 1512 902 1568 capite
940 1510 1158 1555 examinis
1190 1510 1563 1566 interrogandum
1588 1523 1692 1551 eum

58 1608 173 1644 esse,
200 1592 275 1648 qui
298 1599 367 1636 est
390 1590 691 1646 recipiendus,
728 1604 836 1631 num
860 1603 937 1644 per
971 1587 1165 1642 aliquem
1196 1588 1252 1629 ad
1282 1587 1327 1629 id
1357 1585 1490 1629 fuerit
1521 1592 1686 1627 motus:

63 1669 185 1725 quod
209 1668 246 1711 si
275 1669 517 1711 affirmaret
545 1682 594 1710 se
622 1666 762 1709 fuisse
784 1666 841 1708 ab
869 1665 1019 1720 aliquo
1049 1671 1238 1716 motum,
1271 1663 1478 1718 quamuis
1507 1662 1627 1704 licite
1649 1668 1696 1704 et

63 1745 222 1789 merito
245 1759 348 1789 eum
370 1758 557 1788 mouere
580 1743 820 1799 potuisset,
851 1742 907 1785 ad
930 1741 1144 1784 maiorem
1175 1748 1326 1784 tamen
1359 1739 1500 1795 ipsius
1525 1738 1694 1782 utilita-

61 1830 152 1866 tem
175 1822 452 1879 spiritualem
472 1823 568 1864 fore
592 1820 837 1871 videretur,
865 1819 903 1861 si
926 1826 1104 1874 tempus
1133 1817 1174 1860 ei
1206 1817 1388 1872 aliquod
1411 1815 1692 1872 praescriba—
1753 1801 1757 1805 ⁵

64 1909 154 1951 tur,
181 1913 270 1954 quo
294 1914 346 1942 ea
378 1899 434 1941 de
457 1912 504 1940 re
541 1897 785 1953 cogitando
824 1895 1014 1940 creatori
1043 1901 1087 1939 et
1123 1893 1320 1937 Domino
1358 1908 1440 1936 suo
1469 1908 1518 1936 se
1549 1899 1693 1935 totum

64 1974 412 2026 commendabit,
439 1974 624 2030 perinde
647 1988 699 2016 ac
722 1972 759 2015 si
777 1973 929 2015 nullus
947 1973 1002 2014 de
1022 1970 1252 2014 Societate
1274 1984 1376 2013 eum
1400 1969 1693 2019 admouisset,

64 2060 112 2093 ut
134 2051 291 2094 maiori
314 2066 418 2094 cum
436 2052 596 2094 robore
619 2049 803 2106 spiritus
834 2050 1078 2105 procedere
1100 2049 1156 2090 ad
1185 2047 1330 2102 majus
1357 2045 1626 2101 obsequium
1651 2053 1695 2089 et

60 2127 251 2185 gloriam
283 2127 464 2170 diuinae
492 2126 740 2169 maiestatis
772 2125 928 2182 possit.
962 2126 1119 2179 Itaque
1146 2137 1200 2168 eo
1222 2124 1518 2167 deducendus
1548 2129 1616 2166 est
1638 2121 1692 2173 is,

63 2219 197 2259 quem
219 2205 429 2247 volumus
451 2203 614 2247 adduci
637 2204 693 2246 ad
711 2202 1000 2254 Societatem,
1022 2208 1072 2243 ut
1089 2200 1228 2243 libere
1245 2199 1390 2256 possit
1408 2198 1609 2255 profiteri
1627 2213 1693 2250 se,

62 2281 237 2324 etiamsi
260 2282 402 2324 multa
419 2280 645 2324 audiuerit
667 2295 693 2322 a
715 2279 896 2332 nostris,
923 2293 1040 2334 quae
1063 2277 1234 2334 possint
1251 2276 1376 2318 illum
1399 2290 1603 2327 mouere,
1626 2282 1695 2318 ta-

62 2372 167 2401 men
189 2357 320 2401 aliam
348 2373 396 2422 se
418 2359 586 2401 habere
608 2356 850 2399 motionem
874 2356 917 2398 in
943 2370 992 2399 se
1012 2370 1091 2411 per
1120 2354 1205 2397 Dei
1234 2354 1443 2409 gratiam,
1478 2367 1567 2407 qua
1589 2366 1696 2407 pro-

64 2441 220 2477 motus
242 2443 424 2490 expetat
446 2434 583 2490 recipi
606 2435 662 2477 ad
685 2424 990 2478 Societatems

150 2511 467 2554 Vndecimum:
494 2512 609 2554 haec
648 2525 751 2553 cum
790 2510 851 2553 ita
888 2510 1101 2562 habeant,
1142 2516 1187 2552 et
1208 2508 1320 2550 nulli
1358 2508 1584 2551 soleamus
1609 2519 1692 2547 nos

65 2588 305 2631 consulere
326 2588 493 2631 diserte
515 2594 565 2630 ut
586 2588 649 2629 ad·
672 2586 944 2630 Societatem
967 2585 1133 2638 veniat,
1166 2600 1270 2628 cum
1299 2583 1434 2626 nullis
1464 2583 1524 2626 ita
1555 2595 1694 2637 agere

63 2670 216 2718 aperte
241 2671 289 2706 ut
311 2663 398 2706 illis
422 2663 655 2707 uideamur
676 2663 867 2707 suadere
890 2663 1021 2715 uelle3
1047 2669 1174 2705 extra
1196 2661 1398 2704 ordinem
1419 2667 1569 2701 tamen
1588 2672 1693 2712 pos-

62 2740 120 2782 sit
141 2740 301 2795 aliquis
323 2754 561 2784 occurrere
584 2747 736 2782 tantae
759 2738 1082 2795 expectationis
1104 2739 1176 2780 vel
1199 2745 1289 2780 tam
1312 2742 1541 2792 spectatae
1564 2734 1694 2776 indo-

61 2816 131 2868 lis,
157 2816 231 2859 cui
253 2817 305 2873 (si
326 2816 492 2859 dubius
514 2817 697 2859 omnino
719 2831 812 2859 rem
836 2823 976 2858 totam
1000 2816 1195 2858 deferret
1213 2815 1268 2856 ad
1287 2812 1496 2855 iuditium
1515 2818 1559 2853 et
1578 2825 1693 2852 con-

63 2893 212 2936 silium
235 2894 454 2949 nostrum)
478 2894 715 2937 consulere
737 2893 962 2948 possimus
991 2892 1111 2946 quod
1134 2892 1189 2934 de
1213 2906 1261 2934 re
1289 2889 1408 2931 illius
1438 2902 1538 2932 esse
1563 2887 1693 2929 uide—

66 2976 189 3013 retur
205 2976 250 3012 et
268 2969 522 3022 Societatis;
545 2977 696 3013 tamen
714 2970 803 3011 hoc
821 2984 920 3011 raro
937 2967 1191 3023 continget,
1207 2974 1268 3018 et,
1285 2965 1369 3007 nisi
1388 2965 1434 3006 in
1450 2970 1696 3020 prouectae

67 3045 225 3089 aetatis
247 3045 506 3088 hominibus
524 3047 595 3089 vel
618 3046 801 3088 omnino
820 3046 950 3101 plene
969 3044 1148 3096 adultis,
1171 3042 1481 3098 usurpandum
1499 3055 1590 3082 non
1608 3047 1694 3093 est;
