2028 3426
345 211 412 256 844
924 209 1062 245 EPIST.
1092 209 1134 244 Ρ.
1164 208 1315 244 NADAL

299 320 422 356 ctum
446 312 639 367 aliquem
665 326 930 368 peruersum
961 311 1033 352 vel
1061 310 1216 367 finem,
1248 309 1441 365 primum
1475 308 1693 365 permittit
1714 308 1841 352 Deus
1871 307 1935 350 ita

299 390 468 445 eligere
486 404 540 431 ex
559 389 736 432 illorum
758 389 908 444 culpa3
930 387 1110 439 deinde,
1133 387 1168 429 si
1188 387 1352 429 mutari
1371 401 1461 429 non
1481 393 1628 442 potest
1646 393 1809 436 status,
1831 399 1934 441 gra-

300 468 404 509 tiam
430 481 518 509 non
543 474 699 522 negat,
727 480 806 521 per
834 479 971 520 quam
1008 465 1079 508 ¹97
1112 463 1297 519 implere
1331 463 1521 519 possint,
1557 477 1674 518 quae
1706 469 1935 518 praestare

301 551 526 588 tenentur:
555 544 677 598 quod
700 544 736 585 si
762 550 851 585 tam
877 541 1166 597 negligenter
1187 548 1327 596 agant
1350 554 1483 595 quam
1507 541 1747 596 elegerunt
1776 539 1936 581 incon-

300 621 509 670 siderate,
545 620 588 662 in
624 619 813 662 summis
845 632 1022 674 semper
1054 625 1294 662 versantur
1321 616 1548 673 augustiis
1576 624 1621 659 et
1645 631 1793 661 rerum
1816 615 1937 658 diffi-

299 698 561 749 cultatibus;
595 697 681 748 sin,
713 712 767 741 ex
798 695 1015 752 superiori
1051 709 1200 739 errore
1224 694 1464 745 humiliati,
1491 709 1569 750 per
1595 693 1934 750 poenitentiam,

300 775 566 825 orationem,
593 774 778 830 spiritus
811 775 1035 817 feruorem
1060 780 1196 828 atque
1219 787 1405 828 operum
1429 771 1698 823 efficaciam,
1735 771 1937 814 nitantur

300 853 345 894 in
369 852 454 895 Χ.ο
478 851 712 895 electionis
735 852 950 893 damnum
972 849 1203 901 resarcire,
1225 849 1303 893 fiet
1323 848 1542 900 fortassis,
1564 848 1719 891 diuina
1738 847 1814 890 X}
1838 848 1938 890 Iesu

300 929 584 986 benignitate
607 937 651 972 et
675 927 998 979 misericordia,
1025 935 1072 969 vt
1102 927 1315 970 selectam
1342 926 1477 969 etiam
1509 926 1629 969 illam
1653 933 1798 969 status
1831 939 1937 981 gra-

301 1008 405 1050 tiam
425 1014 782 1061 consequantur,
805 1013 851 1047 vt
870 1005 1088 1061 exemplis
1107 1004 1288 1059 quidem
1317 1004 1322 1060 Ι
1352 1011 1632 1059 compertum
1653 1010 1738 1056 est,
1760 1002 1938 1047 etiamsi

300 1084 743 1139 infrequentissimis3
781 1098 920 1139 quum
953 1089 1111 1125 contra
1134 1096 1302 1138 prauae
1336 1080 1583 1125 electiones
1617 1081 1858 1137 pessimum
1894 1087 1938 1122 et

302 1176 590 1218 progressum
617 1169 662 1203 et
685 1161 856 1205 exitum
882 1161 1081 1203 habeant
1104 1158 1470 1214 frequentissime
1493 1167 1523 1201 ³.

389 1238 634 1294 Dispensat
669 1238 854 1294 spiritus
887 1236 1070 1280 Domini
1110 1236 1390 1291 temporibus
1427 1243 1563 1290 atque
1598 1234 1939 1290 operationibus

300 1316 394 1358 suis
417 1317 536 1358 dona
559 1330 641 1373 sua
667 1315 944 1357 bominibus.
971 1315 1066 1357 Nos
1090 1313 1251 1369 triplex
1272 1322 1450 1368 tempus
1469 1312 1875 1355 animaduertimus
1894 1311 1938 1353 in

301 1393 613 1437 electionibus:
637 1392 831 1448 primum
850 1397 934 1445 est,
955 1392 1029 1433 vbi
1050 1391 1206 1433 diuina
1228 1391 1396 1435 veritas
1418 1390 1482 1432 ita
1502 1388 1640 1432 trahit
1657 1390 1936 1431 voluntatem

301 1470 563 1521 efficaciter,
591 1478 638 1511 vt
661 1471 902 1513 absorbeat
927 1483 1107 1512 omnem
1131 1467 1368 1512 dubitandi
1394 1468 1675 1518 facultatem,
1702 1466 1774 1510 vel
1803 1465 1938 1510 etiam

301 1548 662 1597 contradicendi3
689 1547 841 1589 vnitur
864 1546 983 1588 enim
1015 1545 1196 1588 diuinae
1226 1544 1448 1587 voluntati
1481 1546 1681 1587 humana
1703 1558 1831 1586 mens
1861 1556 1940 1598 per

301 1640 484 1669 sensum
519 1639 572 1667 ac
606 1624 910 1679 receptionem
949 1623 1133 1667 diuinae
1166 1622 1381 1665 motionis
1411 1630 1549 1676 atque
1581 1620 1777 1663 virtutis.
1810 1621 1934 1665 Sele-

301 1710 423 1744 ctum
447 1710 515 1745 est
540 1704 626 1744 hoc
654 1709 848 1756 tempus,
875 1700 1120 1751 singularis
1144 1701 1259 1743 haec
1283 1698 1445 1755 gratia,
1473 1697 1544 1742 198
1567 1698 1746 1753 qualem
1771 1697 1814 1739 in
1833 1711 1939 1753 apo-

300 1780 427 1822 stolis
459 1780 668 1833 legimus.
711 1780 811 1821 Hoc
845 1793 1024 1821 summo
1059 1779 1205 1833 gradu
1239 1776 1311 1819 alii
1336 1777 1506 1832 gradus
1528 1782 1662 1819 erunt
1684 1773 1938 1827 inferiores,

300 1858 376 1912 qui
400 1858 505 1900 solis
529 1856 914 1900 consolationibus
940 1855 1044 1898 boni
1071 1855 1255 1910 spiritus
1278 1855 1448 1898 ducent
1465 1854 1520 1896 ad
1539 1853 1775 1897 veritatem
1794 1859 1940 1895 sta-tus

302 1936 372 1978 vel
412 1935 490 1985 rei,
533 1936 588 1977 de
627 1949 715 1988 qua
755 1933 1019 1987 ambigitur,
1056 1933 1441 1989 cognoscendam:
1469 1931 1689 1974 certiores
1721 1944 1829 1973 uero
1852 1928 1900 1971 hi
1923 1927 1940 1953 b

304 2019 435 2055 erunt
460 2026 538 2067 pro
563 2011 736 2054 ratione
762 2010 942 2052 virtutis
966 2009 1149 2053 diuinae
1173 2008 1415 2060 mouentis,
1443 2007 1699 2050 coniunctis
1722 2005 1819 2049 aliis
1848 2006 1941 2062 spi-

303 2089 415 2132 ritus
437 2088 800 2145 probationibus,
828 2102 942 2142 quae
962 2088 1033 2131 vel
1052 2101 1106 2129 ex
1125 2085 1377 2142 scripturis,
1399 2086 1469 2128 vel
1491 2092 1753 2128 sanctorum
1773 2082 1941 2126 doctri—

302 2166 372 2209 nis
394 2177 438 2208 et
461 2166 693 2220 exemplis,
721 2165 791 2207 vel
816 2180 870 2207 ex
895 2163 1062 2206 nostris
1087 2162 1259 2218 regulis
1283 2162 1439 2206 haberi
1466 2169 1672 2218 possunt.

393 2252 487 2286 2.'¹¹¹¹
527 2252 705 2299 tempus
744 2242 1016 2285 electionum
1057 2248 1265 2284 versatur
1297 2240 1340 2282 in
1376 2239 1650 2282 discretione
1681 2238 1937 2294 spirituum,

303 2336 381 2376 per
404 2320 727 2376 experientiam
752 2318 1115 2361 consolationum
1141 2331 1194 2360 ac
1212 2315 1563 2367 desolationum,
1584 2330 1609 2358 e
1627 2315 1792 2370 quibus
1809 2315 1941 2357 colla-

305 2398 425 2442 tione
445 2398 576 2448 facta,
593 2396 808 2439 adhibitis
837 2397 842 2452 Ι
871 2394 1108 2447 legittimis
1124 2393 1311 2449 spiritus
1324 2392 1685 2448 probationibus,
1701 2392 1758 2435 de
1775 2391 1942 2446 quibus

304 2490 423 2517 nunc
447 2475 726 2525 dicebamus,
755 2473 985 2525 colligitur
1009 2471 1134 2527 quasi
1160 2470 1310 2515 sensili
1343 2469 1524 2512 diuinae
1547 2468 1763 2512 bonitatis
1785 2475 1801 2494 ⁰
1823 2467 1941 2511 indi—

305 2553 390 2604 cio,
417 2567 637 2607 quaenam
663 2551 760 2594 eius
784 2551 841 2593 sit
866 2551 1090 2592 voluntas.
1119 2547 1307 2591 Inferior
1329 2547 1402 2589 hic
1425 2554 1494 2591 est
1516 2547 1687 2602 gradus
1710 2560 1843 2601 quam
1868 2545 1941 2587 ille

305 2629 431 2684 primi
458 2629 688 2684 temporis,
719 2628 862 2670 minor
886 2626 1049 2680 gratia3
1077 2626 1155 2670 sed
1180 2627 1266 2667 hoc
1289 2625 1426 2667 habet
1446 2623 1689 2679 priuilegii,
1712 2623 1832 2677 quod
1851 2622 1942 2678 spi-

306 2707 469 2749 rituum
496 2706 716 2749 varietate
741 2713 785 2748 et
818 2719 973 2760 pugna
1008 2704 1057 2745 fit
1080 2702 1236 2745 diuina
1265 2700 1549 2757 benignitate
1573 2700 1856 2755 plerumque,
1893 2706 1941 2741 vt

305 2785 441 2826 semel
466 2783 710 2824 vincantur
734 2783 1007 2824 tentationes
1030 2779 1278 2828 daemonis,
1305 2785 1350 2820 et
1374 2792 1458 2832 pax
1481 2777 1611 2819 firma
1635 2775 1772 2818 menti
1791 2775 1940 2819 conci-

304 2859 451 2902 lietur.
479 2858 682 2902 Incidere
709 2867 857 2902 tamen
885 2857 1014 2900 facile
1037 2863 1187 2912 potest
1210 2854 1374 2905 illusio,
1402 2852 1662 2910 praesertim
1688 2853 1733 2895 in
1757 2851 1943 2896 inferio-

374 2977 391 2993 a
442 2966 482 3000 In
503 2976 623 3010 marg.
646 2965 734 3008 Nat.
757 2975 885 2999 manu:
914 2964 1007 2998 Vide
1022 2974 1176 3009 genera
1195 2961 1448 2996 vocationum
1469 2970 1515 2994 ex
1533 2958 1740 2995 Cassiano,
1792 2961 1858 2986 —b
1883 2957 1943 2993 hii

307 3037 375 3062 ms,
397 3025 458 3059 hic
478 3030 517 3058 et
536 3024 640 3058 alibi.
696 3033 756 3050 -c
786 3022 1041 3057 Emendatum
1064 3033 1083 3056 a
1103 3021 1194 3056 Nat.
1213 3033 1258 3055 ex
1280 3019 1513 3055 voluntati&

2012 702 2028 862 l

2012 869 2028 975 ξ

2015 991 2028 1044 Ξ

2014 1048 2028 1081 Ξ

2015 1201 2028 1239 ν’.

2017 1819 2028 1826 r
2016 1750 2028 1809 -ιιι-
2014 1692 2028 1740 nix.

2020 2053 2028 2060 ι
2017 1934 2028 2040 ‚naeu—n·

2017 2457 2028 2541 :nm-‹n-
2022 2440 2028 2448 .
2015 2385 2028 2420 ..ss
2017 2323 2028 2373 Α.--

2017 2859 2028 2895 -u
2011 2776 2028 2849 ι-ἰᾸ
2015 2708 2028 2759 ..α
2013 2573 2028 2700 fini-..ns
2017 2554 2028 2565 ι
