2028 3426
310 232 378 277 872
801 203 805 207 ²
889 229 1026 264 Eius-r.
1056 227 1099 263 P.
1128 227 1279 264 NADAL

259 350 358 377 nam
384 334 618 377 ordinatae.
648 339 755 376 sunt
779 329 1098 387 apparitiones
1125 330 1395 373 Necessario
1418 329 1558 387 igitur
1588 331 1718 376 tolles
1746 331 1897 375 locum

257 411 392 453 alicui
415 425 564 453 suum.
594 410 689 452 Cur
711 423 802 452 non
827 407 993 464 potius,
1020 407 1078 448 ob
1101 405 1372 462 dignitatern
1398 407 1567 453 Mariae
1590 408 1804 464 primum?

345 490 407 531 At
431 487 539 529 dicit
563 489 760 530 Marcus:
792 485 1008 541 «primo»,
1035 490 1124 528 ete.
1153 484 1180 525 ¹.
1210 483 1258 528 Si
1283 499 1373 527 non
1397 484 1574 541 recipit,
1600 500 1717 540 quae
1739 487 1898 530 exclu-

256 566 352 607 siue
381 564 489 607 dicit
521 566 720 616 Marcus,
746 561 998 618 expositiue
1021 569 1038 586 ³
1060 562 1092 618 ²,
1117 564 1232 609 2441·
1261 563 1316 618 (2)
1339 562 1427 605 iam
1451 564 1597 618 Xpus.
1636 577 1727 606 non
1766 564 1895 607 nouit

256 642 373 685 diem
415 640 585 684 iudicii.
626 641 870 696 Quomodo
892 641 1040 684 locum
1074 643 1201 686 illum
1230 640 1449 697 explicas?
1479 639 1694 684 Similiter
1722 641 1897 697 explica

256 719 375 772 quod
406 733 495 760 non
527 717 785 773 apparuerit
822 717 1007 761 Mariae:
1050 720 1106 763 ad
1138 719 1450 774 reuelanduvm.
1494 717 1719 773 Apparuit
1752 717 1896 774 primo

257 795 422 838 Mariae
455 793 803 853 [Magdalenaej,
837 794 892 836 ad
924 796 1245 849 reuelandum;
1279 810 1381 838 narn
1412 794 1557 851 primo
1595 802 1768 838 certum
1807 802 1892 847 est,

254 873 374 926 quod
397 873 452 914 ad
477 869 716 926 priuilegia
740 870 918 924 attinet,
941 885 1056 926 quae
1080 872 1250 915 ordinis
1273 887 1364 915 non
1389 878 1512 924 sunt,
1534 871 1709 913 nullum
1734 870 1891 923 fuisse,

254 950 296 990 in
337 947 658 1005 quocum[que]
698 947 901 1000 homine,
935 956 1113 1004 praeter
1151 950 1347 1005 Xpum.,
1375 949 1498 1004 quod
1539 962 1629 990 non
1669 948 1895 992 excelsius

254 1025 460 1069 habuerit
485 1025 641 1069 Maria.
670 1024 814 1079 Igitur
838 1024 964 1077 vidit;
992 1033 1036 1069 et
1066 1026 1210 1082 prima
1238 1025 1367 1078 vidit3
1401 1026 1480 1068 sed
1504 1024 1799 1069 selectissima
1820 1024 1895 1069 illa

254 1104 337 1145 fuit
361 1102 597 1159 apparitio,
624 1109 669 1146 et
692 1103 748 1144 de
771 1116 860 1157 qua
883 1102 1081 1146 dubitari
1105 1118 1195 1146 non
1224 1103 1394 1155 decuit,
1427 1109 1472 1147 et
1501 1116 1617 1158 quae
1649 1104 1894 1146 vehemens

324 1248 338 1264 ⁵¹
390 1244 563 1281 Confuse
584 1250 623 1279 et
642 1245 822 1282 obscure.

324 1373 331 1392 ¹
386 1373 442 1407 En
464 1371 669 1406 Pedrochii
689 1382 896 1406 censuram
918 1371 955 1406 in
975 1372 1078 1407 hunc
1097 1373 1225 1407 locum
1245 1371 1538 1407 exercitiorum:
1557 1372 1698 1408 «Certe
1718 1372 1894 1420 Evange7

251 1434 338 1468 lista
357 1433 528 1477 Marcus,
549 1443 637 1477 cap.
668 1431 722 1473 16,
742 1431 963 1477 oppositum
990 1443 1176 1478 expresse
1201 1431 1343 1467 asserit
1362 1431 1517 1468 dicens:
1541 1431 1723 1478 Surgens
1740 1431 1890 1479 (Jesus)

254 1489 370 1527 mane
390 1492 531 1538 prima
556 1491 712 1526 sabbati
736 1491 933 1537 apparuit
954 1491 1091 1537 primo
1110 1491 1270 1526 Asariae
1295 1491 1583 1538 Magdaletzae,·
1609 1496 1648 1526 et
1674 1503 1741 1537 per
1758 1502 1894 1527 conse-

251 1564 374 1599 quens
395 1552 548 1586 Marcus
569 1556 628 1585 est
648 1550 732 1585 sine
752 1550 969 1596 intellectu,
992 1556 1030 1585 et
1050 1550 1236 1585 mentitur
1250 1556 1317 1586 aut
1334 1549 1475 1585 falsum
1495 1550 1649 1594 asserit3
1670 1561 1758 1586 nam
1777 1550 1809 1586 si
1829 1562 1894 1585 ve-

250 1624 333 1646 rum
354 1616 414 1646 est
432 1610 535 1656 quod
551 1610 675 1656 primo
691 1609 869 1656 apparuit
888 1609 1001 1645 matri
1021 1621 1128 1655 suae,
1146 1610 1340 1657 quomodo
1360 1621 1496 1645 verum
1516 1615 1588 1656 est,
1607 1609 1709 1656 quod
1727 1609 1892 1656 primum

250 1672 426 1719 apparuit
448 1671 590 1706 Mariae
610 1669 906 1716 MagdalenaeP»
928 1671 1171 1714 POLANCUS,
1191 1669 1356 1713 Clzron.‚
1375 1670 1444 1713 ΙΙΙ,
1464 1678 1534 1715 519
1552 1675 1591 1705 et
1611 1679 1697 1714 520.

321 1737 332 1753 ·-’
386 1731 491 1776 Quid
510 1731 596 1765 heic
615 1730 746 1765 dicere
769 1730 937 1765 voluerit
967 1735 1116 1774 auctor,
1150 1729 1244 1764 satis
1272 1740 1321 1764 ex
1348 1734 1537 1764 contextu
1568 1735 1744 1776 apparet.
1764 1729 1893 1766 Locus

251 1800 380 1827 tamen
405 1790 594 1826 declarari
614 1795 744 1837 potest
768 1791 840 1824 hoc
860 1795 988 1836 pacto,
1011 1789 1053 1824 Si
1078 1791 1177 1832 loca,
1198 1789 1263 1824 ubi
1290 1788 1534 1835 evangelista
1560 1789 1762 1824 exclusive
1787 1791 1892 1837 loqui

251 1851 423 1897 videtur,
456 1850 658 1886 exclusive
690 1849 901 1895 intelligas,
936 1850 1040 1884 nulla
1066 1848 1241 1884 adhibita
1266 1848 1512 1895 expositione
1546 1860 1692 1894 earum,
1720 1860 1816 1896 quas
1835 1861 1892 1885 sa-

249 1923 399 1946 crarum
432 1910 649 1945 litterarum
682 1910 917 1955 interpretes
941 1907 1123 1953 afferunt,
1159 1907 1275 1943 fateri
1307 1907 1472 1943 debebis
1498 1908 1697 1944 Christum
1723 1919 1800 1944 non
1826 1920 1894 1944 no-

253 1972 354 2006 visse
374 1970 476 2006 diem
493 1969 645 2016 judicii3
667 1980 756 2004 nam
775 1967 829 2003 ait
847 1968 1083 2013 Matthaeus,
1104 1979 1190 2014 cap.
1210 1967 1350 2006 XXIV,
1373 1979 1475 2002 vers.
1493 1966 1552 2002 36:
1569 1969 1653 2002 «De
1671 1967 1735 2003 die
1761 1973 1891 2004 autem

252 2030 316 2065 illa
336 2036 374 2065 et
394 2031 485 2065 hora
505 2040 620 2065 nemo
639 2028 729 2074 scit,
752 2039 880 2074 neque
906 2027 1035 2073 angeli
1060 2028 1271 2072 caelorum,
1304 2026 1380 2062 nisi
1412 2028 1517 2062 solus
1544 2027 1697 2063 Pater.»
1727 2028 1786 2062 En
1816 2038 1892 2074 quo

252 2095 364 2135 paeto
383 2091 511 2124 locum
532 2089 641 2124 illum
662 2087 780 2122 Marci
800 2086 848 2121 ad
869 2092 1038 2121 mentem
1060 2085 1253 2131 Suarezii,
1279 2085 1535 2132 Salmeronis,
1563 2086 1788 2132 Maldonati,
1816 2091 1892 2124 etc.

250 2154 419 2196 exponat
439 2149 481 2184 P.
504 2148 844 2189 KNABENssAUER,
862 2145 901 2181 S.
925 2147 979 2191 J.,
999 2144 1324 2181 Commentarius
1339 2146 1383 2180 in
1397 2145 1655 2192 evangelium
1676 2147 1891 2181 secundum

253 2209 451 2249 Marcum,
470 2219 557 2254 pag.
569 2205 651 2252 437:
670 2205 792 2241 «Illud
802 2206 940 2252 primo
956 2205 1031 2240 iarn
1047 2206 1264 2252 Rupertus‚
1281 2206 1402 2240 abbas
1422 2205 1696 2250 tuitiensis,ita
1709 2205 1892 2252 explicat.

254 2274 293 2302 ut
313 2268 413 2302 inter
433 2272 572 2311 testes,
592 2266 658 2312 qui
677 2264 825 2301 Christi
851 2264 1177 2300 resurrectionem
1198 2264 1378 2299 nuntiare
1396 2263 1616 2310 debuerint,
1639 2264 1762 2311 primo
1781 2276 1894 2311 appa-

252 2327 373 2362 ruerit
393 2326 537 2362 Mariae
557 2325 815 2371 Magdalenae
834 2323 898 2367 (de
917 2323 1062 2359 divinis
1078 2323 1231 2369 officiis,
1248 2332 1282 2370 7,
1306 2333 1364 2368 253
1381 2324 1432 2361 M.
1457 2332 1537 2370 179,
1552 2324 1637 2369 206)
1653 2323 1893 2371 eandemque

251 2386 554 2432 explicationem
582 2384 647 2419 alii
679 2394 834 2431 quoque
859 2383 1163 2430 amplectuntur,
1192 2383 1248 2418 uti
1276 2383 1508 2424 Salmeron,
1535 2388 1646 2419 tract.
1679 2391 1734 2426 11,
1766 2383 1891 2425 Ians.,

253 2446 378 2480 Mala.
401 2452 439 2481 et
457 2444 678 2490 generatim
698 2444 752 2479 ita
779 2443 967 2490 explicari
997 2454 1127 2489 posse,
1156 2449 1198 2478 ut
1231 2443 1353 2489 prima
1384 2442 1526 2479 viderit
1552 2442 1762 2478 Dominum
1793 2443 1894 2478 inter

252 2516 333 2550 eos,
354 2505 401 2539 de
421 2505 564 2551 quibus
594 2502 826 2549 evangelica
852 2502 1021 2537 narratio
1047 2501 1286 2537 mentionem
1310 2501 1418 2548 facit,
1451 2513 1473 2536 a
1500 2501 1612 2537 modo
1638 2507 1677 2538 et
1704 2513 1810 2537 more
1839 2503 1892 2537 lo-

250 2564 394 2610 quendi
414 2563 613 2598 hominum
635 2573 710 2597 non
737 2566 798 2596 est
823 2561 1007 2607 alienum,
1037 2567 1076 2596 et
1102 2560 1324 2596 concedunt
1347 2566 1538 2608 quotquot
1561 2560 1736 2596 sentiunt
1761 2561 1892 2596 Domi-

254 2635 343 2658 num
364 2623 487 2669 primo
513 2633 605 2668 prae
638 2620 822 2656 omnibus
854 2619 1081 2666 apparuisse
1113 2620 1363 2655 beatissimae
1396 2620 1508 2655 matri
1538 2631 1677 2658 suae...
1708 2619 1787 2655 Sed
1817 2620 1892 2655 etsi

250 2695 282 2719 s.
305 2681 503 2716 Ambrosii
524 2679 792 2716 testimonium
813 2678 989 2714 invocari
1008 2684 1193 2725 nequeat,
1212 2679 1309 2714 haec
1328 2678 1524 2714 sententia
1544 2684 1674 2714 tamen
1692 2679 1745 2714 ita
1763 2679 1892 2715 evasit

249 2741 480 2786 communis,
502 2746 542 2775 ut
563 2740 730 2780 Suarez,
751 2738 870 2775 dicat:
893 2738 1064 2784 «absque
1086 2739 1162 2773 ulla
1181 2737 1427 2773 dubitatione
1445 2737 1683 2773 credendum
1702 2744 1763 2773 est
1781 2738 1890 2774 Chri-

250 2808 353 2836 stum
374 2806 460 2846 post
491 2799 816 2834 resurrectionem
848 2797 1015 2844 primum
1049 2797 1222 2833 omnium
1253 2797 1367 2832 matri
1394 2808 1488 2833 suae
1519 2796 1758 2844 apparuisse3
1790 2809 1889 2845 quae

251 2860 445 2896 sententia
464 2871 511 2894 ex
532 2858 627 2905 ipsis
646 2857 823 2892 terminis
843 2856 941 2892 adeo
966 2862 1027 2892 est
1052 2868 1121 2903 per
1146 2868 1188 2892 se
1214 2856 1429 2902 credibilis,
1457 2861 1500 2892 ut
1523 2856 1605 2892 fere
1630 2856 1715 2892 sine
1739 2863 1890 2893 contro·

252 2920 378 2954 versia
404 2919 576 2953 omnium
602 2917 776 2952 fidelium
808 2922 849 2951 et
879 2916 1082 2951 doctorum
1109 2915 1249 2951 animis
1281 2905 1484 2961 insederit,
1515 2922 1632 2963 atque
1663 2916 1716 2952 ita
1746 2916 1889 2954 docent

253 2989 385 3013 ornnes
404 2978 613 3023 scriptores
632 2975 830 3021 catholici,
855 2975 921 3021 qui
946 2976 1045 3010 hanc
1068 2975 1340 3022 quaestionem
1359 2975 1625 3021 attigerunt.»
1650 2975 1705 3019 (in
1729 2974 1752 3010 3
1770 2982 1887 3023 part.‚

248 3043 403 3083 quaest,
424 3045 480 3080 55,
503 3036 648 3082 disput.
669 3045 728 3080 49.
751 3040 853 3069 sect.
883 3042 915 3079 1,
935 3045 979 3069 n.
1004 3036 1056 3078 2.)

1996 2580 2019 2746 *affigam-2.
