2028 3426
677 192 1110 229 INSTRUCTIONES-—C‘I
1592 199 1656 236 59Ῑ

169 297 312 338 Pater
331 299 497 337 noster.
522 295 623 337 Aue
645 294 815 345 Μανία,
840 301 930 337 etc.
956 291 1221 347 Mysterium
1251 291 1523 334 admirabilis
1546 307 1704 335 ascen—

78 372 218 416 sionis
241 371 440 423 Domini,
461 378 553 415 etc,
578 385 722 426 Vsque
745 371 801 413 ad
824 376 1138 425 pentecosten.

170 448 259 492 593
291 450 434 490 Pater
456 451 622 490 noster.
648 449 746 490 Aue
763 447 935 498 Ἀζανία,
953 452 1041 488 etc.
1068 444 1333 500 Mysterium
1358 443 1581 486 missionis
1604 445 1703 501 Spi-

80 525 193 568 ritus
214 524 358 568 sancti
382 524 426 566 in
449 525 678 580 apostolos
701 530 746 566 et
769 522 1030 578 discipulos,
1057 529 1144 565 ete.

171 603 312 644 Pater
333 604 500 643 noster.
526 602 623 643 Aue
645 601 818 652 Maria,
851 606 938 644 ete.
972 598 1221 641 Considera
1248 611 1388 652 quum
1419 596 1603 647 Christo
1626 598 1706 640 do-

79 678 201 720 mino
224 679 328 721 data
351 677 508 720 fuisset
531 683 752 732 protestas
775 675 919 718 omnis
942 674 988 716 in
1012 675 1137 718 coelo
1159 681 1204 716 et
1226 673 1272 715 in
1295 680 1430 726 terra,
1455 681 1504 715 vt
1532 675 1705 716 coelum

78 760 126 797 et
147 755 365 797 mundum
395 753 657 796 vniuersum
682 760 727 797 et
754 752 1010 808 specialiter
1031 765 1159 793 suam
1188 757 1389 793 sanctam
1419 750 1703 802 catholicam,

80 831 371 887 apostolicam
412 838 548 885 atque
586 830 883 872 orthodoxam
921 827 1158 871 ecclesiam
1197 841 1426 869 romanam
1465 827 1703 882 gubernet3

83 922 164 963 pro
185 910 270 950 hac
292 909 440 950 Deum
464 908 726 962 deprecare.

168 975 313 1026 Pater*
335 989 500 1027 noster.
528 985 626 1026 Aue
648 983 820 1034 Μανία,
844 989 931 1024 etc.
958 981 1266 1024 Considerabo
1290 981 1481 1035 qualiter
1499 997 1581 1024 sua
1604 982 1706 1023 infi-

82 1060 177 1103 nita
213 1060 520 1104 misericordia
559 1058 803 1102 instituerit
841 1058 1115 1103 Societatem
1146 1060 1274 1115 Jesu,
1310 1072 1361 1100 ac
1391 1058 1581 1112 qualiter
1609 1073 1705 1101 eam

82 1137 357 1190 vniuersam,
384 1137 686 1193 praepositum
728 1136 1002 1192 generalem,
1040 1134 1338 1190 prouinciam,
1377 1134 1636 1190 collegium,
1662 1134 1706 1176 in

80 1228 170 1269 quo
191 1222 309 1267 sum,
333 1221 377 1257 et
400 1214 655 1268 superiores
684 1227 840 1255 omnes
864 1226 1002 1263 meos,
1044 1211 1238 1254 animam
1268 1218 1501 1266 praeterea
1537 1218 1582 1253 et
1604 1225 1706 1253 cor-

79 1305 164 1346 pus
186 1304 336 1333 meum
363 1290 537 1350 [regatL
564 1304 645 1345 pro
675 1289 839 1345 quibus
867 1288 1077 1331 omnibus
1099 1290 1247 1332 Deum
1277 1289 1443 1331 deuote
1472 1288 1705 1342 precabor.

167 1368 311 1409 Pater
333 1371 498 1409 noster.
525 1368 623 1408 Aue
645 1366 816 1417 Μανία,
839 1372 927 1409 etc.
953 1364 1160 1420 Qualiter
1182 1379 1339 1408 omnes
1357 1363 1528 1406 animas
1547 1365 1603 1405 ab
1622 1365 1707 1406 hac

84 1443 176 1485 vita
198 1443 373 1486 mortali
395 1444 641 1500 migrantes
664 1441 832 1485 iudicet
854 1440 1112 1497 particulari
1137 1441 1226 1485 594
1255 1441 1436 1492 iudicio,
1467 1442 1536 1484 vel
1560 1441 1615 1482 ad
1637 1440 1707 1482 in-

79 1521 273 1574 fernum,
290 1521 363 1562 vel
380 1519 708 1576 purgatorium,
723 1519 795 1561 vel
813 1517 1085 1574 paradisum,
1100 1518 1339 1572 Dominus,
1354 1525 1400 1560 et
1418 1532 1580 1568 meam,
1600 1519 1706 1559 dum

79 1597 357 1653 migrauerit,
382 1596 613 1648 iudicabit,
639 1603 726 1638 etc.
754 1595 907 1638 Orabo
935 1609 1016 1650 pro
1039 1597 1150 1638 hora
1179 1595 1335 1637 mortis
1363 1602 1408 1638 et
1430 1610 1511 1650 pro
1536 1594 1705 1636 anima-

78 1674 165 1717 bus
195 1674 462 1730 purgatorii,

167 1752 310 1792 Pater
332 1755 497 1792 noster.
524 1752 625 1792 Aue
661 1750 836 1802 Μανία,
877 1757 967 1792 etc.
1010 1748 1219 1804 Qualiter
1255 1748 1302 1789 in
1325 1748 1572 1790 nouissimo
1595 1755 1638 1792 et
1661 1747 1707 1789 in
1768 1754 1772 1757 '

79 1841 248 1883 magno
271 1827 348 1870 illo
372 1827 444 1871 die
467 1824 723 1871 Vniuersarn
747 1841 927 1871 carnem
951 1825 1167 1868 iudicabit
1196 1832 1254 1869 et-
1270 1826 1428 1867 reddet
1462 1825 1707 1879 vnicuique

78 1902 204 1946 iuxta
227 1919 364 1960 opera
387 1904 500 1955 eius,
532 1904 662 1946 bonis
689 1903 875 1946 ,scilicet
896 1903 1034 1945 vitam
1074 1910 1118 1945 et
1141 1902 1330 1958 gloriam
1367 1902 1702 1957 sempiternam,

19 1989 22 1992 ’
79 1980 208 2023 malis
231 1989 382 2024 autern
407 1988 594 2024 mortem
617 1988 662 2024 et
683 1980 837 2036 ignem
867 1987 1114 2023 aeternum.
1140 1980 1295 2022 Orabo
1317 1986 1365 2019 vt
1388 1980 1432 2020 in
1456 1978 1528 2021 die
1551 1978 1703 2019 iudicii
1761 1975 1764 1977 ’

79 2056 238 2100 liberet
260 2072 331 2100 me
353 2057 592 2109 Dominus,
619 2064 707 2100 etc.

167 2135 271 2176 Non
294 2142 362 2176 est
384 2141 534 2177 autem
559 2132 1007 2189 praetermittendum
1030 2140 1094 2184 vt,
1120 2132 1238 2175 sicut
1266 2133 1351 2175 sub
1381 2132 1582 2186 quolibet
1605 2132 1705 2186 glo-

17 2223 19 2226 ⁴
80 2210 185 2253 bulo
208 2211 259 2252 fit
281 2210 450 2254 mentio
471 2209 789 2274 alicuius-anni
813 2210 884 2252 vel
907 2209 1108 2264 mysterii
1131 2208 1250 2252 vitae
1267 2208 1466 2260 Domini,
1487 2208 1549 2250 sic
1573 2208 1705 2250 etiam

18 2275 25 2332 ᾖ
80 2287 252 2342 gratiae
280 2288 535 2330 habeantur
563 2295 608 2329 et
644 2293 841 2342 agantur
878 2288 992 2338 Deo,
1034 2300 1113 2341 pro
1150 2286 1254 2341 Xpi.
1282 2285 1451 2328 domini
1481 2285 1578 2327 eius
1600 2284 1703 2326 anni

55 2370 59 2375 '
80 2363 248 2406 meritis
270 2371 315 2406 et
338 2363 576 2419 mysteriis,
617 2370 662 2405 et
684 2377 763 2418 per
787 2377 839 2405 ea
877 2362 1011 2407 simui
1035 2371 1082 2404 vt
1111 2361 1278 2416 aliquid
1312 2363 1366 2403 ab
1401 2362 1496 2416 ipso
1526 2367 1703 2415 petatur

23 2498 26 2502 v
79 2453 158 2495 per
179 2440 338 2484 merita
361 2448 405 2483 et
422 2439 636 2495 mysteria
657 2439 754 2482 eius
778 2438 899 2490 anni,
930 2447 978 2480 vt
1008 2438 1248 2493 diligenter
1277 2446 1574 2481 exerceantur
1602 2436 1703 2478 illae

15 2555 30 2568 „
80 2524 228 2571 partes
257 2516 486 2568 orationis,
515 2515 763 2572 gratiarum
803 2515 889 2559 595
929 2515 1064 2567 actio,
1097 2515 1254 2570 petitio
1283 2522 1327 2557 et
1366 2513 1633 2564 obsecratio,
1669 2512 1705 2554 si

19 2639 26 2647 ‚
79 2607 173 2635 non
195 2593 240 2635 in
262 2593 454 2649 singulis
475 2592 688 2649 globulis,
714 2592 871 2634 saltem
896 2591 1157 2633 nominatim
1182 2592 1223 2633 in
1250 2591 1450 2646 globulo,
1473 2590 1516 2631 in
1542 2603 1630 2643 quo
1647 2588 1703 2630 de

77 2669 288 2725 mysterio
313 2669 595 2725 peculiariter
613 2667 915 2712 meditaberis.
937 2668 985 2709 In
1011 2668 1272 2710 vniuersum
1293 2674 1459 2718 autem,
1496 2673 1596 2720 post
1620 2665 1701 2706 ab-

20 2756 23 2759 *
79 2747 273 2788 solutum
296 2746 529 2800 rosarium,
571 2746 626 2789 de
658 2745 868 2788 omnibus
906 2745 1075 2800 gratias
1098 2759 1223 2800 agas,
1253 2758 1329 2798 per
1362 2742 1510 2783 omnia
1533 2740 1702 2795 aliquid

16 2831 22 2835 “
81 2828 222 2877 petas.

167 2899 283 2942 Sunt
305 2898 350 2940 in
373 2900 458 2940 hoc
481 2897 649 2940 rosario
673 2896 845 2953 globuli
868 2909 940 2950 42,
967 2896 1098 2952 signo
1122 2895 1267 2937 crucis
1290 2908 1368 2949 pro
1399 2907 1487 2934 vno
1517 2905 1706 2947 compu-

36 2985 38 2987 ’
84 2979 190 3026 tato,
216 2974 290 3029 qui
310 2988 525 3016 numerus
548 2973 712 3030 poterit
734 2973 868 3016 etiam
898 2972 1052 3016 referri
1075 2973 1130 3014 ad
1154 2969 1529 3025 significationem
1549 2981 1604 3021 42
1623 2982 1704 3024 ge-
