2028 3426
689 248 1124 292 SUPPLEMENTUM—25
1606 249 1674 294 845

93 344 216 387 ribus
238 346 455 400 gradibus
477 347 550 390 ,199
575 347 710 390 huius
734 348 964 403 temporis,
992 363 1047 391 ex
1079 348 1262 403 spiritus
1286 348 1387 390 mali
1423 350 1718 405 transfigura-

92 420 213 464 tione
234 421 280 463 in
315 422 420 464 boni
455 423 640 478 spiritus
672 425 883 479 speciem.
922 426 1092 479 Itaque,
1125 424 1199 466 vbi
1233 424 1380 467 minus
1409 439 1508 469 esse
1542 426 1720 469 videtur

90 498 212 551 quod
235 499 559 553 explorandum
583 500 655 551 sit,
684 509 864 556 propter
880 501 1200 544 consolationis
1223 501 1539 553 constantiam,
1567 503 1626 544 ibi
1652 503 1718 544 vi-

92 562 247 616 uacius
268 575 615 630 inuigilandum3
648 586 692 619 et
720 577 885 631 alioqui
917 577 1274 619 consolationum
1304 592 1355 619 ac
1385 578 1716 621 desolationum

90 650 255 705 praelia
277 652 474 694 excitant
497 653 751 696 necessario
776 655 845 696 vel
873 653 1050 697 irritant
1078 662 1095 678 ἃ
1118 661 1331 706 mentem,
1358 662 1405 695 vt
1429 654 1511 696 sibi
1545 656 1717 710 prospi-

88 726 177 768 ciat
200 742 252 769 ac
275 737 435 770 caueat
459 729 800 785 circumspecte.

178 811 272 856 3⁰³¹
297 811 473 859 tempus
496 814 563 848 est
597 806 814 848 naturalis
846 807 1081 848 cuiusdam
1119 806 1453 861 tranquillitatis
1488 807 1712 862 xpianae„

87 881 269 942 quando
287 881 457 923 scilicet
481 896 623 931 menS,
645 883 767 925 nulla
786 882 1093 926 consolatione
1110 883 1310 938 spiritus,
1332 884 1454 925 nulla
1471 884 1714 925 desolatio-

87 971 144 999 ne
168 966 386 1012 permota,
408 958 526 1001 vires
544 973 648 1000 suas
672 958 810 1002 libere
828 973 1038 1002 exercere
1056 966 1203 1013 potest
1222 959 1478 1003 intellectus
1495 968 1539 1002 et
1558 962 1714 1002 volun-

88 1032 191 1075 tatis
210 1035 455 1085 naturales,
477 1035 722 1090 suppositis
741 1036 808 1077 his
828 1035 1072 1091 principiis,
1095 1050 1211 1089 quae
1230 1051 1284 1079 ex
1302 1036 1609 1091 superioribus
1634 1053 1709 1079 ne-

86 1109 284 1152 cessario
307 1110 602 1166 colliguntur,
630 1112 733 1162 fide,
760 1127 856 1167 spe,
881 1109 1148 1168 chaſtritatel,
1181 1119 1185 1168 Ι
1215 1112 1450 1165 virtutum,
1471 1115 1710 1166 donorum,

84 1193 130 1227 et
154 1185 190 1228 si
214 1200 302 1240 qua
324 1195 430 1228 sunt
454 1187 553 1237 alia,
580 1202 695 1241 quae
719 1189 761 1229 in
787 1188 1104 1230 iustificatione
1127 1189 1295 1230 homini
1321 1189 1619 1231 restituuntur
1644 1192 1713 1234 Vel

85 1263 432 1317 amplificantur3
469 1265 525 1307 de
558 1279 611 1308 eo
643 1265 761 1306 enim
794 1264 975 1307 homine
1008 1265 1201 1320 agimus,
1237 1266 1314 1320 qui
1347 1273 1445 1321 post
1479 1267 1708 1319 exercitia,

83 1352 199 1392 quae
222 1341 277 1381 ad
310 1341 632 1394 poenitentiam
668 1349 774 1383 sunt
807 1343 1161 1394 accommodata,
1197 1344 1433 1386 confessus
1462 1351 1531 1385 est
1563 1344 1712 1386 onmia

82 1415 281 1457 omnium
306 1424 556 1472 temporum
581 1426 783 1472 peccata,
809 1432 937 1460 sacra
955 1418 1272 1462 communione
1290 1419 1466 1461 cibatus
1482 1427 1566 1471 est,
1590 1427 1711 1462 totus

79 1499 152 1541 ⁴est
175 1491 220 1533 in
250 1493 532 1536 examinibus
562 1509 670 1537 suae
699 1494 1006 1537 conscientiae
1039 1502 1175 1549 atque
1208 1496 1370 1537 horum
1403 1505 1710 1539 sacramento-

83 1583 180 1610 rum
216 1570 490 1624 frequentia,
531 1578 650 1613 totus
687 1579 755 1614 est
786 1571 829 1612 in
865 1571 1003 1613 sacris
1036 1571 1406 1615 meditationibus
1438 1580 1709 1629 segregatus

81 1647 243 1700 ‹xquoad
266 1647 363 1690 eius
387 1647 483 1690 fieri
506 1648 740 1691 commode
764 1649 924 1703 potest)
949 1650 1004 1690 ab
1028 1648 1081 1690 iis
1098 1649 1323 1700 omnibus,
1346 1664 1462 1704 quae
1478 1649 1596 1692 illius
1615 1650 1708 1693 ani-

79 1737 199 1763 mum
227 1724 295 1765 vel
320 1731 541 1774 auertere,
568 1725 638 1766 vel
658 1724 942 1779 interpellare
961 1732 1144 1779 possent
1163 1726 1218 1766 ab
1236 1725 1535 1780 spiritualium
1554 1741 1705 1770 rerum
1734 1759 1738 1763 .

77 1796 474 1854 contemplatione,
496 1801 551 1842 ab
569 1800 772 1843 oratione
795 1809 840 1843 et
856 1800 1040 1856 pietate.
1062 1802 1194 1843 Adde
1213 1801 1299 1853 illis
1316 1817 1399 1845 nos
1419 1803 1594 1847 tradere
1611 1804 1703 1847 ele-

76 1875 265 1926 ctiones,
291 1877 365 1930 qui
391 1878 447 1918 ad
472 1876 652 1919 tertium
677 1877 944 1920 humilitatis
968 1878 1159 1933 gradum
1183 1889 1289 1920 sunt
1313 1879 1539 1934 propensi.
1562 1881 1699 1922 Hunc

75 1951 215 2007 igitur
228 1953 472 2004 hominem,
488 1953 524 1995 si
544 1955 653 1997 haec
668 1952 1166 2011 principia[meditatus]
1182 1955 1291 1997 nihil
1306 1955 1598 2011 pinguedinis
1616 1958 1707 2012 spi·

76 2028 204 2080 ritus,
227 2028 336 2070 nihil
359 2029 598 2072 suauitatis
621 2030 842 2086 vnguenti
865 2046 890 2073 a
913 2033 1012 2074 Deo
1037 2031 1126 2075 20⁰
1150 2032 1329 2087 accipit,
1353 2033 1398 2074 in
1418 2033 1485 2086 3.⁰
1506 2041 1705 2089 tempore

73 2105 406 2158 constituimus,
429 2121 518 2160 quo
538 2114 738 2162 tempore
756 2107 984 2149 communi
1003 2109 1195 2162 quadam
1214 2108 1361 2163 gratia
1379 2109 1555 2161 imbuti,
1577 2125 1705 2154 exer-

71 2190 226 2223 centes
250 2183 477 2225 naturales
500 2197 606 2225 suas
629 2183 853 2238 potentias
878 2198 956 2238 per
978 2183 1216 2236 rationem,
1249 2185 1522 2238 discursum,
1549 2187 1704 2229 consi-

69 2258 196 2309 lium,
224 2258 525 2313 prudentiam,
558 2259 729 2314 reliqua
758 2259 924 2311 omnia,
952 2274 1067 2315 quae
1098 2261 1379 2304 naturalibus
1408 2272 1513 2305 sunt
1536 2263 1700 2306 nostris
1742 2275 1746 2278 ·

71 2335 285 2388 potentiis
318 2336 513 2387 subdita,
541 2351 619 2391 per
648 2336 767 2378 illam
791 2336 983 2392 gratiam
1007 2337 1229 2392 colligunt
1252 2352 1379 2380 suam
1403 2339 1689 2383 electionem.

157 2413 284 2455 Haec
308 2427 446 2466 quum
470 2412 532 2454 ita
554 2412 659 2464 sint,
681 2413 780 2467 quis
803 2427 892 2455 non
916 2413 1065 2455 videat
1088 2413 1198 2455 nihil
1222 2428 1321 2457 esse
1342 2416 1571 2458 derelictis
1590 2417 1701 2459 tole-

67 2488 196 2538 tanis,
222 2503 356 2543 quam
390 2496 542 2531 nostra
575 2489 807 2541 exercitia,
844 2504 978 2544 quam
1011 2492 1091 2532 has
1125 2490 1243 2545 ipsas
1277 2491 1520 2534 electiones
1551 2493 1698 2548 magis

68 2565 367 2607 contrarium?
390 2567 446 2607 Et
476 2573 625 2609 tamen
656 2580 794 2620 quum
826 2568 939 2609 haec
970 2566 1015 2607 in
1046 2567 1146 2609 luce
1176 2575 1413 2609 versentur
1437 2568 1697 2621 meridiana,

67 2650 154 2683 tam
179 2642 439 2695 frequenter
463 2642 534 2683 hic
554 2650 706 2684 noster
729 2656 888 2684 censor
906 2642 1115 2698 impingit
1133 2642 1177 2685 in
1196 2644 1411 2686 obscuras
1429 2659 1534 2687 suas
1552 2646 1697 2701 suspi—

63 2716 234 2760 ciones.
266 2718 272 2774 Ι
301 2718 490 2762 Desinet
507 2733 638 2773 spero
657 2719 837 2762 tandem
856 2719 1111 2773 aliquando,
1134 2719 1208 2760 vbi
1228 2720 1340 2762 haec
1360 2720 1695 2765 animaduerte-

64 2792 133 2845 rit;
160 2809 307 2848 neque
329 2795 537 2849 equidem
561 2794 695 2836 mi'ror
719 2794 755 2837 si
779 2795 845 2836 vir
868 2796 1013 2838 bonae
1036 2794 1214 2846 mentis,
1236 2797 1382 2839 bonae
1404 2787 1536 2839 etiam
1563 2799 1694 2842 theo—

61 2868 236 2924 logiae‚·
251 2885 366 2924 quae
389 2870 533 2913 obiter
555 2870 682 2926 legit,
710 2870 855 2913 obiter
878 2880 1112 2926 oppugnet
1136 2885 1213 2926 per
1236 2872 1399 2923 zelum,
1434 2873 1564 2916 cuius
1592 2874 1696 2929 qui—

65 2945 166 2988 dem
189 2946 377 3001 gloriam
401 2948 577 2990 auferre
603 2946 786 2989 forsitan
810 2946 974 3002 poterit
998 2947 1107 2988 nihil
1131 2947 1252 2990 aliud
1276 2947 1308 2990 b.

132 3048 148 3065 a
198 3037 420 3074 Obscurum
440 3041 548 3077 verb.
610 3042 673 3067 —b
699 3040 777 3077 Sic.
