2028 3426
585 247 819 285 Onam-misus
845 256 1284 294 OBSERVATloNES—7o
1630 258 1699 295 725

116 349 284 393 omnia:
311 349 568 405 praeterita,
594 349 864 404 praesentia,
889 357 934 392 et
957 350 1124 402 futura3
1146 350 1192 392 in
1209 350 1387 406 proprio
1404 350 1539 394 etiarn
1557 366 1742 407 genere,

116 425 165 468 in
194 427 329 469 rebus
366 425 499 481 ipsis,
532 441 611 482 per
639 425 816 468 diuinas
853 425 1042 481 species;
1078 427 1259 482 plenam
1297 426 1466 482 gratia,
1507 427 1741 483 sapientia,

118 502 330 554 veritate,
376 502 587 545 omnibus
629 502 782 554 donis,
827 502 961 545 simul
1010 502 1259 565 discentem
1303 517 1381 558 per
1424 504 1743 559 experientiam

119 594 285 631 rerum,
312 593 428 634 quae
450 579 535 635 ipsi
556 586 818 635 praesentes
849 580 1166 621 occurrebant.
1198 580 1302 622 Non
1330 580 1449 622 enim
1479 589 1527 621 vt
1564 580 1637 622 alii
1674 581 1742 623 in-

117 656 264 698 fantes
287 656 475 699 internis
496 660 586 702 440
608 655 821 711 potentiis
838 671 929 699 non
946 657 1173 707 Vtebatur,
1194 657 1274 699 sed
1295 664 1558 712 provectum
1576 665 1594 682 ²¹
1611 657 1740 700 intel-

117 732 301 788 ligimus
324 733 369 775 in
392 747 446 775 eo
469 747 599 775 vsum
622 732 824 786 rationis,
844 740 894 774 vt
911 732 955 774 in
973 739 1117 784 vtero,
1140 732 1185 774 in
1202 732 1453 788 praesepio,
1474 733 1518 774 in
1537 733 1739 785 infantia,

117 811 316 865 perfecte
339 809 612 866 intelligeret
640 817 686 853 et
713 810 850 853 vellet
878 809 1179 861 continenter,
1206 816 1251 853 et
1272 810 1464 853 salutem
1488 810 1740 852 mortalium

114 885 162 928 in
184 887 322 930 corde
344 900 428 929 suo
455 893 732 942 operaretur;
764 886 880 928 adde
909 887 1030 941 quod
1057 900 1113 928 ex
1140 886 1308 942 frigore
1331 892 1439 928 tunc
1467 892 1513 929 et
1539 886 1636 928 aliis
1672 886 1742 928 in-

114 962 360 1005 commodis
384 963 580 1016 dolebat;
611 963 793 1006 dolebat
820 962 927 1006 item
957 963 1078 1017 quod
1115 962 1161 1004 in
1198 963 1417 1005 mundum
1457 969 1522 1004 tot
1553 962 1742 1005 miseriis

110 1038 466 1095 circumseptum
488 1039 710 1091 introiret,
736 1038 999 1095 praesertim
1022 1038 1448 1095 ignominiosissime
1475 1038 1757 1081 moritur-us(

113 1115 442 1159 Considerabat
464 1131 599 1171 quarn
621 1116 667 1158 hi
689 1117 866 1160 labore's
887 1124 1039 1159 essent
1061 1115 1189 1171 parui
1212 1117 1387 1158 fructus
1409 1116 1528 1171 apud
1556 1116 1737 1167 multos,

113 1191 349 1235 maximam
375 1192 629 1235 mortalium
655 1199 846 1248 partem,
874 1192 1031 1243 futuri,
1056 1199 1102 1234 et
1129 1206 1250 1234 mors
1278 1192 1389 1247 ipsa.
1423 1191 1544 1234 Hinc
1573 1192 1740 1247 poteris

111 1275 157 1311 te
179 1268 265 1311 illis
289 1269 453 1311 Christi
479 1269 858 1313 illustrationibus
880 1268 1068 1312 summis
1091 1268 1385 1325 coniungere,
1412 1268 1487 1311 illa
1515 1268 1738 1312 suauitate

113 1358 192 1387 cor
215 1352 343 1387 tuum
367 1346 625 1390 imbuere...

200 1427 289 1468 443
321 1424 395 1465 Ad
417 1423 788 1478 compositionem
811 1423 913 1474 loci,
940 1436 1055 1478 quae
1077 1422 1121 1464 in
1151 1421 1377 1466 exercitiis
1402 1422 1606 1472 traditur,
1633 1422 1737 1464 addi

108 1498 278 1541 Vtiliter
300 1506 449 1555 potest
471 1500 686 1555 temporis
707 1499 964 1555 descriptio,
992 1506 1087 1541 tum
1110 1513 1264 1541 earum
1288 1513 1452 1550 rerum,
1474 1513 1589 1553 quae
1607 1514 1734 1555 prae-

105 1575 293 1627 cedunt,
314 1576 613 1631 praestrictio,
640 1583 684 1620 et
708 1575 987 1618 continuatio
1009 1576 1229 1630 quaedam
1252 1574 1466 1617 historiae
1490 1576 1545 1617 ad
1568 1576 1733 1631 depen-

104 1651 314 1695 dentia...

196 1735 284 1775 446
318 1729 590 1785 Simplicitas
628 1736 673 1773 et
710 1730 930 1772 modestia
972 1728 1274 1771 meditationis
1315 1742 1525 1783 magnam
1566 1729 1734 1771 habent
1764 1752 1768 1755 ·

104 1804 289 1861 spiritus
312 1806 566 1850 Vtilitatem.
588 1808 716 1850 Haec
735 1814 830 1849 tum
848 1806 945 1849 aliis
963 1807 1098 1848 rebus
1114 1812 1382 1861 prestamus,
1405 1812 1499 1846 turn
1522 1795 1734 1849 historiae

107 1882 302 1938 simplici
326 1891 370 1927 et
394 1890 567 1927 attenta
590 1883 967 1934 consideratione,
993 1883 1128 1926 rebus
1156 1881 1265 1937 ipsis
1288 1889 1332 1924 et
1362 1881 1491 1923 factis
1523 1895 1574 1924 ac
1602 1880 1734 1923 dictis

102 1959 408 2012 inhaerentes3
434 1960 508 2002 illa
541 1960 820 2004 ruminantes
842 1960 915 2015 pie
941 1967 986 2003 et
1018 1959 1262 2011 humiliter;
1288 1958 1377 2001 illic
1399 1957 1482 2010 vis,
1512 1957 1601 1999 illic
1629 1958 1732 2000 abs—

107 2036 318 2079 conditus
343 2038 529 2080 nucleus
551 2037 774 2080 coelestis.

194 2113 277 2156 Vis
299 2113 605 2157 meditationis
626 2113 673 2155 in
702 2115 837 2156 rebus
866 2120 909 2156 et
939 2112 1130 2155 historia
1162 2110 1447 2167 euangelica.
1478 2111 1593 2154 Nam
1623 2109 1727 2165 Xpi.

104 2190 199 2233 vita
219 2197 288 2233 est
312 2204 450 2233 causa
468 2190 736 2246 exemplaris
758 2190 904 2232 omnis
926 2189 1107 2231 virtutis
1131 2195 1266 2243 atque
1289 2187 1594 2243 perfectionis:
1616 2186 1727 2241 agit,

106 2274 274 2318 mouet,
301 2266 445 2318 iuuat,
471 2266 726 2322 coniungit,
751 2266 907 2310 incitat
924 2272 1121 2309 mentem
1144 2265 1189 2306 in
1212 2267 1413 2308 Deum...

193 2347 279 2389 452
313 2343 601 2387 Confidentia
639 2350 763 2386 vtere
792 2343 838 2384 in
876 2342 1093 2386 oratione:
1136 2340 1346 2391 Domine,
1388 2353 1479 2381 non
1517 2340 1727 2381 auderem

101 2433 192 2474 ego
215 2420 272 2461 ad
296 2427 338 2462 te
362 2420 594 2471 accedere,
620 2418 731 2461 nihil
750 2434 779 2478 a
802 2426 847 2463 te
868 2426 1036 2474 petere3
1064 2419 1143 2460 sed
1168 2426 1216 2460 tu
1250 2416 1401 2458 dixisti
1430 2423 1475 2457 vt
1500 2416 1726 2464 accedam,

104 2503 152 2536 vt
174 2504 338 2551 petam3
365 2510 469 2538 cum
492 2497 601 2552 Jesu
624 2497 807 2546 accedo,
833 2502 878 2538 et
901 2502 1004 2550 peto
1032 2509 1090 2537 ne
1119 2493 1332 2549 respicias
1360 2507 1505 2534 meam
1533 2491 1727 2546 indigni-

104 2578 262 2625 tatem,
295 2573 375 2616 sed
404 2572 575 2615 Christi
614 2572 883 2628 dignitatern
916 2579 961 2614 et
990 2578 1112 2614 tuam
1142 2568 1514 2619 misericordiam,
1547 2567 1623 2622 qui
1659 2566 1728 2608 di-

101 2655 274 2703 gnatus
295 2663 344 2691 es
366 2664 492 2704 spem
515 2649 625 2691 mihi
648 2650 766 2690 hanc
789 2655 833 2690 et
856 2647 1066 2690 omnibus
1090 2648 1294 2689 facere...

193 2730 279 2771 498
311 2725 443 2768 Ratio
478 2725 635 2768 orandi
669 2727 720 2768 P.
758 2723 920 2780 Ignatii
948 2723 1245 2766 desideranda
1274 2728 1319 2764 et
1351 2735 1376 2762 a
1406 2721 1504 2762 Deo
1535 2719 1727 2774 petenda

101 2799 288 2844 vnice...

189 2881 258 2923 519
292 2879 365 2920 Ad
388 2879 601 2934 angelum
626 2878 859 2921 custodem
884 2884 951 2921 est
974 2874 1155 2920 deuotio
1184 2880 1229 2916 et
1259 2869 1533 2914 familiaritas
1566 2884 1725 2925 procu-

169 3053 187 3069 a
232 3045 468 3089 prae-vetum
488 3054 545 3077 ms
555 3070 562 3077 .
