2028 3426
27 265 39 285 ³
372 264 644 298 MONUMENTA
671 270 924 298 PRoviNmAE
950 262 1289 306 FLANDRIAE-57
1385 296 1392 303 .
1552 260 1620 305 347

25 350 356 414 'scommentarii
378 377 640 406 communes
663 362 706 404 in
731 349 1056 418 philosophiam
1088 368 1133 405 et
1170 361 1463 404 humaniores
1495 361 1663 413 literas,

26 448 89 485 vet
113 454 378 482 communes
407 440 614 481 doctores
638 439 838 495 theologi
866 438 1122 481 scholastici
1144 446 1176 490 ³,
1203 439 1282 481 sed
1305 437 1439 481 etiam
1469 438 1666 493 glossam

44 515 315 560 ordinariam
341 523 576 571 reponant,
601 517 659 558 D.
686 515 977 571 Gregorium,
999 516 1058 560 D.
1079 505 1360 559 Bernardum
1379 521 1424 556 et
1446 514 1483 556 si
1502 514 1577 568 qui
1596 514 1668 555 alii

44 593 334 644 videbuntur,
369 607 460 635 non
498 593 610 634 adeo
649 592 902 646 multi,>qui
940 592 1052 634 nihil
1089 592 1286 635 habeant
1318 591 1565 634 admixtum
1598 591 1666 633 vel

45 669 234 721 Erasmi,
268 670 341 711 uel
369 668 566 724 suspecti
595 668 781 721 autoris3
821 669 881 710 ita
921 668 1208 724 paucioribus
1244 667 1328 710 erit
1365 666 1668 710 necessarium

15 736 198 802 'patere
231 745 444 789 maiorem
482 745 818 788 bibliothecam.
854 746 901 787 ld
933 745 1016 788 erit
1055 744 1271 786 iudicium
1306 743 1452 786 Patris
1484 743 1668 799 provin-

46 822 180 865 tialis.

130 899 178 943 Si
201 914 313 955 quas
336 900 520 954 regulas
542 899 756 951 habeant,
782 913 1008 953 quasknon
1035 897 1242 941 refecerit
1266 899 1402 939 Pater
1425 895 1666 952 generalis,

45 976 131 1019 illis
154 990 243 1018 non
267 983 466 1026 vtentur,
493 977 572 1018 sed
596 975 740 1017 nouis.

132 1052 313 1107 Quibus
336 1051 476 1107 possit
499 1051 686 1093 concedi
709 1052 901 1093 facultas
929 1050 1110 1106 legendi
1139 1051 1277 1093 libros
1305 1049 1573 1101 haereticos,
1600 1049 1668 1091 iu-

19 1114 215 1171 ‘dicabit
238 1135 282 1171 et
306 1128 441 1171 faciet
471 1130 606 1171 Pater
645 1127 926 1183 prouintialis
954 1143 1009 1170 ex
1037 1128 1251 1170 facultate
1289 1141 1423 1182 quam
1452 1127 1605 1178 habet,
1631 1126 1667 1168 si

43 1220 178 1261 quam
208 1206 362 1247 habet.

92 1272 100 1286 ⁹
134 1283 196 1325 Vt
219 1289 288 1326 est
310 1281 550 1325 Societatis
580 1282 881 1334 consuetudo,
909 1296 934 1323 a
962 1281 1150 1337 prandio
1173 1288 1218 1323 et
1248 1296 1272 1323 a
1300 1295 1440 1323 coena
1472 1280 1669 1321 habeant

46 1358 369 1403 recreationem
387 1373 544 1400 omnes
568 1360 725 1400 Patres
747 1365 792 1400 et
815 1359 974 1400 fratres
997 1358 1153 1401 eodem
1177 1358 1292 1399 loco.

23 1491 26 1494 Α
130 1436 234 1478 Non
256 1434 434 1477 videtur
455 1436 713 1487 honestum,
734 1441 782 1476 vt
800 1435 963 1476 habeat
982 1433 1224 1489 collegium
1242 1432 1467 1488 virginem
1486 1431 1668 1487 emptri-

47 1525 160 1554 cem:
188 1526 337 1554 meum
360 1511 499 1567 igitur
521 1517 588 1554 est
613 1510 845 1562 iudicium,
872 1518 922 1552 ut
939 1524 1038 1553 eam
1062 1517 1255 1554 mutent.
1289 1509 1426 1564 Quod
1449 1508 1486 1551 si
1514 1507 1669 1550 videa-

44 1595 117 1630 t'ur
139 1595 379 1644 propterea
400 1588 580 1644 grauari
605 1587 864 1643 collegium,
887 1588 1008 1642 quod
1031 1601 1083 1629 ea
1112 1587 1169 1629 sit
1198 1586 1335 1639 Vtilis,
1361 1594 1469 1638 ete„
1502 1599 1669 1627 consu-

10 1712 16 1716 „
43 1665 138 1707 lant
164 1667 344 1707 Patrem
373 1665 649 1720 generalem,
675 1671 721 1706 et
749 1671 905 1719 petant
934 1665 990 1706 ab
1013 1678 1084 1715 eo,
1110 1671 1160 1705 vt
1183 1663 1316 1707 liceat
1348 1677 1446 1705 eam
1481 1662 1664 1704 habere.

133 1741 305 1785 Poterit
327 1741 483 1797 reponi
506 1742 579 1783 die
597 1741 717 1796 jouis
740 1741 897 1783 sa'ncto
920 1741 964 1782 in
988 1741 1168 1792 sacello,
1195 1739 1575 1795 quemadmodum
1593 1752 1670 1780 so-

43 1818 104 1862 let
127 1818 223 1860 fieri
246 1818 293 1860 in
315 1817 534 1869 ecclesiis,
555 1825 599 1861 et
619 1818 786 1860 factum
806 1826 874 1861 est
892 1817 1142 1870 Colloniae,
1163 1816 1498 1859 sanctissimum
1518 1829 1670 1858 sacra—

41 1901 259 1947 mentum;
287 1902 332 1938 et
353 1895 409 1937 ab
442 1897 570 1947 hora,
602 1909 691 1950 qua
729 1894 978 1950 repositum
1016 1894 1116 1946 erit,
1150 1902 1294 1949 vsque
1326 1893 1372 1934 in
1400 1899 1666 1947 sequentem

40 1971 157 2013 diem
180 1978 224 2015 et
245 1973 420 2024 horam,
447 1985 536 2026 qua
559 1970 664 2013 ferri
687 1971 804 2013 solet
826 1971 880 2013 ad
905 1970 1168 2021 sacrarium,
1194 1968 1287 2011 bini
1306 1983 1361 2011 ex
1386 1969 1599 2011 Patribus
1624 1976 1670 2010 et

41 2047 255 2090 fratribus
276 2047 470 2103 singulis
508 2047 631 2089 horis
660 2046 834 2089 diurnis
872 2054 917 2090 et
956 2045 1189 2088 nocturnis
1212 2045 1438 2088 submissa
1467 2059 1579 2088 voce
1602 2044 1671 2086 di-

40 2131 142 2166 cent
165 2123 427 2179 psalterium
450 2123 752 2175 continenter,
779 2131 839 2175 et,
860 2124 1069 2166 absoluta
1091 2124 1220 2174 hora,
1247 2138 1302 2166 ex
1320 2121 1513 2177 singulis
1536 2121 1670 2163 bina-

41 2199 132 2252 riis,
165 2215 283 2242 vnus
311 2200 516 2243 recitabit
545 2200 665 2242 illam
695 2200 959 2244 orationem:
996 2199 1214 2254 «Respice
1252 2213 1545 2253 quaesumus,
1572 2200 1670 2240 Do-

40 2275 183 2320 mine»
209 2284 297 2319 etc.
326 2278 473 2320 Pedes
497 2284 645 2319 tamen
669 2291 760 2319 non
781 2277 994 2321 lauentur
1016 2276 1273 2328 duodecim,
1304 2283 1412 2328 etc.,
1446 2275 1551 2330 quia
1575 2289 1665 2317 non

5 2397 7 2399 ,
40 2359 109 2395 est
130 2354 250 2409 apud
273 2368 356 2396 nos
379 2353 531 2396 moris.

129 2431 250 2472 Ante
271 2429 472 2473 vltimam
496 2431 656 2473 horam
680 2428 1094 2482 antemeridianam,
1115 2444 1249 2484 quam
1269 2437 1375 2472 eant
1398 2429 1454 2471 ad
1472 2429 1666 2479 scholas,

37 2505 293 2548 examinent
315 2506 614 2550 conscientias
645 2522 750 2550 suas
782 2507 1059 2559 scholastici,
1086 2522 1191 2550 nam
1218 2515 1320 2564 post
1353 2507 1472 2548 illam
1508 2504 1668 2549 lectio-

38 2596 139 2624 nem
169 2597 258 2624 non
287 2590 494 2638 possunt,
521 2597 624 2626 cum
652 2584 802 2626 statim
835 2585 1078 2628 redeuntes
1110 2585 1306 2628 debeant
1336 2597 1520 2626 mensae
1554 2581 1667 2623 assi-

40 2658 162 2703 dere.

123 2735 173 2778 Si
193 2735 348 2779 haberi
371 2736 514 2791 possit
536 2744 662 2779 extra
685 2736 916 2780 ciuitatem
935 2737 1099 2780 domus
1117 2751 1221 2779 cum
1239 2738 1373 2778 horto
1392 2736 1461 2778 vel
1481 2747 1661 2788 campo,

15 2798 115 2852 ‘vbi
136 2818 322 2867 possent
343 2812 534 2856 recreari
557 2813 716 2866 nostri,
741 2821 786 2855 et
805 2815 972 2857 habere
996 2814 1178 2855 domum
1202 2819 1404 2868 paratam
1434 2825 1514 2866 pro
1551 2816 1668 2851 tem-

33 2900 142 2940 pore
164 2887 318 2942 pestis,
345 2902 480 2942 quarn
510 2888 734 2931 Dominus
771 2896 962 2940 auertat,
988 2891 1075 2931 hoc
1104 2887 1281 2930 curabit
1309 2884 1594 2942 prouintialis
1621 2892 1666 2927 et

107 3059 125 3076 ³
174 3048 255 3084 Sic.
281 3049 404 3085 Casus
423 3056 551 3086 autem
572 3050 803 3086 nominativi
821 3050 860 3085 in
879 3043 1143 3085 accusativum
1163 3048 1326 3083 transire
1344 3047 1503 3082 debent.
