2028 3426
1307 75 1522 114 ssos'roN
1555 78 1813 118 ooLmJGE
1847 82 2017 121 mmm

1342 152 1671 194 ,εΗΕτεΤΝΠΤ
1705 156 1849 202 imm,
1883 158 2024 196 Mass

708 255 886 296 NOTITJA
914 264 1103 291 CODlCUM
1625 268 1670 303 29

88 357 284 393 lectorum
304 355 344 391 in
365 356 495 403 primo
516 356 626 402 folio,
646 361 830 394 recenter
849 357 1022 405 adjecto,
1044 359 1202 405 positus
1218 362 1291 395 est.
1309 357 1412 395 Cum
1430 360 1609 395 maxima
1625 371 1715 406 pars

27 469 31 473 ‚
89 427 438 472 documentorum,
459 426 563 473 quae
584 428 624 463 in
645 428 723 464 hoe
744 427 888 465 codice
909 428 1120 474 habentur,
1141 415 1199 465 ad
1212 433 1397 476 tempora
1425 429 1555 466 Natali
1576 434 1714 476 poste-

88 499 191 535 riora
211 501 409 544 spectent,
430 508 560 545 pauca
580 498 710 534 solum
731 498 784 535 de
803 498 1019 546 prioribus,
1040 499 1090 535 ad
1111 500 1224 536 initia
1243 499 1459 536 Societatis
1479 501 1713 547 pertinenti-

89 568 176 613 bus,
197 568 262 604 hic
283 568 457 604 dicenda
477 573 605 606 erunt.

165 639 341 675 Primum
362 639 667 686 documentum,
688 640 840 688 duplici
861 641 969 686 folio,
990 646 1083 677 sunt
1101 641 1265 690 regulae
1292 642 1598 688 antiquissimae
1624 652 1713 677 mo—

88 709 256 755 destiae,
283 710 323 746 in
343 709 513 747 latinum
541 723 772 748 sermonem
800 724 853 748 ex
880 713 1091 760 hispanico
1117 712 1346 757 translatae,
1373 712 1424 748 de
1445 711 1595 759 quibus
1615 711 1715 748 dici—

45 793 46 796 *
87 791 176 817 mus
196 780 236 816 in
256 780 603 828 descriptionibus
625 782 829 828 codicum,
851 782 1018 820 lllz'scell.
1039 782 1167 831 regul.
1191 783 1230 820 S.
1253 782 1310 827 J„
1331 795 1370 819 n.
1397 793 1434 828 4,
1455 787 1496 818 et
1527 781 1646 818 Vatia.
1677 779 1712 826 ὁ,

87 851 127 888 ff.
149 860 211 900 23,
233 861 295 897 24.
315 851 459 888 Manus
480 854 701 901 germanici
721 853 870 890 librarii
890 854 1063 891 videtur.
1084 854 1245 891 Titulus
1261 858 1324 890 est
1337 853 1582 901 hujusmodi:
1605 852 1714 889 «Mo-

88 921 174 967 dus,
195 922 264 968 qui
285 923 487 959 tenendus
515 928 577 959 est
602 924 762 972 agendo
790 936 883 961 eum
910 925 1199 972 superioribus,
1224 925 1289 961 vel
1316 926 1438 961 etiam
1467 936 1559 961 eum
1586 924 1708 960 aliis.»

86 993 168 1030 Ine.
194 992 351 1041 «Caput
369 998 413 1030 vt
431 995 484 1031 sit
501 995 697 1032 firmum.»
722 995 818 1032 Des.
844 1012 902 1033 ‹...
924 996 1272 1043 quemadmodum
1291 996 1433 1032 vellint
1447 996 1498 1032 Β.»
1523 995 1715 1042 Sequitur

85 1065 125 1100 in
145 1064 211 1101 fol.
233 1063 289 1110 3.⁰
309 1064 416 1101 aliud
438 1066 673 1113 exemplum
693 1066 920 1115 regularum
942 1067 1182 1114 modestiae,
1209 1079 1291 1104 non
1311 1079 1384 1115 pro
1410 1067 1611 1116 religiosis
1637 1066 1711 1104 So-

85 1136 254 1181 cietatis,
280 1137 353 1172 sed
379 1149 452 1184 pro
478 1137 651 1174 alumnis
677 1139 901 1185 convietus,
928 1139 1052 1175 latino
1079 1151 1267 1176 sermone
1287 1139 1541 1184 adornatum,
1568 1139 1608 1175 in
1629 1149 1712 1185 quo

84 1211 277 1254 apparent
295 1208 428 1243 variae
449 1208 602 1245 Natalis
623 1209 943 1255 emendationes,
965 1214 1005 1245 et
1024 1210 1124 1246 haec
1145 1214 1253 1255 nota,
1273 1209 1324 1246 ab
1341 1210 1430 1257 ipso
1446 1209 1579 1245 Natali
1596 1209 1712 1245 initio

61 1284 63 1286 “
85 1277 233 1314 addita:
261 1279 322 1315 «P.
345 1278 645 1326 Theodoriei.»;
667 1292 747 1327 qua
767 1280 869 1317 forte
890 1281 1069 1317 indicare
1089 1281 1219 1318 voluit
1239 1285 1447 1318 auctorem
1475 1281 1594 1328 hujus
1619 1292 1709 1317 ver-

84 1350 210 1386 sionis
229 1349 353 1386 fuisse
380 1351 420 1388 P.
449 1350 754 1388 Theodoricum
776 1351 996 1398 Canisium,
1022 1353 1086 1389 vel
1108 1354 1229 1389 etiam
1251 1353 1301 1389 ad
1322 1352 1445 1398 illum,
1466 1356 1608 1400 utpote
1628 1351 1710 1388 eol-

84 1420 178 1469 legii
204 1420 400 1470 dilingani
426 1427 639 1468 rectorem,
667 1423 767 1460 haee
794 1422 1041 1460 documenta
1068 1425 1324 1472 pertinuisse.
1345 1424 1490 1460 Manus
1510 1423 1671 1460 diversa
1691 1434 1713 1459 a

82 1493 216 1540 priori,
237 1493 308 1529 sed
329 1495 572 1542 germanica,
587 1495 761 1540 videtur3
776 1495 886 1531 unde
903 1496 1097 1543 suspicari
1116 1496 1212 1532 licet
1231 1507 1304 1544 pro
1321 1495 1456 1542 aliquo
1473 1495 1712 1532 Germaniae

84 1563 271 1612 collegio,
297 1564 400 1601 forte
425 1576 498 1612 pro
527 1565 746 1614 dilingano,
773 1577 863 1602 esse
888 1567 960 1602 has
985 1566 1144 1615 regulas
1170 1567 1417 1614 compositas
1446 1566 1497 1603 ad
1529 1577 1711 1602 normam

84 1646 235 1681 earum,
266 1647 366 1683 quas
394 1648 469 1684 pro
499 1637 702 1674 Societate
732 1638 895 1685 scripsit
922 1637 961 1675 S.
989 1639 1181 1687 Ignatius.
1212 1637 1371 1675 Titulus
1401 1642 1474 1674 est:
1509 1637 1712 1686 «Regulae

85 1707 345 1745 modestiae.»
372 1708 454 1745 Ine.
480 1708 724 1756 «Quomodo
747 1720 790 1745 se
811 1709 989 1746 debeant
1008 1721 1148 1758 gerere
1176 1709 1407 1759 eollegiales
1434 1708 1503 1746 vbi
1521 1714 1540 1740 b
1567 1710 1607 1745 in
1635 1720 1709 1756 pu-

83 1778 233 1816 blicum
253 1778 460 1829 prodeunt
484 1781 706 1829 generatim
733 1780 928 1818 breuibus
947 1781 1083 1817 uerbis
1103 1781 1248 1830 exponi
1270 1785 1418 1829 potest,
1444 1780 1647 1825 uidelicet,
1667 1784 1713 1816 ut

84 1851 123 1887 in
144 1850 219 1887 illis
238 1850 466 1898 singularis
485 1852 686 1888 modestia
706 1857 909 1900 appareat,
934 1853 1153 1899 humilitas,
1177 1852 1371 1901 hgmestas,
1398 1865 1446 1889 ac
1470 1851 1712 1889 verecundia

85 1921 155 1971 [ut]
185 1922 446 1959 christianum
475 1935 523 1959 ac
538 1923 652 1972 pium
681 1922 790 1960 decet
808 1929 992 1972 puerum,
1021 1923 1124 1960 vnde
1149 1923 1267 1961 etiam
1293 1924 1448 1961 bonum
1474 1923 1710 1970 exemplum
1763 1934 1767 1937 ·

82 1998 200 2042 atque
213 1992 438 2043 aedificatio
454 1995 624 2031 caeteris
635 1993 893 2044 praebeatur.
910 1995 1129 2043 Speciatim
1149 2007 1248 2032 uero
1262 1995 1482 2043 loquendo,
1499 1995 1600 2031 infra
1616 1995 1712 2031 seri-

84 2069 153 2112 pta
183 2064 401 2102 obseruare
428 2065 644 2115 diligenter
678 2071 830 2104 curent.
867 2066 918 2103 1.0
949 2066 1081 2114 Caput
1108 2067 1251 2104 leuiter
1279 2068 1358 2104 hue
1388 2072 1510 2114 atque
1539 2066 1630 2103 illuc
1660 2077 1711 2102 ne

82 2140 300 2173 uertant...»
325 2136 421 2174 Des.
448 2154 505 2174 ‹<...
527 2137 753 2174 aedificatio
775 2139 815 2174 in
835 2138 970 2174 uerbis
991 2142 1032 2175 et
1051 2138 1176 2175 modo
1197 2138 1426 2186 loquendi.»
1452 2138 1653 2184 Sequitur,
1669 2138 1710 2174 in

84 2207 229 2244 eodem
249 2208 346 2245 folio
366 2220 389 2245 a
409 2213 538 2257 tergo,
557 2213 855 2257 transumptum
875 2210 1039 2259 regulae
1061 2220 1112 2256 29
1131 2210 1338 2247 summarii
1358 2211 1708 2255 constitutionum,

82 2290 154 2326 pro
175 2279 321 2316 iisdem
342 2279 513 2316 alumnis
534 2280 573 2316 in
594 2291 787 2316 sensuum
814 2285 855 2317 et
873 2280 1037 2329 linguae
1058 2281 1245 2318 custodia
1265 2280 1539 2326 instituendis,
1565 2291 1709 2316 seeun—

26 2388 34 2392 ,
83 2349 180 2387 dum
201 2351 384 2398 spiritum
405 2351 630 2388 Soeietatis.
652 2351 738 2389 Fol.
759 2363 797 2398 4,
818 2356 922 2389 sunt:
945 2352 1147 2401 «Regulae
1167 2353 1471 2401 collegialium.»
1493 2352 1544 2389 ab
1561 2352 1708 2388 eodem

23 2434 28 2439 ·
83 2420 243 2458 librario
264 2433 458 2470 germano
479 2423 665 2469 scriptae,
687 2423 755 2469 qui
775 2423 897 2460 etiam
923 2423 1089 2470 reliqua,
1120 2423 1195 2460 sub
1217 2436 1255 2461 n.
1292 2434 1306 2460 1
1339 2424 1484 2471 posita,
1514 2423 1707 2460 exaravit.

82 2492 164 2529 Ine.
190 2492 294 2540 «Qui
315 2505 484 2529 numero
506 2493 776 2542 collegialium
796 2494 1051 2540 adscribitur,
1072 2495 1112 2531 in
1130 2495 1269 2542 primis
1289 2494 1580 2531 monendus...»
1611 2493 1708 2531 Des.

81 2563 195 2600 initio
225 2564 308 2600 folii
339 2565 396 2610 5.i:
429 2581 487 2602 «...
514 2576 687 2612 quorum
717 2565 926 2614 catalogus
952 2550 1074 2602 etiam
1100 2577 1227 2613 penes
1253 2566 1489 2614 magistrum
1515 2565 1708 2602 reseruari

82 2634 239 2672 debet.»
273 2634 463 2682 Sequitur
491 2635 657 2672 ibidem:
692 2636 776 2673 «De
805 2637 949 2673 studiis
976 2636 1250 2674 domesticis.»
1283 2637 1366 2674 Ine.
1398 2636 1649 2673 ‹Sei-nabunt
1667 2637 1707 2672 in

80 2706 218 2752 primis
238 2706 500 2744 silentium...»
525 2707 621 2744 Des.
643 2708 790 2744 eodem
811 2708 907 2744 folio
927 2719 1060 2744 verso:
1086 2724 1144 2745 «...
1166 2708 1442 2744 ualetudinem
1464 2719 1579 2743 suam
1606 2717 1705 2743 eon-

81 2782 276 2814 seruent.»
301 2777 461 2815 Ibidem
482 2783 706 2825 sequuntur
723 2780 749 2816 6
766 2779 943 2828 regulae:
969 2779 1053 2815 «De
1074 2779 1276 2816 modestia
1301 2780 1340 2816 in
1368 2779 1514 2816 scholis
1542 2790 1705 2815 seruan-

149 2958 166 2975 a
214 2948 326 2983 Prius
345 2950 505 2990 vellent,
524 2949 667 2984 deinde
686 2961 704 2985 e
724 2955 914 2985 mutatum
933 2950 973 2985 in
992 2951 1021 2994 i,
1041 2957 1079 2986 et
1097 2950 1242 2996 duplex
1261 2950 1292 2985 ll
1309 2951 1488 2985 relietum
1508 2948 1597 2983 fuit.

149 3008 168 3034 b
218 3008 329 3053 Quae
356 3008 497 3043 litteris
524 3008 665 3043 italicis
692 3020 837 3044 excusa
863 3014 968 3053 sunt,
995 3009 1034 3044 in
1060 3021 1132 3047 ms.
1160 3021 1181 3044 a
1208 3008 1338 3044 Natali
1365 3009 1427 3043 vel
1455 3012 1611 3042 exarata
1641 3007 1704 3041 vel

81 3065 286 3101 emendata
304 3067 502 3112 leguntur.
