2028 3426
329 216 398 260 604
805 217 958 252 PATms
985 216 1229 253 HIERONYMI
1255 218 1407 254 NADAL

284 316 497 360 uitiorum
520 333 617 362 eam
641 318 775 363 dicet.
804 319 850 363 Si
876 325 1027 362 autem
1053 318 1126 361 hic
1155 319 1288 371 desit,
1316 327 1424 364 tunc
1453 323 1681 375 sacerdos,
1715 324 1792 380 qui
1821 325 1916 381 pri-
1971 319 1974 322 ’

282 409 405 437 mum
423 396 573 438 locum
596 397 780 439 dextrae
805 395 943 451 partis
966 395 1193 439 refectorii
1218 404 1358 451 tenet,
1385 398 1747 444 benedictionem
1771 401 1916 448 dabit.
1973 406 1981 449 ζ

372 472 463 517 634
495 474 656 523 Nemo,
683 480 859 528 praeter
887 472 1182 528 superiorem,
1209 473 1253 515 in
1288 489 1443 517 mensa
1476 475 1703 531 loquatur,
1730 477 1815 521 nisi
1841 478 1918 534 qui
1972 496 2007 525 μ

282 556 330 591 vt
353 549 567 593 lectorem
592 549 789 603 corrigat
812 549 869 593 sit
892 549 1144 602 institutus,
1170 566 1195 594 a
1219 565 1309 606 quo
1337 551 1479 595 lector
1501 561 1736 597 correctus
1753 554 1823 598 bis
1846 569 1919 598 re·

282 634 422 682 petet,
448 635 550 680 etc.;
577 628 783 683 superior
816 636 965 671 tamen
996 642 1085 670 non
1125 628 1254 671 facile
1283 639 1556 684 quemquam
1591 631 1849 686 alloquatur
1871 633 1916 676 in
1983 642 1994 662 ⁴·

282 718 455 747 mensa.

862 848 864 850 v
918 831 1046 860 ORDO
1069 831 1280 861 CULINAE

370 935 467 977 Fiat
492 936 648 977 fornax
672 949 812 990 parua
836 949 888 978 ac
911 942 1141 992 cooperta,
1163 936 1328 992 apertis
1351 937 1664 991 foraminibus,
1692 954 1807 996 quae
1835 956 1918 984 ex-

278 1013 430 1069 cipere
460 1013 599 1068 possit
634 1013 747 1056 ollas
778 1027 951 1064 omnes,
978 1027 1095 1068 quae
1124 1013 1219 1069 igni
1248 1023 1356 1057 sunt
1384 1017 1696 1070 apponendae,
1728 1019 1786 1060 ad
1814 1032 1915 1061 eam

280 1090 491 1146 speciem,
518 1104 634 1145 quae
658 1092 801 1133 Roma
825 1090 915 1146 peti
939 1104 991 1133 ac
1011 1090 1126 1133 mitti
1151 1098 1314 1147 potest,
1336 1092 1467 1136 facile
1490 1093 1733 1150 descripta3
1755 1095 1817 1138 ita
1839 1096 1917 1140 fiet

278 1174 326 1208 vt
351 1181 467 1222 quae
500 1166 544 1208 in
568 1167 653 1209 olla
687 1165 925 1222 coq’uenda
947 1175 1054 1210 sunt
1078 1182 1157 1223 pro
1180 1168 1457 1221 domesticis,
1484 1170 1646 1213 minori
1668 1171 1806 1228 longe
1828 1171 1915 1214 im—

280 1258 420 1299 pensa
444 1252 676 1299 parentur.

372 1323 556 1364 Praeter
585 1323 719 1373 hanc,
748 1323 907 1365 furnus
936 1322 1014 1365 fiat
1054 1337 1237 1378 paruus,
1264 1322 1339 1365 vbi
1368 1337 1474 1366 caro
1503 1324 1643 1367 assari
1672 1333 1837 1382 potest,
1869 1335 1915 1369 et

279 1413 335 1439 ex
359 1397 474 1449 ouis,
501 1398 654 1442 herbis
672 1406 717 1443 et
740 1413 874 1442 caseo
898 1399 1133 1442 confectae
1156 1400 1407 1455 placentae,
1438 1399 1529 1445 635
1555 1416 1670 1457 quae
1698 1403 1845 1446 solent
1868 1403 1911 1445 in

284 1474 409 1517 Italia
432 1474 594 1518 diebus
623 1475 872 1518 sabbatinis
901 1477 957 1518 ad
986 1476 1222 1532 prandium
1247 1477 1318 1520 vel
1355 1491 1558 1530 coenam,
1585 1486 1634 1521 vt
1661 1479 1807 1522 minor
1835 1482 1913 1525 fiat

277 1551 494 1607 impensa,
522 1553 685 1608 parari.

366 1631 474 1672 Post
498 1629 735 1685 prandium
759 1637 804 1673 et
827 1645 1031 1683 coenam,
1059 1638 1286 1674 transacta
1310 1632 1456 1676 media
1479 1635 1589 1676 hora
1607 1633 1767 1690 prioris
1785 1635 1912 1690 quie-

274 1705 346 1757 tis,
373 1721 490 1749 vnus
513 1707 584 1750 vel
607 1708 699 1750 duo
722 1709 793 1750 vel
817 1708 968 1764 plures
991 1709 1167 1760 fratres,
1195 1718 1327 1764 prout
1350 1724 1464 1766 opus
1482 1710 1618 1754 fuerit
1636 1718 1681 1754 et
1701 1712 1911 1767 frequen-

275 1783 336 1825 tia
355 1783 535 1839 collegii
555 1784 765 1839 patietur,
787 1785 936 1828 vestiti
954 1785 1097 1829 saccis
1114 1800 1169 1829 ex
1188 1786 1280 1829 lino
1298 1801 1449 1830 crasso
1468 1789 1524 1830 ab
1543 1789 1759 1833 anteriori
1781 1798 1911 1846 parte

274 1875 377 1902 cum
408 1860 611 1913 manicis,
637 1862 923 1906 destinentur
951 1864 1006 1906 ad
1035 1864 1247 1910 scutellas
1276 1864 1524 1920 abluendas
1553 1872 1599 1908 et
1621 1866 1789 1919 discos,
1815 1874 1906 1910 etc.

276 1943 412 1990 atque
435 1937 481 1978 hi
504 1946 735 1982 mutentur
758 1942 852 1983 suis
874 1939 1050 1984 diebus.

361 2014 816 2070 Comprehendantur
846 2024 998 2061 autem
1030 2017 1073 2060 in
1110 2017 1180 2059 his
1217 2033 1297 2074 per
1329 2018 1451 2062 vices
1483 2034 1604 2073 suas,
1639 2035 1729 2063 non
1762 2021 1907 2064 solum

277 2091 550 2141 sacerdote&
578 2094 656 2135 sed
680 2108 836 2137 omnes
860 2094 994 2138 etiam
1020 2095 1292 2151 superiores,
1319 2110 1467 2152 neque
1490 2097 1606 2140 vllus
1623 2099 1906 2151 excludatur,

276 2166 359 2208 nisi
383 2167 455 2209 cui
479 2168 676 2212 notabile
694 2170 908 2213 damnum
933 2172 1091 2215 afferet
1113 2171 1223 2214 illud
1247 2172 1529 2227 exercitium,
1551 2189 1607 2217 ex
1631 2174 1908 2231 praescripto

274 2243 452 2297 medici3
479 2247 564 2287 hoc
588 2260 694 2288 vero
718 2247 883 2290 facient
907 2248 1091 2291 dimidia
1114 2250 1238 2292 hora.
1265 2250 1380 2292 Nam
1411 2249 1597 2293 nimium
1622 2251 1805 2307 grauari
1837 2251 1904 2293 vi-

274 2320 437 2363 dentur
460 2322 636 2374 fratres,
662 2322 698 2364 si
724 2331 861 2366 totam
886 2326 1042 2367 horam
1067 2325 1231 2380 quietis
1254 2327 1363 2368 dent
1385 2325 1447 2368 illi
1471 2327 1800 2380 exercitationi,
1821 2329 1905 2371 etsi

272 2396 513 2440 confestim
539 2412 562 2439 a
587 2399 773 2453 prandio
797 2401 867 2442 vel
891 2415 1047 2444 coena.

270 2520 350 2560 636
882 2533 941 2561 ne
978 2533 1279 2563 Rssrecrofflo

361 2629 409 2670 In
434 2635 628 2683 quatuor
650 2629 899 2685 parietibus
928 2631 1153 2674 refectorii
1182 2642 1410 2688 ponantur
1438 2635 1632 2690 optimae
1661 2634 1902 2692 imagines,

273 2705 387 2746 inter
411 2719 523 2759 quas
553 2720 640 2748 non
661 2706 792 2764 'desit
823 2721 966 2751 coena
1000 2708 1200 2761 Domini,
1237 2717 1281 2752 et
1315 2711 1428 2753 haec
1462 2711 1642 2766 quidem
1678 2711 1723 2754 in
1755 2712 1902 2768 capite

270 2782 385 2822 soh-t
409 2782 547 2837 affigi.

358 2860 554 2912 Quando
576 2860 626 2901 fit
649 2860 808 2903 concio
832 2860 877 2902 in
900 2863 1165 2915 coenaculo,
1186 2863 1243 2905 sit
1261 2878 1441 2919 semper
1458 2865 1618 2920 aliquis
1638 2867 1897 2922 theologus,

270 2935 441 2988 pollens
472 2936 654 2988 iudicio,
685 2936 759 2993 qui
794 2939 1007 2982 obseruet
1039 2939 1378 2992 concionantes,
1411 2956 1519 2983 num
1549 2942 1717 2998 aliquid
1747 2943 1900 2986 dicant

268 3012 616 3064 reprehensione
639 3014 847 3069 dignum,
874 3017 994 3069 quod
1019 3017 1072 3058 ad
1103 3017 1352 3060 (hictrinam
1379 3018 1616 3073 pertineat3
1648 3034 1739 3062 non
1763 3021 1899 3062 debet
