2028 3426
424 285 697 321 MONUMENTA
723 293 977 322 PRovacmE
1002 286 1310 330 RHENANAE—5
1315 293 1336 330 5
1576 286 1645 332 337

30 434 39 437 π
63 371 377 438 confessarios,
404 393 453 428 ut
475 385 617 429 nostri
641 387 833 429 orationi
856 394 900 431 et
922 387 1152 430 deuotioni
1188 387 1453 430 incumbant
1486 403 1540 431 eo
1575 396 1689 433 teme

24 474 29 475 ⁷
65 477 187 519 pore,
208 464 330 517 quod
351 462 436 505 illis
459 463 515 505 ad
537 465 648 505 haec
671 463 884 506 exercitia
905 463 1152 519 spiritualia
1174 464 1480 519 prescribitur;
1506 480 1564 509 ne
1592 467 1686 518 fiat,

16 539 17 542 ’
65 545 116 582 ut
142 554 221 594 per
243 539 563 595 occupationes
585 539 836 582 studiorum
860 541 970 582 fiant
993 541 1037 583 in
1069 541 1204 584 rebus
1235 540 1544 596 spiritualibus
1574 543 1689 598 tepi-

31 674 34 676 .
65 615 228 660 diores.
257 615 359 660 Sint
390 630 495 658 vero
518 631 667 659 rerum
690 617 987 672 spiritualium
1011 617 1198 673 prefecti
1219 617 1483 673 peculiares;
1509 620 1689 662 confes—

24 727 27 730 <
66 692 170 735 sarii
191 707 316 744 vero,
343 707 498 736 eorum
522 707 635 747 quos
657 693 863 746 audiunt3
889 701 1036 738 rector
1057 708 1180 746 vero,
1206 694 1425 739 omnium.
1646 686 1648 688 ’

26 754 27 757 ¹
154 770 296 813 Curet
318 777 482 823 rector,
507 776 554 812 ut
575 765 633 812 sit
656 777 881 822 accurata,
907 772 1056 826 quoad
1079 771 1176 815 eius
1197 771 1294 814 fieri
1315 778 1480 828 potest,
1506 773 1690 828 regula-

12 902 14 904 ·
67 860 166 889 rum
189 846 463 890 obseruatio.

154 924 302 966 Debet
324 923 481 967 haberi
504 923 635 975 ratio,
662 939 720 967 ne
741 925 1032 979 professores,
1060 925 1135 980 qui
1153 940 1340 981 grauem
1360 932 1404 969 et
1423 926 1686 969 continuam

67 1001 236 1044 habent
260 999 602 1055 occupationem
627 1008 644 1025 ³
666 1000 712 1042 in
735 1001 916 1053 scholis,
943 1001 989 1044 in
1011 1001 1271 1046 domesticis
1298 1002 1524 1047 exercitiis
1552 1018 1691 1046 occu-

24 1092 25 1099 *
67 1083 247 1133 pentur‚
274 1076 358 1119 nisi
381 1076 418 1119 si
441 1091 557 1131 quae
580 1078 637 1119 ad
665 1078 944 1133 corporalem
973 1078 1340 1123 exercitationem
1367 1080 1438 1123 vel
1474 1079 1690 1124 leuiorem

69 1153 412 1209 occupationem
434 1153 717 1209 excipientur
739 1153 772 1207 ¹³3
799 1169 891 1196 non
913 1154 1092 1197 videtur
1117 1155 1235 1199 enim
1261 1157 1517 1198 consultum
1547 1164 1597 1199 ut
1626 1157 1688 1199 le-

26 1242 27 1245 ’
69 1236 179 1286 gant
201 1230 258 1272 ad
280 1245 482 1273 mensam
506 1231 576 1273 vel
598 1230 752 1273 lauent
775 1232 1002 1284 scutellas,
1028 1231 1113 1274 nisi
1130 1231 1290 1276 diebus
1308 1233 1543 1275 dominicis
1561 1241 1606 1276 et
1624 1235 1690 1276 fe-

69 1306 165 1358 stis,
191 1307 355 1361 quibus
373 1308 486 1349 haec
508 1314 723 1363 poterunt
745 1315 960 1363 prestare:
992 1308 1124 1351 simul
1154 1309 1268 1352 ratio
1307 1309 1510 1352 sanitatis
1534 1325 1690 1353 eorum

69 1390 137 1426 est
161 1384 384 1427 habenda.

158 1461 382 1516 Tempore
404 1460 694 1503 recreationis
720 1461 879 1504 fratres
901 1476 958 1504 ne
980 1461 1070 1504 sint
1093 1462 1137 1504 in
1161 1463 1395 1518 colloquiis
1418 1463 1688 1519 singulares,

70 1551 218 1592 neque
240 1537 284 1580 in
302 1537 437 1580 variis
460 1537 569 1580 locis
592 1537 936 1590 distribuentur,
958 1539 1037 1582 sed
1066 1539 1155 1582 sint
1183 1554 1340 1583 omnes
1376 1540 1423 1582 in
1452 1556 1540 1583 vno
1570 1542 1687 1594 loco,

71 1613 231 1656 nouitii
252 1613 359 1656 item
381 1613 424 1655 in
449 1614 551 1667 alio;
587 1621 633 1656 et
654 1614 710 1656 de
732 1613 786 1656 iis
820 1615 954 1657 rebus
985 1622 1123 1671 agant
1160 1630 1332 1668 omnes,
1358 1631 1470 1671 quas
1499 1631 1691 1673 accepe-

71 1697 176 1733 runt
199 1689 245 1732 in
268 1691 463 1745 quodam
486 1690 654 1746 scripto
676 1706 777 1735 meo
807 1693 833 1733 ¹.

159 1767 415 1822 Singularis
447 1768 668 1810 habeatur
701 1767 813 1810 ratio
842 1768 1114 1811 valetudinis
1143 1769 1364 1822 omnium,
1396 1785 1551 1813 eorum
1590 1786 1693 1827 pre-

71 1843 242 1896 sertim,
264 1844 341 1899 qui
359 1852 547 1899 presunt
568 1845 714 1896 aulae,
740 1852 785 1887 et
802 1860 958 1888 eorum
977 1845 1070 1900 qui,
1091 1853 1159 1888 sat
1177 1854 1282 1905 sunt
1299 1848 1631 1891 valetudinarii.

160 1920 262 1964 Sint
285 1935 392 1964 vero
425 1921 741 1964 obseruatores
768 1923 928 1964 harum
960 1923 1248 1975 concionum,
1282 1930 1376 1966 tum
1406 1939 1572 1976 rerum,
1600 1933 1695 1967 tum

73 1995 208 2041 etiam
226 1997 434 2049 actionis,
463 2010 510 2040 ut
532 1998 665 2041 detur
687 2013 776 2041 vna
803 2000 930 2053 hora,
956 2007 1001 2042 et
1029 2015 1081 2043 ea
1118 2000 1320 2055 proxima
1349 2001 1574 2055 concioni,
1607 2017 1695 2056 qua

17 2060 24 2066 ⁵
72 2073 219 2129 parari
242 2074 384 2129 possit
403 2074 582 2120 concio.

162 2150 254 2205 Qui
277 2165 332 2193 ex
356 2150 522 2194 nostris
552 2151 795 2194 mittuntur
823 2153 992 2207 aliquo,
1017 2153 1054 2196 si
1077 2155 1133 2195 ad
1156 2154 1532 2207 concionandum,
1556 2155 1697 2198 utitur

16 2263 17 2266 ,
73 2225 231 2270 iisdem
263 2228 482 2280 vestibus,
514 2229 680 2283 quibus
715 2230 835 2272 domi
869 2230 1032 2273 utitur:
1064 2230 1101 2273 si
1129 2230 1303 2286 pedites
1335 2232 1693 2287 proficiscantur,

75 2303 240 2359 poterit
263 2304 350 2347 illis
374 2304 560 2347 concedi
583 2306 766 2348 breuior
791 2306 998 2350 tunica...

164 2380 367 2437 Singulis
391 2381 551 2424 diebus
574 2383 751 2426 veneris
773 2384 937 2426 habeat
959 2392 1106 2439 rector
1126 2385 1198 2427 vel
1220 2384 1381 2440 aliquis
1400 2385 1526 2437 alius,
1547 2386 1624 2441 qui
1641 2387 1696 2429 ad

76 2456 120 2499 id
144 2458 404 2501 facultatem
438 2460 620 2512 habeat,
645 2460 1003 2505 exhortationem
1026 2462 1082 2504 ad
1113 2469 1305 2513 nostros,
1327 2477 1415 2517 qua
1438 2477 1515 2506 eos
1543 2465 1696 2505 horte—

77 2539 149 2576 tur
179 2535 235 2576 ad
271 2535 636 2579 obseruationem
676 2538 936 2592 regularum
968 2544 1014 2580 et
1051 2538 1190 2581 totius
1226 2538 1436 2581 instituti.
1477 2542 1696 2582 Poterunt

75 2624 184 2653 vero
207 2610 412 2655 similiter
436 2613 583 2656 tacere
607 2620 742 2668 atque
764 2628 852 2670 ego
883 2614 928 2656 in
961 2614 1073 2657 meis
1101 2615 1507 2658 exhortationibus.
1536 2616 1697 2657 Breui-

78 2692 158 2738 ter,
184 2688 241 2730 de
262 2687 332 2729 his
356 2688 566 2731 omnibus
589 2703 740 2745 agere,
767 2704 883 2744 quae
907 2691 1182 2735 videbuntur
1200 2692 1256 2733 ad
1285 2691 1540 2734 institutum
1566 2706 1696 2747 posse

77 2769 282 2806 nostrum
306 2764 533 2808 adhortari
556 2771 692 2820 atque
721 2765 1012 2810 inflammare.

145 2909 163 2926 a
211 2900 281 2935 Ms.
303 2901 597 2946 occupationem
612 2901 753 2936 habent
771 2904 1081 2948 occupationem.
1133 2905 1199 2931 -b
1227 2904 1298 2939 Ms.
1315 2904 1547 2938 excitentur.

151 3023 158 3044 ¹
208 3023 307 3059 Vide
321 3024 434 3070 infra,
450 3025 550 3060 inter
565 3026 713 3061 Natalis
729 3026 1019 3073 instructiones,
1036 3039 1121 3073 pag.
1143 3036 1207 3061 211
1229 3039 1316 3072 ms.,
1338 3028 1556 3073 catalogum
1571 3040 1698 3063 rerum

79 3082 128 3117 ab
146 3081 281 3117 eodem
296 3095 363 3129 pro
381 3083 678 3119 conversatione
697 3085 1036 3131 praescriptarum.

254 3146 365 3175 Emsr.
387 3147 421 3175 P.
444 3148 576 3181 NADAL,
598 3156 673 3177 τοΜ.
693 3148 755 3177 IV.
1487 3151 1522 3178 23
