2028 3426
681 205 1109 241 INSTRUCTonES—61
1589 210 1652 254 561

27 307 31 311 ’
85 306 155 349 ius
177 306 338 362 gratia,
364 307 443 349 sed
466 306 640 348 tanturn
669 306 949 349 necessitatis
981 321 1107 362 erg03
1143 317 1187 349 et
1219 308 1320 350 ideo
1352 318 1583 364 separetur
1615 327 1702 355 vna

84 397 241 427 mensa
270 383 314 425 in
343 383 613 435 coenaculo,
639 382 683 424 in
713 397 801 438 qua
828 390 1002 425 tantum
1033 384 1417 436 conualescentes,
1443 386 1630 439 debiles,
1656 398 1701 432 et

84 459 129 510 ii,
162 459 238 514 qui
262 466 444 515 propter
472 459 788 501 necessitatem
814 460 870 502 ab
903 459 1054 514 aliquo
1087 460 1188 502 cibo
1210 461 1432 505 ordinarie
1456 464 1699 516 abstinent,

83 536 285 587 sedeant,
310 542 356 578 et
377 535 536 590 aliquis
558 535 644 577 illis
666 520 903 588 ministret,
929 537 985 578 ad
1006 538 1092 578 hoc
1114 537 1331 580 delectus.

170 612 463 664 Aduertetur,
491 619 538 654 vt
560 612 701 654 nostri
724 626 860 655 onere
883 612 1020 655 nimio
1042 614 1114 656 vel
1136 614 1303 665 labore,
1326 622 1370 658 et
1387 615 1456 657 his
1474 616 1699 668 omnibus,

83 704 199 744 quae
221 688 525 731 valetudinem
549 688 752 732 minuere
772 695 978 744 possunt,
1005 690 1229 743 leuentur,
1255 694 1338 735 523
1361 698 1408 733 vt
1436 706 1590 735 eorum
1620 708 1699 735 va—

82 767 237 809 letudo
260 772 573 808 conseruetur.

172 842 363 886 Bellaria
392 843 463 886 vel
491 842 670 885 delicati
699 850 744 886 et
772 842 937 885 curiosi
965 842 1069 895 cibi,
1104 843 1179 897 qui
1208 844 1357 886 offerri
1386 845 1515 887 nobis
1538 847 1700 898 solent,

82 919 167 962 nisi
191 934 237 962 re
259 919 356 974 ipsa
378 918 619 963 necessarii
642 919 809 962 fuerint
831 926 1014 974 propter
1037 919 1237 962 infirmos
1260 927 1304 964 et
1332 922 1700 974 valetudinarios,

82 1010 139 1038 ne
160 1003 469 1051 acceptentur3
495 1002 540 1038 et
563 1010 667 1038 cum
690 997 1066 1051 acceptabuntur,
1093 996 1137 1038 id
1160 997 1238 1039 fiat
1266 1012 1321 1039 ex
1344 998 1530 1041 consilio
1559 999 1701 1043 medi-

81 1074 138 1126 ci,
164 1080 349 1129 propter
371 1072 687 1134 necessitatem
717 1080 1016 1128 praesentem.
1049 1074 1173 1117 Solet
1201 1082 1218 1098 ³
1250 1081 1398 1117 tamen
1428 1075 1625 1130 permitti
1655 1084 1703 1118 vt

28 1143 31 1147 ³
81 1164 251 1205 paucae
282 1149 606 1202 confectiones,
643 1149 680 1191 si
705 1164 758 1192 ex
792 1150 1078 1205 eleemosyna
1110 1150 1309 1202 veniant,
1346 1160 1625 1207 reponantur
1647 1154 1703 1194 ad

81 1226 330 1269 incidentes
354 1225 663 1277 necessitates,
692 1233 738 1267 vt
760 1226 984 1268 confectio
1007 1241 1063 1269 ex
1085 1227 1197 1269 rosis
1220 1229 1290 1269 vel
1314 1243 1368 1271 ex
1391 1229 1597 1273 cotoniis.

169 1304 332 1346 Nullus
364 1302 578 1346 mittatur.
599 1302 644 1344 in
683 1303 863 1345 domum
904 1310 1139 1358 parentum
1178 1305 1234 1346 ad
1271 1306 1698 1357 conualescendum,

32 1412 37 1416 2
81 1380 166 1422 nisi
204 1387 404 1424 extrema
442 1379 686 1423 necessitas
724 1379 942 1435 coegerit,
983 1380 1148 1422 iudicio
1184 1381 1363 1423 medici.
1405 1382 1519 1424 Cum
1552 1391 1702 1427 autem

80 1457 196 1509 ierit,
223 1464 390 1512 quanta
413 1471 522 1499 cura
543 1457 599 1499 de
622 1471 676 1499 eo
699 1455 864 1512 poterit
886 1457 1059 1508 haberi,
1091 1458 1326 1510 habeatur;
1358 1473 1425 1510 ac,
1457 1459 1494 1501 si
1524 1475 1594 1503 res
1622 1476 1704 1516 pa-

81 1535 232 1586 tiatur,
258 1533 407 1576 socius
429 1533 491 1575 illi
515 1534 792 1589 adiungatur
820 1535 1035 1588 probatae
1064 1533 1262 1587 virtutis,
1294 1542 1339 1577 et
1367 1536 1482 1578 ratio
1511 1536 1571 1578 illi
1600 1553 1701 1593 per-

78 1610 306 1654 scribatur
334 1611 560 1665 quomodo
590 1609 680 1652 illic
708 1608 913 1652 victurus
941 1610 1015 1663 sit,
1047 1611 1255 1654 nimirum
1285 1614 1333 1653 vt
1360 1613 1630 1656 confiteatur
1658 1622 1703 1657 et

79 1687 382 1732 communicet
410 1687 602 1743 singulis
630 1687 941 1740 hebdomadis3
974 1694 1019 1731 et
1041 1687 1233 1744 singulis
1255 1688 1415 1731 diebus
1445 1690 1632 1746 colligat
1654 1705 1701 1734 se

78 1766 134 1807 ad
156 1779 345 1809 examen
367 1771 412 1808 et
434 1763 699 1821 orationem,
725 1770 812 1811 524
833 1764 870 1807 si
892 1765 1108 1808 valetudo
1132 1764 1230 1808 eius
1247 1765 1459 1820 patiatur,
1486 1766 1701 1822 viuatque

77 1841 124 1884 in
146 1842 357 1884 omnibus
379 1841 605 1896 religiose,
640 1849 685 1884 et
717 1856 820 1884 cum
855 1840 1168 1885 aedificatione
1195 1845 1371 1893 eorum,
1404 1857 1506 1885 cum
1537 1844 1701 1898 quibus

78 1918 347 1970 versabitur3
388 1926 448 1969 et,
484 1918 522 1960 si
555 1918 651 1961 fieri
683 1920 847 1974 possit,
884 1917 1164 1974 intelligatur
1197 1918 1377 1962 aliunde
1409 1921 1700 1974 quemadmo-

78 1997 185 2038 dum
208 2010 256 2038 se
279 2002 427 2051 gerat.
461 1996 599 2050 Quod
621 1995 658 2038 si
680 1995 1010 2051 intelligeretur
1032 1994 1236 2048 distrahi,
1257 1996 1619 2051 prospiciendum
1638 1997 1698 2039 illi

78 2080 212 2125 esset,
248 2072 396 2126 quoad
424 2071 522 2114 eius
553 2071 649 2114 fieri
679 2079 847 2127 posset,
880 2072 1077 2124 absenti;
1111 2072 1182 2114 vel
1212 2073 1393 2114 omnino
1421 2080 1539 2116 esset
1567 2081 1702 2117 reno*

78 2149 265 2192 candus.

290 2263 351 2292 DE
383 2263 841 2292 INTERPRETATIONE
874 2263 1156 2300 ALIQUARUM
1191 2263 1486 2293 REGULARUM

124 2407 127 2409 ¹
165 2357 353 2400 Summo
385 2354 535 2397 studio
567 2355 818 2398 curandum
852 2362 921 2398 est
949 2355 1316 2410 nesssuperiorum
1347 2357 1465 2398 facta
1497 2356 1699 2399 iudicent

36 2469 38 2472 .
77 2431 325 2482 inferiores,
353 2446 468 2474 neue
491 2432 547 2474 de
569 2430 622 2472 iis
645 2438 928 2473 murmurent
951 2431 1067 2474 inter
1089 2447 1153 2475 se.

165 2508 252 2551 Vbi
285 2508 449 2558 dicitur
479 2523 537 2551 ne
568 2509 740 2562 absque
771 2507 953 2550 licentia
984 2508 1318 2563 praedicatores
1351 2508 1490 2550 nostri
1519 2509 1697 2564 praedi—

32 2630 37 2637 ,
77 2591 194 2636 cent,
220 2584 487 2640 intelligitur
504 2583 670 2640 proprii
686 2583 830 2626 curati
847 2583 1065 2627 ecclesiae
1087 2584 1222 2638 illius,
1246 2584 1292 2626 in
1310 2599 1397 2640 qua
1419 2584 1695 2639 praedicant,

77 2662 148 2706 vel
170 2661 370 2717 episcopi
392 2661 510 2704 illius
532 2660 741 2704 diocesis.
769 2662 885 2703 Nam
908 2660 1041 2703 etiam
1071 2660 1108 2703 si
1136 2675 1370 2716 possemus
1399 2675 1453 2703 ex
1484 2661 1698 2702 facultate

77 2738 321 2793 apostolica
353 2738 524 2792 absque
555 2737 733 2779 illorum
765 2737 946 2780 licentia
979 2736 1259 2788 concionari,
1296 2736 1429 2780 etiam
1464 2736 1507 2778 in
1542 2750 1695 2779 eorum

27 2802 29 2807 ‘
77 2814 294 2866 ecclesiis,
321 2821 470 2856 tamen
493 2820 540 2855 vt
562 2813 879 2855 contentiones
908 2820 952 2857 et
982 2818 1065 2860 525
1096 2812 1366 2856 offensiones
1397 2811 1603 2862 vitemus,
1636 2810 1697 2853 ita

77 2890 329 2933 consultius
350 2890 546 2934 videtur.

148 3012 165 3029 a
215 3002 350 3037 Solent
369 3013 440 3036 ms.

252 3066 366 3094 prsr.
389 3066 426 3094 Ρ.
446 3065 580 3099 NADAL,
600 3071 679 3091 Toni.
704 3062 768 3091 lv.
1484 3062 1519 3089 37
