2028 3426
677 203 1099 238 INSTRUcnoNEs—61
1587 217 1655 252 559

77 305 196 360 quod
218 303 302 346 sibi
326 304 566 356 videbitur,
593 311 639 346 et
660 303 914 359 superiores
936 304 1103 347 debent
1127 305 1279 360 magni
1309 307 1455 348 facere
1484 307 1697 350 iudicium

76 380 290 436 ipsorum,
318 388 530 434 tanquam
556 395 728 432 eorum,
756 380 832 435 qui
855 379 1050 422 nouitios
1072 382 1242 423 habent
1272 383 1525 437 exploratos
1556 393 1600 426 et
1622 399 1696 427 co·

74 457 242 514 gnitos,
268 472 341 508 ne,
368 471 523 500 eorum
548 456 771 500 sententia
794 457 1018 513 neglecta,
1039 464 1207 501 errent.

163 534 233 578 518
267 533 359 589 Qui
381 534 514 576 datur
535 533 685 577 socius
713 533 1036 587 concionatori‚
1061 534 1118 576 sit
1146 549 1322 590 semper
1348 550 1543 591 magnae
1574 538 1693 587 fidei,

73 610 335 667 praesertim
360 625 461 653 cum
487 610 534 652 in
556 610 736 665 aliquod
758 611 971 666 oppidum
1002 611 1073 654 vel
1105 625 1273 667 pagum
1311 613 1511 654 eundum
1542 621 1625 665 est,
1653 623 1697 657 et

72 688 235 743 poterit
257 687 295 729 is
313 687 605 730 christianam
628 687 877 730 doctrinam
901 688 1062 730 docere
1085 687 1192 729 illic.

160 765 229 807 Ne
260 765 392 806 detur
422 764 612 806 facultas
649 763 705 815 ei,
732 761 808 818 q'ui
846 763 957 819 petit
994 763 1257 806 nominatim
1297 764 1488 816 socium,
1515 780 1618 807 cum
1642 781 1697 809 eo

71 841 282 891 exeundi,
318 840 404 883 nisi
426 840 592 882 iudicio
621 848 666 883 et
689 840 1052 883 consideratione
1081 840 1298 884 adhibita.
1330 840 1589 884 Asuescant
1616 858 1697 898 po—

71 917 159 959 tius
187 932 344 961 omnes
372 924 421 959 vt
449 916 618 971 singuli
648 924 823 959 tantum
856 931 936 972 pro
973 931 1022 960 se
1059 924 1215 972 petant
1253 917 1528 971 facultatem3
1562 920 1697 961 relin-

59 1000 213 1048 quant
235 1008 390 1036 curam
415 993 525 1035 socii
548 992 808 1048 assignandi
832 993 1156 1048 superioribus.

158 1070 427 1113 Prouinciae
449 1077 714 1125 procurator
736 1070 921 1113 habebit
945 1070 1184 1122 ordinarie,
1212 1071 1286 1125 qui
1311 1086 1413 1113 eum
1439 1072 1623 1115 adiuuet
1653 1073 1695 1114 in

32 1136 35 1138 ,
70 1147 324 1198 scribendo,
356 1154 400 1189 et
438 1146 482 1188 in
512 1148 647 1190 rebus
684 1146 797 1199 aliis3
830 1160 963 1200 quem
1002 1161 1104 1188 cum
1138 1155 1406 1202 procurator
1434 1150 1692 1204 occupabit,

69 1222 273 1266 minister
296 1238 387 1265 non
408 1223 623 1278 impediet
646 1223 743 1266 sine
765 1223 890 1265 iussu
914 1223 1173 1278 superioris.

158 1300 247 1342 Hic
265 1300 416 1343 socius
444 1300 749 1356 procuratoris
778 1300 823 1341 in
856 1300 909 1342 iis
938 1299 1141 1355 collegiis
1170 1300 1253 1343 erit
1292 1301 1594 1354 necessarius,
1620 1303 1695 1344 vbi

41 1399 44 1404 ·
69 1377 190 1418 solus
213 1377 417 1432 negociis
440 1384 485 1420 et
507 1376 740 1432 scriptioni
769 1377 977 1419 sufficere
1005 1391 1096 1419 non
1119 1384 1268 1432 potest
1292 1385 1571 1432 procurator.

154 1454 202 1495 In
225 1454 418 1508 singulis
449 1453 686 1504 classibus,
712 1453 788 1494 vbi
818 1453 970 1507 aliquo
1011 1468 1198 1495 numero
1228 1454 1368 1496 nostri
1400 1455 1606 1508 audiunt,
1633 1456 1693 1498 si›

66 1529 165 1584 quis
194 1545 219 1572 e
248 1531 391 1573 classe
420 1530 490 1574 519
530 1529 806 1585 egrediatur,
843 1531 964 1584 quod
1002 1530 1171 1584 absque
1200 1539 1392 1586 Vrgente
1422 1532 1693 1574 necessitate

28 1659 31 1662 y
65 1621 155 1649 non
185 1607 333 1658 faciet,
360 1622 464 1651 eum
494 1616 707 1661 sequetur
736 1607 886 1649 socius
918 1608 973 1649 ad
1003 1607 1047 1648 id
1084 1607 1351 1663 designatus
1381 1623 1407 1649 a
1438 1616 1626 1658 rectore;
1655 1609 1691 1651 is

67 1698 173 1727 vero
197 1699 290 1726 non
313 1684 397 1726 erit
420 1698 598 1739 semper
620 1683 754 1727 idem.

722 1816 782 1844 DE
816 1815 1032 1844 INFIRMIS

150 1915 219 1957 Ne
242 1913 475 1956 mittantur
499 1913 678 1964 infirmi,
706 1927 757 1955 ac
775 1927 831 1954 ne
849 1912 921 1954 alii
939 1913 1119 1968 quidem
1148 1916 1305 1956 Patres
1330 1921 1406 1955 aut
1432 1914 1606 1965 fratres,
1634 1916 1691 1957 ad

64 1990 148 2032 alia
170 1989 360 2045 collegia
383 1998 510 2033 extra
533 1989 811 2044 prouinciam
838 1989 934 2033 sine
964 1989 1244 2032 ordinatione
1275 1990 1585 2041 commissarii,
1612 2000 1691 2033 aut

63 2080 288 2109 consensu
310 2066 429 2108 illius
451 2066 757 2121 prouincialis‚
784 2067 837 2107 ad
863 2065 993 2107 cuius
1022 2066 1301 2121 prouinciam
1331 2067 1558 2108 infirmum
1583 2068 1687 2110 mit—

20 2174 23 2194 3
64 2148 156 2185 tere
179 2143 359 2186 volunt.

149 2220 344 2274 Quando
381 2219 649 2262 necessitate
677 2226 885 2274 vrgente,
918 2234 973 2262 ex
1002 2218 1188 2261 consilio
1220 2227 1238 2244 ἃ
1267 2218 1447 2270 medici,
1480 2219 1686 2262 infirmus

62 2295 221 2351 aliquis
242 2310 297 2338 ex
320 2311 409 2338 vno
437 2295 481 2337 in
505 2295 625 2337 aliud
648 2295 889 2350 collegium
915 2295 1134 2346 mittetur,
1160 2302 1208 2336 vt
1231 2295 1319 2336 illic
1348 2295 1585 2338 sanitatem
1616 2310 1686 2338 re-

62 2379 244 2427 cuperet
269 2373 338 2415 vel
363 2373 668 2423 conualescat,
696 2386 748 2413 ac
771 2386 860 2413 non
879 2370 1014 2413 aliani
1033 2373 1090 2413 ob
1109 2386 1307 2421 causam,
1329 2379 1684 2414 consentaneum

16 2503 17 2506 Ἴ
61 2448 273 2502 aequitati
301 2448 478 2490 videtur
508 2455 554 2489 vt
584 2448 845 2503 collegium,
878 2449 997 2490 vnde
1022 2448 1238 2498 mittetur,
1266 2449 1415 2489 soluat
1447 2462 1682 2501 expensas,

61 2525 146 2566 hoc
169 2532 251 2576 est,
277 2525 492 2579 quicquid
515 2539 539 2566 e
569 2539 783 2567 crumena
807 2524 989 2566 alterius
1014 2523 1194 2579 collegii
1226 2524 1361 2566 fuerit
1391 2527 1473 2567 520
1501 2538 1598 2565 eam
1628 2525 1684 2565 ob

56 2614 239 2662 *causam
263 2601 531 2656 expositum3
565 2601 672 2643 nihil
703 2601 875 2644 ratione
905 2600 1284 2655 suppellectilium
1317 2607 1392 2641 aut
1415 2598 1580 2641 laboris
1603 2600 1682 2641 do—

62 2678 347 2719 mesticorum
371 2678 657 2732 supputando
681 2677 889 2733 amplius,
917 2677 1001 2718 nisi
1025 2678 1139 2718 forte
1163 2675 1356 2731 pthysici
1379 2683 1542 2716 essent.
1567 2677 1680 2717 Nam

60 2766 112 2795 ea
133 2753 369 2797 occasione
387 2755 545 2796 merito
562 2754 770 2809 expensis
789 2753 1160 2796 annumerabitur
1182 2751 1218 2793 si
1237 2751 1344 2805 quid
1367 2751 1558 2792 vestium
1584 2766 1680 2806 per-

61 2827 159 2872 ierit
181 2837 315 2885 atque
337 2840 630 2873 consumetur
652 2845 755 2872 cum
779 2829 967 2871 infirmis
990 2827 1262 2870 huiusmodi.

132 3006 149 3023 a
196 2997 362 3030 concilio
382 3008 460 3031 ms.
