2028 3426
359 262 429 298 722
834 252 989 287 PA‘rms
1016 253 1261 289 HmRONYMi
1289 252 1440 288 NADAL

314 356 357 397 in
389 356 529 398 corde
559 354 732 398 Christi
762 354 808 396 in
841 354 1101 396 celestibus:
1138 353 1243 398 inde
1275 353 1450 397 videbis
1476 355 1624 398 Deum
1659 354 1810 406 corde;
1846 354 1952 398 inde

314 431 399 476 Dei
423 431 626 488 cognitio
649 431 811 474 dulcis.
1631 481 1633 483 ,

402 509 522 553 Fieri
545 509 744 564 quidem,
771 508 806 550 si
831 522 1066 551 assuescas
1095 508 1140 550 in
1170 509 1310 564 Xpo.,
1344 507 1474 552 facile
1507 515 1672 564 potest,
1707 514 1773 560 vt,
1809 522 1947 564 quum

313 586 400 629 alia
424 586 539 642 agis,
566 600 643 628 cor
667 594 793 627 tuum
818 585 876 627 sit
897 586 997 628 Deo
1019 584 1214 637 vnitum,
1247 598 1338 627 non
1367 584 1660 629 habitualiter
1682 586 1844 637 solum,
1876 586 1949 628 vel

313 663 583 714 uirtualiter,
610 663 689 706 sed
713 672 756 705 et
781 677 860 717 per
882 661 1133 718 simplicem
1157 661 1423 705 orationem.

401 743 525 784 Mors
548 740 652 796 Xpi.
680 741 813 783 docet
837 753 919 782 nos
948 739 1273 795 poenitentiam
1297 738 1343 781 in
1372 739 1548 795 spiritu,
1581 739 1850 784 resurrectio
1879 739 1949 781 vi—

313 827 403 861 tam
437 817 732 874 spiritualem,
770 816 976 861 ascensio
1018 816 1446 872 contemplationem
1485 824 1531 860 et
1568 831 1748 861 omnem
1781 816 1947 859 mentis

311 895 600 940 leuationem:
628 894 782 937 missio
804 893 1002 950 Spiritus
1025 894 1169 936 sancti
1188 893 1324 936 vitam
1344 893 1544 950 spiritus,
1565 909 1682 947 eam,
1703 908 1819 950 quae
1837 894 1918 936 sim
1932 920 1943 924 -

310 972 412 1028 plici
436 972 601 1024 actiua,
628 971 818 1027 simplici
847 970 982 1015 etiam
1007 970 1360 1027 contemplatiua
1391 971 1596 1027 superior
1624 978 1709 1023 est,
1742 985 1830 1026 qua
1852 985 1943 1014 non

309 1049 456 1092 solum
480 1048 677 1091 viuimus
699 1047 992 1103 spiritualiter
1015 1056 1059 1091 et
1082 1048 1458 1104 contemplamur,
1484 1048 1562 1091 sed
1581 1048 1692 1090 alios
1709 1049 1940 1100 docemus,

308 1133 352 1169 et
375 1127 430 1168 ad
454 1125 549 1180 pias
574 1124 693 1168 vitae
716 1124 915 1169 rationes
937 1124 1234 1176 instituimus,
1260 1124 1527 1167 accenditur
1549 1124 1746 1168 charitas
1769 1124 1813 1167 in
1844 1139 1942 1167 cor-

307 1203 455 1254 dibus,
482 1210 526 1245 et
549 1201 809 1246 extenditur
826 1203 883 1244 ad
901 1201 1204 1257 proximorum
1224 1202 1415 1244 salutem
1434 1209 1479 1244 et
1497 1201 1818 1257 perfectionem
1839 1216 1942 1257 pro-

304 1281 611 1323 curandam...

393 1362 474 1402 322
508 1357 659 1399 Causa
682 1371 771 1399 vna
794 1365 839 1400 et
862 1356 1104 1412 praecipua
1132 1355 1400 1399 calamitatis
1427 1355 1700 1399 Germaniae
1729 1356 1940 1400 ecclesia·
1991 1397 2006 1401 ,

303 1434 517 1476 sticorum
542 1442 649 1476 sunt
672 1433 780 1476 vitia
804 1442 849 1477 et
872 1448 1045 1476 morum
1069 1433 1334 1489 deprauatio
1352 1434 1598 1489 deplorata,
1620 1440 1664 1477 et
1686 1433 1938 1475 animorum

303 1511 481 1555 auersio
504 1512 574 1555 vel
600 1511 838 1553 infirmitas
861 1510 1144 1554 obedientiae
1167 1511 1220 1553 ad
1246 1511 1398 1553 sedem
1422 1510 1731 1566 apostolicam.
1756 1511 1883 1554 Haec
1902 1511 1938 1553 si

300 1604 383 1644 pro
408 1588 636 1644 praesenti
667 1589 882 1632 facultate
912 1596 1148 1640 sanentur,
1183 1588 1448 1632 restituetur
1476 1588 1738 1639 Germania,
1776 1603 1864 1644 qua
1893 1588 1936 1630 in

301 1680 350 1708 re
370 1666 456 1709 Dei
479 1665 767 1721 benignitate
790 1665 1034 1710 Societatis
1065 1665 1322 1708 institutum
1357 1665 1546 1708 iuuabit.
1580 1667 1695 1708 Nam
1726 1673 1771 1708 et
1794 1667 1937 1709 reforu

300 1743 436 1785 matio
460 1744 682 1797 quaedam
707 1752 775 1786 est
798 1743 1038 1786 clericatus
1063 1742 1284 1795 Societas,
1305 1750 1350 1784 et
1367 1743 1622 1798 exemplum
1643 1742 1740 1785 aliis
1759 1742 1936 1799 religio-

298 1834 405 1861 num
425 1818 660 1871 institutis,
683 1827 728 1861 et
753 1820 881 1863 vnice
905 1819 1136 1875 praedicat
1158 1827 1202 1862 et
1226 1820 1469 1876 persuadet
1487 1810 1704 1863 eccle'siae
1723 1832 1937 1863 romanae

296 1896 565 1952 dignitatem
591 1905 636 1939 et
660 1897 958 1953 primatum...

384 1974 527 2029 Signa
550 1974 732 2029 quidem
757 1981 864 2016 sunt
894 1975 1118 2030 permulta
1147 1974 1401 2030 praesentis
1430 1974 1621 2030 gratiae,
1658 1988 1751 2017 non
1784 1975 1931 2018 solum

297 2051 536 2102 sensibilis,
563 2052 619 2095 de
643 2066 731 2107 qua
763 2051 874 2094 certi
898 2066 1056 2094 sumus
1086 2066 1139 2095 ea
1162 2051 1455 2107 experientia,
1481 2065 1571 2106 qua
1593 2065 1690 2095 eam
1720 2051 1934 2107 agnosci-

296 2142 412 2178 mus,
449 2129 529 2171 sed
562 2128 659 2171 eius
693 2128 844 2180 etiam,
882 2143 998 2183 quae
1030 2131 1128 2172 Deo
1166 2135 1348 2184 gratum
1387 2127 1617 2171 hominem
1653 2128 1775 2181 facit,
1817 2143 1933 2184 quae

294 2203 427 2259 signa
451 2204 578 2258 quasi
603 2211 919 2247 sustentantur
941 2211 1078 2259 atque
1101 2204 1348 2247 efficaciam
1372 2204 1558 2260 capiunt
1580 2205 1636 2247 ab
1654 2204 1729 2247 illa
1746 2205 1834 2248 fide
1851 2219 1931 2261 ge-

297 2280 452 2333 nerali,
479 2295 567 2335 qua
590 2280 777 2322 nitimur
799 2280 1031 2323 iustificari
1055 2295 1138 2324 nos
1155 2295 1233 2336 per
1252 2282 1442 2336 Xpum.,
1463 2288 1571 2333 ete„
1592 2295 1693 2325 esse
1709 2281 1825 2324 filios
1847 2287 1932 2328 386

294 2356 396 2410 Dei,
423 2365 508 2399 etc.
538 2358 666 2400 Vltra
682 2359 794 2400 baec
812 2357 958 2413 signa,
980 2359 1037 2401 de
1054 2358 1221 2412 quibus
1237 2357 1437 2413 loquitur
1460 2358 1721 2412 frequenter
1741 2359 1926 2411 Paulus,

294 2433 545 2488 loquuntur
569 2449 745 2489 semper
768 2434 827 2490 pii
852 2435 1079 2488 doctores,
1111 2434 1148 2477 si
1178 2435 1252 2477 cui
1282 2434 1502 2491 singulari
1530 2434 1617 2478 Dei
1646 2434 1930 2492 benignitate

294 2509 369 2553 illa
399 2511 534 2554 etiam
559 2511 783 2553 certitudo
813 2511 1065 2568 contingat,
1092 2526 1208 2567 quae
1236 2512 1293 2555 sit
1321 2511 1528 2568 specialis
1552 2512 1786 2566 reuelatio,
1822 2527 1928 2569 gra-

296 2586 380 2629 tias
403 2587 501 2630 Deo
525 2595 648 2644 agat,
675 2596 761 2631 etc.

383 2664 487 2707 Illae
510 2673 660 2707 autem
684 2666 1016 2709 consolationes
1035 2665 1254 2717 internae,
1275 2672 1411 2720 atque
1430 2665 1542 2708 adeo
1560 2665 1866 2711 desolationes
1882 2674 1928 2710 et

294 2740 607 2785 tribulationes
631 2743 781 2785 variae
803 2750 847 2785 et
870 2745 1081 2795 acerbae,
1107 2742 1351 2794 constanti,
1377 2741 1580 2798 patienti,
1607 2750 1652 2787 et
1675 2743 1926 2799 longanimi

292 2817 442 2859 animo
465 2826 698 2874 exceptae,
725 2819 786 2861 illi
810 2834 971 2863 sensus
994 2820 1193 2876 spiritus,
1220 2819 1294 2863 illa
1316 2819 1500 2864 deuotio
1521 2819 1676 2872 animi,
1700 2819 1811 2862 illud
1835 2835 1924 2864 non

291 2895 467 2947 placere
491 2889 834 2950 sibi'mundum,
861 2895 1254 2939 illud'dulcescere
1284 2896 1406 2939 cordi
1430 2899 1604 2954 Jesum,
1638 2897 1712 2940 illa
1741 2898 1925 2941 deuotio

289 2978 334 3011 et
365 2985 524 3014 sensus
552 2973 774 3027 passionis
805 2973 929 3029 Xpi.,
961 2973 1036 3017 ille
1065 2973 1212 3016 dulcis
1241 2988 1401 3016 sensus
1429 2973 1696 3017 humilitatis
1723 2981 1769 3017 et
1798 2973 1924 3019 abie-

290 3045 451 3089 ctionis
475 3056 655 3103 gustus,
683 3049 793 3092 illud
815 3065 909 3093 non
932 3049 1145 3094 delectari
1168 3050 1378 3093 laudibus
1399 3050 1510 3103 suis,
1541 3052 1620 3094 sed
1650 3050 1817 3095 offendi
1840 3065 1924 3107 po-
