2028 3426
311 226 356 261 26
886 224 1065 261 NOTITIA
1091 230 1281 260 comeum

264 329 319 366 do
340 340 422 366 non
443 334 600 367 tantum
615 329 811 377 temporis
832 327 1096 376 impenderet,
1114 337 1164 363 ne
1183 326 1494 364 eucharisticum
1510 331 1807 364 sacramentum
1826 326 1903 364 fre-

263 401 454 448 quentius
475 412 598 448 quam
619 401 742 438 semel
765 401 803 437 in
826 398 1087 436 hebdomada
1107 398 1359 444 ministraret,
1375 409 1426 434 ne
1442 398 1542 435 intra
1559 409 1717 435 sacrum
1733 398 1899 435 concio—

263 478 437 518 naretur,
455 483 547 510 cum
569 473 607 509 in
628 472 781 520 templo
802 471 907 509 Stae.
929 470 1112 507 Marthae
1134 480 1289 506 sacram
1309 469 1482 506 hostiam
1501 469 1642 515 litaret,
1662 481 1713 506 ne
1733 469 1899 506 tandem

262 544 384 581 ullam
405 555 460 581 ex
481 543 586 581 Stae.
608 544 790 580 Marthae
812 543 983 580 alumnis
1004 541 1254 586 incarcerari,
1275 541 1402 578 inscio
1422 540 1592 590 Ignatio,
1609 539 1781 589 juberet.
1804 539 1901 588 Quo

262 621 444 663 tempore
466 615 659 663 scriptum
681 615 798 652 suerit
818 615 897 652 hoc
915 613 1219 657 documentum,
1235 623 1317 648 non
1335 616 1504 649 constat.
1525 611 1608 649 Inc.
1629 611 1744 648 «Don
1765 611 1900 661 Diego

263 686 386 724 sereis
418 692 675 724 contento...»
707 686 803 723 Des.
829 683 1130 734 ‹<...glorificado
1151 695 1226 731 por
1245 684 1417 731 siempre
1438 684 1477 720 in
1499 682 1636 720 secula
1657 682 1896 720 seculorum.

262 758 431 795 Amen.»

342 829 462 866 Num.
484 829 519 866 6.
578 828 738 877 Duplici
766 827 875 872 folio,
897 838 1070 874 quorum
1095 831 1252 863 tantum
1272 826 1382 874 prius
1409 831 1469 862 est
1494 826 1700 874 scriptum,
1727 824 1900 863 habetur

261 902 470 938 instructio
491 901 543 937 de
563 901 717 937 ratione
738 898 1021 943 conversandi,
1042 898 1126 934 sive
1152 897 1294 943 verbo,
1320 909 1392 934 seu
1413 897 1575 945 scripto,
1603 908 1695 934 cum
1716 897 1898 945 superio-

261 972 383 1009 ribus.
412 972 484 1009 Est
504 972 637 1009 versio
667 971 797 1008 italica
819 970 922 1007 illius
944 968 1232 1014 instructionis,
1253 979 1358 1016 quae
1379 968 1590 1016 hispanico
1617 979 1803 1005 sermone
1829 969 1898 1005 ha-

261 1043 380 1081 betur
400 1044 438 1080 in
468 1043 610 1081 codice
639 1041 808 1079 Miscell.
837 1040 885 1078 de
913 1039 1040 1089 regul.
1067 1039 1107 1078 S.
1130 1039 1186 1085 J„
1218 1051 1387 1077 numero
1407 1049 1444 1086 9,
1473 1039 1513 1078 ss.
1544 1047 1561 1086 5
1585 1045 1624 1076 et
1643 1040 1669 1076 6
1688 1039 1799 1084 (olim
1826 1049 1900 1089 179

262 1120 301 1152 et
328 1114 427 1163 180).
450 1114 508 1151 Ibi
536 1114 727 1151 asseritur
753 1118 961 1150 auctorem
988 1112 1108 1160 hujus
1129 1111 1361 1148 documenti
1392 1111 1514 1148 fuisse
1535 1110 1573 1148 S.
1595 1110 1808 1160 Ignatium,
1829 1111 1897 1159 qui

262 1197 402 1223 mense
432 1185 650 1222 Decembri
686 1192 785 1231 1554
815 1183 911 1220 illud
942 1183 1184 1231 composuit.
1213 1182 1359 1219 Manus
1386 1187 1447 1218 est
1472 1181 1630 1228 librarii3
1657 1181 1707 1218 ad
1740 1182 1897 1219 Patrem

261 1263 397 1294 autem
418 1256 640 1294 Polancum
657 1257 735 1293 hoc
753 1255 1045 1292 documentum
1062 1258 1268 1302 spectasse
1290 1253 1467 1290 indicare
1483 1252 1648 1298 ‚videtur
1666 1253 1767 1289 haec
1788 1258 1897 1299 nota,

262 1340 283 1365 a
305 1328 436 1365 Natali
457 1328 618 1376 propria
638 1339 761 1364 manu
781 1327 820 1363 in
841 1330 983 1374 quarta
1002 1325 1151 1374 pagina
1167 1329 1344 1361 exarata:
1365 1323 1604 1361 «Polanco.>›
1623 1323 1745 1360 Forte
1764 1324 1897 1360 versio

261 1398 406 1446 italica',
436 1411 541 1447 quae
571 1399 634 1436 hic
665 1398 901 1444 exhibetur,
929 1396 981 1434 ab
1016 1408 1065 1433 eo
1100 1396 1341 1433 concinnata
1375 1395 1460 1432 suit.
1498 1394 1657 1432 Titulus
1691 1400 1762 1432 est:
1797 1395 1897 1432 «Del

261 1472 385 1508 modo
406 1471 444 1508 di
471 1475 634 1508 trattare
663 1482 686 1507 o
713 1470 922 1519 negotiare
949 1479 1027 1506 con
1055 1467 1275 1515 superiore,
1301 1472 1402 1504 etc.»
1426 1467 1507 1504 Inc.
1538 1465 1679 1504 «Colui
1701 1467 1763 1504 ch'
1784 1467 1836 1504 ha
1857 1466 1896 1503 di

259 1548 485 1580 trattare...»
515 1543 611 1579 Des.
642 1541 870 1590 ‹<...profitto
897 1539 1101 1588 spirituale
1123 1539 1227 1576 delle
1254 1539 1423 1576 anime.»
1447 1538 1512 1575 Ad
1541 1538 1694 1576 calcem
1721 1543 1800 1575 ΖΜ
1828 1550 1896 1586 pa-

258 1615 390 1663 ginae:
414 1614 488 1651 «Di
507 1614 722 1651 Messina.»
744 1634 746 1637 ·
1829 1594 1836 1608 Ι

340 1685 460 1723 Num.
483 1695 517 1734 7.
573 1684 761 1721 Habetur
786 1684 825 1720 in
847 1682 997 1731 duplici
1026 1681 1134 1727 solio,
1162 1693 1335 1728 quorum
1363 1687 1457 1718 2.¹¹m
1483 1692 1658 1718 vacuum
1685 1685 1758 1726 est,
1786 1685 1894 1718 cata-

258 1757 389 1806 logus,
411 1761 540 1794 errata
556 1755 760 1803 quaedam
777 1755 988 1792 continens
1006 1754 1157 1801 primae
1174 1753 1362 1789 editionis
1379 1752 1726 1798 constitutionum,
1742 1751 1898 1789 Romae

261 1841 369 1866 anno
397 1828 494 1875 1558
517 1827 659 1873 factae,
681 1838 786 1874 quae
813 1825 978 1873 quidem
999 1830 1141 1869 errata,
1168 1829 1210 1860 ut
1236 1823 1289 1860 ibi
1317 1824 1518 1870 asseritur,
1548 1824 1650 1860 «iam
1679 1823 1895 1860 emendata

259 1901 297 1937 in
333 1899 649 1948 posterioribus»
687 1898 860 1935 fuerunt.
895 1896 978 1933 Ine.
1017 1895 1193 1940 «Errata,
1228 1895 1296 1932 ubi
1332 1907 1413 1932 non
1448 1895 1761 1943 respondent...»
1798 1894 1894 1931 Des.

261 1976 500 2020 ‹<...ponatur
527 1970 575 2007 N.
605 1968 884 2018 expungendo
914 1967 993 2004 M.»
1018 1967 1061 2003 In
1091 1966 1146 2003 2.⁰
1167 1966 1263 2003 folio
1285 1977 1306 2002 a
1326 1971 1442 2015 tergo
1463 1967 1564 2003 haec
1595 1966 1803 2013 inscriptio
1824 1966 1894 2002 ha-

258 2043 386 2080 betur:
426 2042 562 2079 «Loca
597 2046 778 2078 correcta
808 2040 847 2077 in
882 2037 1238 2082 declarationibus,
1269 2036 1337 2074 ubi
1368 2048 1449 2073 non
1479 2036 1730 2084 respondent
1757 2047 1895 2073 earum

258 2116 423 2160 litterae,
453 2113 519 2150 vel
548 2112 703 2150 numeri
739 2111 859 2155 citati,
880 2110 978 2147 locis
1009 2114 1047 2146 et
1081 2109 1258 2146 numeris
1289 2108 1635 2153 constitutionum,
1661 2108 1698 2144 in
1728 2118 1895 2144 romana

258 2187 436 2224 editione
457 2185 550 2222 anni
587 2183 722 2230 1558.»
752 2182 899 2219 Manus
929 2182 1079 2230 ignota.
1108 2180 1225 2228 Quae
1253 2191 1351 2216 vero
1382 2179 1562 2216 ultimam
1593 2179 1895 2226 inscriptionem

257 2258 393 2307 posuit
415 2257 575 2304 saepius
601 2256 640 2292 in
667 2266 761 2291 mss.
783 2253 995 2292 Societatis
1018 2251 1114 2299 Jesu
1135 2257 1314 2299 apparet,
1343 2256 1382 2288 et
1402 2250 1526 2287 nitide
1555 2250 1720 2297 quidem
1747 2249 1894 2286 scribit.

339 2328 423 2366 Sub
451 2327 598 2364 eodem
624 2336 806 2370 numero,
837 2323 940 2361 foliis
967 2322 1095 2360 tribus
1122 2322 1334 2359 habentur:
1360 2321 1712 2359 «Concordantiae
1733 2321 1771 2357 in
1799 2331 1897 2357 exa-

257 2413 392 2446 men»,
413 2398 575 2436 Hossaei
597 2409 719 2434 manu
740 2400 944 2433 exaratae.
967 2394 1010 2430 In
1032 2394 1172 2430 ultimo
1194 2393 1288 2430 folio
1310 2405 1331 2430 a
1352 2399 1481 2442 tergo,
1502 2404 1625 2430 manu
1646 2392 1772 2440 ipsius
1793 2391 1896 2428 Hof-

258 2473 346 2510 faei:
382 2469 734 2508 «Concordantiae
765 2467 891 2504 Patris
925 2465 1089 2502 Hoffaei
1125 2466 1162 2501 in
1195 2465 1325 2512 capita
1355 2464 1508 2511 aliquot
1537 2463 1773 2500 examinis.»
1806 2462 1895 2499 Alia

258 2555 379 2581 manu
401 2543 552 2591 ignota,
573 2539 653 2589 (illa
675 2550 729 2576 sc.
753 2550 857 2586 quae
879 2538 1111 2585 frequenter
1131 2541 1170 2573 et
1190 2535 1315 2572 nitide
1337 2535 1518 2572 scribens
1546 2539 1713 2582 apparet
1739 2534 1777 2571 in
1799 2545 1892 2570 mss,

256 2616 294 2653 S.
314 2614 375 2663 J.):
397 2615 545 2651 «instar
568 2610 949 2649 concordantiarum
970 2610 1007 2646 in
1030 2608 1193 2645 Biblia.»

337 2687 457 2723 Num.
481 2685 515 2722 8.
573 2682 657 2721 Sub
686 2683 763 2719 hoc
791 2692 961 2719 numero
988 2686 1048 2717 est
1076 2679 1368 2729 apographum,
1394 2677 1458 2714 vel
1487 2677 1587 2714 sorte
1615 2677 1894 2724 archetypum,

259 2757 567 2796 annotationum
594 2754 721 2791 Patris
750 2752 905 2790 Natalis
935 2752 973 2789 in
1005 2762 1192 2788 examen.
1228 2749 1323 2786 Dixi
1357 2749 1482 2785 «forte
1510 2749 1812 2796 archetypum»;
1843 2757 1892 2782 eo

259 2829 372 2877 quod
402 2828 635 2875 frequentes
665 2824 971 2861 emendationes
1000 2833 1123 2859 manu
1157 2821 1332 2858 auctoris
1363 2820 1491 2856 factae
1522 2819 1561 2855 in
1590 2819 1667 2856 hoc
1699 2817 1895 2865 exemplo

260 2900 574 2948 conspiciantur.
603 2897 804 2944 Scriptum
830 2906 928 2931 vero
950 2894 1022 2931 fuit
1043 2893 1093 2930 ab
1115 2904 1196 2930 uno
1218 2891 1447 2938 eodemque
1468 2889 1629 2927 librario
1650 2890 1688 2926 in
1710 2896 1757 2935 45
1788 2888 1892 2925 foliis

259 2984 341 3008 non
363 2970 541 3019 signatis.
563 2968 715 3017 Singuli
738 2972 873 3004 autem
893 2965 1182 3013 quaterniones
1203 2963 1254 3000 ad
1276 2962 1430 3000 calcem
1449 2962 1564 3010 primi
1580 2961 1778 3008 cujusque
1795 2959 1891 3005 folii,

257 3042 410 3079 Natalis
438 3051 572 3086 manu,
594 3039 738 3088 signati
760 3043 864 3075 sunt.
886 3036 1046 3074 Titulus
1067 3041 1127 3072 est
1155 3033 1399 3083 hujusmodi:
1431 3032 1498 3069 «In
1527 3042 1700 3069 examen
1721 3035 1891 3068 annota—
