2028 3426
392 271 396 277 ·
460 263 733 298 MONUMENTA
760 269 1015 298 PRovmcmE
1041 261 1352 304 AUSTmAE-49
1602 259 1668 302 285

167 350 337 406 'Donec
367 362 574 405 uideatur
603 362 813 418 religiose
840 361 915 418 agi
947 361 1264 414 recreationes,
1299 360 1384 403 erit
1417 361 1540 412 utile,
1577 361 1613 403 si
1648 362 1719 416 3⁰

89 454 271 494 quoque
293 439 365 481 die
388 446 654 494 separentur
678 441 836 482 Patres
857 445 902 482 et
926 439 1087 482 fratres
1108 438 1154 481 in
1171 439 1287 480 duas
1304 445 1470 493 parteS,
1494 446 1537 482 et
1554 439 1714 494 singu—

89 516 142 558 lis
166 515 336 571 praesit
357 530 467 558 suus
491 517 642 567 Pater,
668 516 840 559 electus
862 530 887 557 a
910 515 1175 571 prouinciali
1196 515 1271 559 uel
1293 530 1348 558 ex
1379 514 1476 557 eius
1505 515 1714 557 commis-

88 592 218 636 sione
240 608 265 635 a
288 600 482 644 rectore,
507 591 553 633 in
576 591 741 646 quibus
763 592 986 635 classibus
1009 599 1210 647 tempore
1232 591 1521 634 recreationis
1539 606 1563 633 a
1581 607 1717 647 pran—

89 668 164 711 dio
202 675 381 725 agatur,
417 669 474 711 ad
506 670 689 711 modum
722 669 971 712 collationis
1003 668 1263 724 spiritualis,
1299 669 1355 710 de
1387 668 1633 711 uirtutibus
1671 676 1715 712 et

89 761 243 790 earum
266 747 491 801 profectu,
518 760 569 789 ac
591 747 883 802 perfectione,
916 748 972 790 de
994 747 1210 789 orationis
1239 754 1284 790 et
1305 745 1611 788 meditationis
1634 760 1716 788 ne-

89 823 314 875 cessitate,
340 822 561 879 dignitate
583 837 635 865 ac
659 824 825 875 fructu,
852 825 907 866 de
929 839 982 866 eo
1006 824 1385 878 quemadmodum
1414 822 1714 867 resistendum

87 899 145 941 sit
168 899 510 952 tentationibus,
536 901 592 942 de
616 901 712 942 zelo
740 900 1007 952 animarum,
1033 907 1078 943 et
1106 900 1305 943 iuuando
1333 899 1553 956 proximo,
1586 906 1630 943 et
1659 901 1717 942 de

90 982 184 1018 toto
207 975 414 1018 instituto
439 976 695 1028 Societatis,
722 983 808 1019 etc.

177 1053 318 1095 Curet
346 1052 588 1109 diligenter
617 1052 920 1108 prouincialis,
953 1061 997 1097 et
1025 1068 1104 1109 per
1132 1068 1181 1096 se
1207 1060 1253 1097 et
1284 1068 1363 1109 per
1396 1060 1632 1105 rectorem,
1666 1061 1715 1096 ut

23 1134 26 1135 ⁷
87 1143 222 1183 quam
247 1129 540 1172 mundissime
564 1137 607 1174 et
629 1129 858 1185 aptissime
880 1137 1094 1186 parentur
1116 1130 1221 1184 cibi,
1253 1138 1297 1175 et
1325 1131 1415 1173 sint
1445 1146 1551 1174 vasa
1580 1146 1707 1172 mun-

88 1204 272 1248 dissima
301 1213 346 1250 et
375 1206 658 1250 ornatissima
686 1195 836 1249 omnia
859 1206 904 1248 in
927 1207 1092 1259 culina,
1118 1214 1163 1250 et
1184 1209 1273 1250 hoc
1294 1207 1536 1263 diligenter
1561 1207 1714 1263 exigat

89 1288 185 1324 tum
217 1298 242 1325 a
273 1290 464 1335 rectore,
502 1290 597 1325 turn
631 1299 656 1330 a
678 1283 902 1336 ministro,
932 1293 977 1326 et
1007 1283 1253 1326 constituat
1282 1284 1554 1340 peculiarem
1578 1283 1717 1327 huius

88 1357 154 1401 rei
176 1358 530 1402 obseruatorem.

176 1435 462 1478 Adhibeatur
484 1435 683 1480 musicae
706 1438 884 1490 modus,
912 1445 960 1480 ut
984 1437 1029 1479 in
1053 1438 1187 1480 missa
1209 1438 1380 1481 musice
1402 1446 1580 1481 tantum
1604 1452 1714 1481 can-

88 1517 208 1554 tetur
244 1512 418 1556 «Kirie»
459 1513 664 1556 «Gloria»
706 1531 721 1553 α
731 1515 879 1558 Credo
889 1532 902 1554 >z
946 1516 1191 1559 «Sanctus»
1232 1516 1448 1572 «Agnus»
1483 1515 1719 1570 responsio

89 1592 146 1633 ad
173 1591 263 1633 «Ite
286 1589 420 1633 missa
441 1597 555 1633 est».
582 1591 638 1634 Et
661 1590 706 1633 in
728 1591 929 1647 vesperis
952 1592 1112 1647 psalmi
1134 1599 1375 1636 cantentur
1397 1593 1453 1635 ad
1474 1593 1587 1635 falso
1610 1593 1712 1634 bor-

86 1668 266 1722 donem‚
287 1667 520 1719 utdicunt,
544 1668 615 1710 uel
633 1667 849 1720 similiter;
871 1675 1021 1724 potest
1039 1677 1189 1712 tamen
1207 1669 1378 1712 cantari
1393 1669 1710 1724 «Magnificat»

89 1743 274 1787 musice.
302 1743 491 1798 Reliqua
509 1744 660 1787 omnia
678 1752 919 1787 cantentur
936 1746 1226 1801 gregoriane.
1247 1746 1539 1802 Excipientur
1557 1761 1613 1789 ex
1631 1748 1716 1788 hac

87 1820 261 1864 ratione
283 1827 459 1873 cantus,
496 1820 688 1864 maiores
717 1821 1041 1875 solemnitates,
1073 1823 1119 1864 in
1148 1823 1313 1878 quibus
1342 1839 1397 1867 ex
1426 1817 1718 1879 prouincialis

87 1898 160 1940 uel
183 1897 371 1940 rectoris
395 1898 624 1951 facultate,
655 1906 870 1954 poterunt
901 1900 1070 1955 aliquid
1099 1900 1290 1956 amplius
1319 1914 1482 1944 canere
1512 1900 1703 1943 musice.

87 1975 143 2016 Et
165 1988 268 2016 cum
291 1974 375 2017 erit
398 1974 484 2017 illis
506 1974 679 2018 licitum
700 1983 886 2020 cantare
907 1984 1097 2020 motetta
1119 1977 1164 2019 in
1187 1977 1323 2020 missa
1339 1978 1413 2020 uel
1430 1977 1475 2019 in
1493 1976 1713 2033 vesperis,

86 2050 386 2107 praecipiatur
407 2051 494 2094 illis
517 2065 574 2095 ne
597 2052 688 2095 sint
709 2052 898 2108 prolixa,
923 2054 1187 2109 praesertim
1210 2053 1254 2095 in
1279 2054 1430 2096 missa.

174 2128 319 2169 Detur
343 2142 480 2183 opera
503 2134 552 2170 ut
574 2135 782 2173 cantores
805 2129 1034 2181 obediant,
1068 2137 1281 2184 tanquam
1310 2130 1551 2186 superiori,
1582 2145 1717 2186 prae-

88 2204 207 2246 fecto
229 2204 371 2256 chori,
398 2212 442 2248 et
465 2214 730 2249 exerceatur
751 2205 797 2248 in
819 2208 905 2250 hac
928 2220 976 2249 re
998 2206 1249 2262 disciplina.

177 2281 233 2322 Et
254 2288 439 2324 curetur
463 2290 512 2324 ut
534 2282 728 2325 charitas
752 2283 906 2339 uigeat
927 2283 1044 2331 inter
1073 2298 1246 2336 omnes,
1278 2291 1323 2327 et
1351 2285 1475 2327 nulla
1502 2298 1715 2340 perseue-

87 2363 155 2400 ret
177 2357 354 2400 auersio
377 2358 514 2400 animi
536 2358 652 2402 inter
678 2359 853 2402 fratres.

173 2434 492 2477 Sacerdotibus
514 2435 782 2479 exhibeatur
803 2433 948 2479 honor
970 2436 1151 2481 debitus
1174 2437 1299 2480 iuxta
1329 2437 1569 2482 Societatis
1600 2451 1711 2480 cona

86 2510 389 2564 suetudinem3
421 2526 578 2555 rursus
606 2512 740 2555 etiam
768 2514 1027 2557 sacerdotes
1058 2513 1275 2569 grauiter,
1301 2515 1381 2558 sed
1410 2516 1613 2558 modeste
1645 2522 1712 2557 ta-

88 2601 205 2638 men,
231 2593 370 2642 agant
393 2601 497 2630 cum
520 2588 789 2632 fratribus...

176 2662 313 2706 Omni
336 2664 487 2707 studio
511 2673 556 2708 et
577 2665 811 2721 diligentia
834 2673 1017 2709 curetur
1039 2683 1096 2711 ne
1118 2682 1339 2723 cogamur
1362 2667 1426 2711 ire
1456 2668 1501 2709 in
1531 2682 1715 2722 proces-

77 2738 227 2791 sione,
254 2753 359 2782 cum
381 2755 471 2783 non
497 2749 731 2784 teneamur
753 2742 797 2784 in
821 2743 1112 2793 conscientia;
1139 2751 1184 2786 et
1213 2745 1305 2786 fere
1334 2757 1490 2785 omnes
1513 2743 1712 2798 episcopi

87 2813 316 2858 liberarint
338 2831 436 2860 nos:
462 2817 500 2860 si
522 2825 673 2862 tamen
695 2820 780 2861 hoc
803 2820 926 2862 nulla
948 2820 1121 2862 ratione
1138 2834 1374 2875 possemus
1392 2819 1579 2871 euitare,
1600 2819 1713 2861 nihil

88 2897 182 2933 tum
207 2899 326 2936 esset
348 2895 714 2937 contendendum
738 2895 794 2937 de
810 2895 929 2938 loco.
968 2921 969 2926 =

175 2967 222 3011 Si
245 2982 515 3024 quacunque
538 2970 712 3014 ratione
732 2978 882 3026 potest
905 2971 1114 3023 obtineri,
1152 2972 1224 3014 uel
1252 2986 1332 3027 per
1359 2985 1605 3022 caesarem,
1639 2971 1712 3014 uel

86 3042 172 3085 alia
203 3043 293 3097 uia,
329 3059 386 3088 ne
422 3045 713 3088 subiiciarnur
746 3047 970 3102 regimini,
1007 3049 1079 3089 uel
1114 3046 1399 3102 magistratui
1433 3046 1634 3101 politico,
1667 3046 1713 3088 id
