2028 3426
392 242 463 280 380
866 247 1022 283 PATR1S
1049 249 1294 285 H1ERONYM1
1321 249 1416 284 NAD
1424 258 1476 285 AL

434 348 650 404 Deligant
671 349 756 392 sibi
775 350 993 405 quosdam
1012 364 1037 392 e
1056 349 1284 403 Patribus,
1311 351 1381 394 vel
1403 351 1538 396 etiam
1562 352 1796 405 fratribus,
1816 353 1984 409 quibus

345 425 480 468 fidem
503 426 718 471 adhibere
741 441 792 469 ac
816 442 897 469 sua
921 428 1196 471 concredere
1219 437 1394 472 secreta
1415 429 1610 485 possint,
1642 444 1757 486 quos
1787 431 1986 476 habeant

341 501 755 555 coniunctissimos,
783 518 834 546 ac
863 511 1040 548 secreto
1063 511 1251 547 vtantur
1280 520 1416 562 opera
1444 520 1618 559 eorum,
1650 521 1733 563 pro
1763 507 1985 564 cuiusque

345 579 578 631 facultate,
608 581 775 623 talento
809 588 946 635 atque
978 580 1228 636 habilitate,
1265 583 1322 625 ad
1343 583 1470 635 alios,
1507 583 1544 626 si
1567 583 1644 639 qui
1681 584 1980 639 occurrerint,

342 655 582 699 iuuandos.
612 658 778 699 Eorum
805 665 971 709 tamen,
999 659 1147 713 quoad
1171 658 1269 702 eius
1292 660 1389 702 fieri
1418 660 1600 716 poterit,
1635 661 1984 706 familiaritatem

341 733 627 776 dissimulent
650 734 959 789 prouidenter.

431 811 637 854 Caueant
661 826 718 854 ne
742 819 969 854 rectorum
988 812 1306 861 auctoritatem
1325 813 1547 858 infirmam
1566 815 1764 859 efficiant
1787 817 1982 872 prouin-

340 887 494 938 ciales,
521 894 598 929 aut
623 888 845 939 minuant,
886 889 966 932 sed
999 888 1120 932 illam
1158 889 1390 933 stabiliant
1423 898 1559 946 atque
1596 891 1731 935 etiam
1754 901 1971 950 augeant,

344 965 491 1018 quoad
510 964 662 1007 licebit
685 972 729 1007 et
753 979 824 1008 res
846 965 1059 1020 patietur.

429 1042 496 1083 Ne
536 1048 722 1096 rogetur
755 1030 1061 1086 confessarius
1083 1044 1140 1087 de
1163 1059 1320 1088 eorum
1349 1045 1457 1097 vita,
1490 1059 1682 1101 quorum
1711 1047 1838 1101 audit
1862 1062 1973 1091 con-

340 1118 572 1160 sessiones.
601 1119 715 1161 Nam
739 1119 774 1161 si
798 1119 906 1175 quid
930 1119 1025 1162 vitii
1048 1120 1260 1177 attingat,
1287 1123 1359 1166 vel
1387 1121 1613 1178 opinionis
1641 1123 1866 1177 sinistrae,
1891 1140 1974 1182 pe-

337 1195 527 1236 riculum
552 1203 619 1238 est
642 1210 699 1239 ne
722 1196 1031 1252 integritatem
1055 1198 1203 1242 laedat
1225 1198 1379 1255 sigilli,
1405 1200 1478 1243 vel
1506 1199 1638 1243 facile
1661 1216 1753 1244 non
1783 1202 1976 1259 effugiet

336 1270 513 1313 illorum
525 1272 838 1325 offensionem,
859 1274 915 1316 de
933 1273 1099 1328 quibus
1118 1274 1178 1319 38
1196 1276 1454 1331 respondet:
1476 1276 1544 1319 sin
1563 1276 1676 1319 nihil
1693 1278 1816 1321 aliud
1834 1294 1970 1335 quarn

336 1347 437 1390 illos
460 1349 627 1401 laudet,
656 1348 784 1392 facile
816 1349 1098 1407 intelligetur
1125 1366 1218 1395 non
1258 1353 1450 1396 multum
1484 1354 1654 1398 habere
1677 1355 1969 1400 authoritatis

334 1425 432 1468 eius
455 1425 644 1480 dictum,
665 1427 741 1483 qui
763 1428 820 1471 de
841 1427 1084 1472 uirtutibus
1105 1436 1253 1485 potest
1271 1431 1560 1485 respondere,
1587 1446 1676 1474 non
1695 1433 1752 1477 de
1775 1432 1910 1476 vitiis.

423 1504 562 1558 Quod
584 1512 761 1548 secreto
783 1506 840 1547 de
858 1505 1072 1549 Patribus
1095 1507 1167 1550 vel
1191 1506 1405 1550 fratribus
1427 1507 1731 1552 intellexerint
1759 1510 1969 1566 superio-

334 1594 419 1632 res,
445 1580 491 1622 in
515 1580 568 1623 iis
590 1588 769 1625 secreto
791 1590 809 1607 ³
831 1583 940 1625 dent
958 1597 1156 1638 operam,
1179 1593 1224 1626 vt
1242 1597 1320 1626 eos
1338 1583 1514 1637 iuuent‚
1536 1600 1620 1629 nec
1639 1585 1833 1640 illorum,
1856 1602 1973 1644 quae

335 1664 510 1701 secreto
533 1665 717 1712 norunt,
743 1658 913 1714 aliquid
936 1675 1043 1716 prae
1065 1675 1114 1704 se
1137 1662 1286 1704 ferant
1309 1661 1504 1704 interim.

421 1735 558 1789 Quod
581 1735 618 1777 si
641 1735 686 1777 id
717 1751 806 1778 non
838 1737 1088 1792 prodesset,
1121 1738 1323 1794 legitime
1346 1737 1363 1763 b
1391 1739 1448 1781 ad
1480 1739 1566 1782 alia
1589 1740 1788 1784 remedia
1810 1755 1973 1797 proce-

331 1811 532 1854 dendum
556 1812 655 1864 erit,
681 1814 736 1855 de
760 1814 927 1868 quibus
949 1814 1056 1857 alibi
1079 1823 1148 1858 est
1169 1815 1397 1858 traditum.

419 1883 656 1925 Habeatur
684 1899 766 1940 pro
789 1885 978 1929 crimine
1006 1886 1279 1942 grauissimo
1303 1888 1367 1944 (ut
1396 1889 1479 1942 est)
1505 1903 1787 1933 murmurare
1810 1890 1866 1934 de
1888 1905 1968 1933 su·—

331 1959 520 2013 periore:
548 1968 593 2004 et
622 1961 805 2015 quidem
830 1977 965 2006 casus
987 1963 1072 2008 iste
1106 1965 1408 2008 reseruandus
1437 1974 1522 2017 est,
1548 1973 1593 2010 et
1625 1981 1713 2010 vna
1743 1983 1798 2011 ex
1821 1967 1972 2011 causis

328 2045 608 2092 quapropter
630 2039 810 2082 excludi
834 2039 935 2094 quis
957 2056 983 2084 a
1006 2041 1234 2085 Societate
1258 2042 1415 2098 possit,
1437 2050 1482 2086 et
1504 2044 1683 2096 debeat,
1705 2045 1969 2100 praesertim

332 2111 369 2154 si
392 2114 656 2156 scandalum
679 2115 784 2160 inde
807 2117 905 2159 aliis
929 2117 1072 2171 fieret3
1100 2132 1239 2173 quare
1261 2127 1526 2163 constanter
1548 2128 1616 2163 est
1634 2121 1967 2177 extirpandum.

419 2190 592 2233 Curent
616 2192 934 2247 prouinciales,
961 2210 1018 2238 ne
1041 2195 1279 2250 quisquam
1303 2197 1359 2238 de
1382 2196 1590 2240 instituto
1614 2198 1860 2254 regulisue,
1890 2207 1969 2243 aut

327 2266 385 2308 de
407 2267 639 2322 superiore
663 2269 878 2312 iudicium
898 2272 1012 2314 ferat
1035 2286 1086 2314 ac
1107 2279 1268 2316 tractet
1288 2273 1359 2316 vel
1381 2273 1597 2331 disputet,
1623 2274 1806 2319 sinistre
1827 2275 1963 2318 dubi-

332 2345 485 2396 tando,
512 2344 699 2397 scilicet,
727 2347 871 2391 ve139
895 2348 1078 2391 omnino
1100 2348 1145 2392 in
1165 2350 1325 2392 malam
1351 2350 1546 2405 aliquam
1565 2359 1756 2407 partem:
1783 2352 1812 2394 ii
1836 2367 1960 2405 vero,

328 2420 492 2475 quibus
530 2422 642 2464 tales
679 2422 723 2464 in
747 2431 944 2468 mentem
982 2424 1190 2468 venirent
1228 2425 1544 2483 cogitationes,
1586 2429 1672 2470 hoc
1712 2427 1859 2484 ipsum
1883 2443 1966 2485 pro

323 2497 454 2553 graui
479 2506 691 2553 reputent
715 2500 964 2543 tentatione
987 2503 1208 2545 aduersus
1230 2503 1532 2558 vocationem,
1558 2512 1636 2547 aut
1655 2512 1779 2549 certe
1801 2513 1961 2549 contra

324 2574 423 2618 eius
444 2575 777 2629 executionem3
805 2592 916 2631 quas
938 2578 974 2620 si
1000 2578 1189 2623 vicerint
1212 2579 1369 2623 diuino
1393 2580 1576 2633 auxilio,
1610 2582 1708 2626 Deo
1731 2583 1841 2626 dent
1859 2583 1963 2639 glo·

326 2651 437 2694 riam
460 2652 516 2694 de
539 2652 742 2705 victoria,
768 2653 836 2696 sin
861 2663 1054 2709 pergent
1084 2670 1184 2699 esse
1213 2657 1445 2709 molestae,
1477 2658 1533 2700 de
1564 2657 1651 2701 illis
1680 2659 1877 2703 referent
1900 2660 1957 2702 ad

325 2728 623 2784 superiorem,
644 2744 724 2773 seu
744 2731 1044 2784 consiliarios,
1065 2747 1317 2790 eorumque
1335 2742 1455 2778 stent
1473 2741 1488 2760 ⁰
1506 2735 1774 2779 sententiae.
1797 2737 1958 2780 Caete-

326 2819 423 2847 rum
448 2819 552 2848 cum
574 2806 767 2863 primum
792 2807 1081 2863 prouincialis
1104 2810 1174 2853 vel
1198 2811 1480 2854 consultores
1503 2811 1673 2866 aliquid
1692 2811 1963 2856 huiusmodi

319 2882 717 2937 deprehenderint,
744 2884 1005 2940 praesertim
1029 2886 1249 2929 aduersus
1272 2887 1530 2931 institutum
1555 2895 1599 2931 et
1623 2888 1866 2933 Societatis
1890 2903 1965 2933 re-

394 3064 410 3079 a
428 3064 536 3089 secro
556 3065 631 3089 ms.
687 3055 754 3081 -b
781 3054 962 3100 letigime
982 3065 1052 3089 ms.
1107 3063 1170 3082 ——c
1197 3058 1269 3090 stet
1290 3066 1360 3090 ms.
