<?xml version="1.0" encoding="UTF-8"?>
<!DOCTYPE html PUBLIC "-//W3C//DTD XHTML 1.0 Transitional//EN"
    "http://www.w3.org/TR/xhtml1/DTD/xhtml1-transitional.dtd">
<html xmlns="http://www.w3.org/1999/xhtml" xml:lang="en" lang="en">
 <head>
  <title>
</title>
<meta http-equiv="Content-Type" content="text/html;charset=utf-8" />
  <meta name='ocr-system' content='tesseract 3.04.00' />
  <meta name='ocr-capabilities' content='ocr_page ocr_carea ocr_par ocr_line ocrx_word'/>
</head>
<body>
  <div class='ocr_page' id='page_1' title='image "./epistolaephieron11nada_0578.png"; bbox 0 0 2028 3426; ppageno 0'>
   <div class='ocr_carea' id='block_1_1' title="bbox 338 208 1410 256">
    <p class='ocr_par' dir='ltr' id='par_1_1' title="bbox 338 208 1410 256">
     <span class='ocr_line' id='line_1_1' title="bbox 338 208 1410 256; baseline -0.001 -10"><span class='ocrx_word' id='word_1_1' title='bbox 338 220 407 256; x_wconf 73' lang='lat'>552</span> <span class='ocrx_word' id='word_1_2' title='bbox 810 211 963 245; x_wconf 77' lang='lat' dir='ltr'>PATRIS</span> <span class='ocrx_word' id='word_1_3' title='bbox 991 209 1234 245; x_wconf 67' lang='lat' dir='ltr'>Hmnom&#39;mr</span> <span class='ocrx_word' id='word_1_4' title='bbox 1260 208 1296 244; x_wconf 96' lang='lat' dir='ltr'>N</span> <span class='ocrx_word' id='word_1_5' title='bbox 1299 218 1410 245; x_wconf 69' lang='grc' dir='ltr'>ΑΒΜ.</span> 
     </span>
    </p>
   </div>
   <div class='ocr_carea' id='block_1_2' title="bbox 251 309 1926 752">
    <p class='ocr_par' dir='ltr' id='par_1_2' title="bbox 290 309 1926 522">
     <span class='ocr_line' id='line_1_2' title="bbox 291 309 1924 366; baseline -0.001 -10"><span class='ocrx_word' id='word_1_6' title='bbox 291 313 459 356; x_wconf 87' lang='lat' dir='ltr'>stantia</span> <span class='ocrx_word' id='word_1_7' title='bbox 481 312 579 356; x_wconf 87' lang='lat' dir='ltr'>eius</span> <span class='ocrx_word' id='word_1_8' title='bbox 608 319 677 354; x_wconf 77' lang='lat' dir='ltr'>est</span> <span class='ocrx_word' id='word_1_9' title='bbox 705 311 981 366; x_wconf 84' lang='lat' dir='ltr'>exploranda</span> <span class='ocrx_word' id='word_1_10' title='bbox 1010 309 1288 365; x_wconf 83' lang='lat' dir='ltr'>aliquandiu.</span> <span class='ocrx_word' id='word_1_11' title='bbox 1323 311 1460 366; x_wconf 77' lang='lat' dir='ltr'>Quod</span> <span class='ocrx_word' id='word_1_12' title='bbox 1493 310 1530 354; x_wconf 92' lang='lat' dir='ltr'>si</span> <span class='ocrx_word' id='word_1_13' title='bbox 1562 310 1788 355; x_wconf 89' lang='lat' dir='ltr'>iudicetur</span> <span class='ocrx_word' id='word_1_14' title='bbox 1824 325 1924 355; x_wconf 88' lang='lat' dir='ltr'>esse</span> 
     </span>
     <span class='ocr_line' id='line_1_3' title="bbox 290 386 1922 443; baseline -0.001 -10"><span class='ocrx_word' id='word_1_15' title='bbox 290 398 520 441; x_wconf 78' lang='lat' dir='ltr'>constans,</span> <span class='ocrx_word' id='word_1_16' title='bbox 548 397 698 432; x_wconf 84' lang='lat' dir='ltr'>tamen</span> <span class='ocrx_word' id='word_1_17' title='bbox 724 387 887 443; x_wconf 87' lang='lat' dir='ltr'>poterit</span> <span class='ocrx_word' id='word_1_18' title='bbox 911 386 972 428; x_wconf 93' lang='lat' dir='ltr'>illi</span> <span class='ocrx_word' id='word_1_19' title='bbox 996 387 1244 443; x_wconf 87' lang='lat' dir='ltr'>significari</span> <span class='ocrx_word' id='word_1_20' title='bbox 1268 388 1386 430; x_wconf 91' lang='lat' dir='ltr'>nolle</span> <span class='ocrx_word' id='word_1_21' title='bbox 1410 402 1491 430; x_wconf 90' lang='lat' dir='ltr'>nos</span> <span class='ocrx_word' id='word_1_22' title='bbox 1513 387 1638 430; x_wconf 90' lang='lat' dir='ltr'>illum</span> <span class='ocrx_word' id='word_1_23' title='bbox 1667 387 1922 440; x_wconf 73' lang='lat' dir='ltr'><strong>admittere,</strong></span> 
     </span>
     <span class='ocr_line' id='line_1_4' title="bbox 292 464 1926 522; baseline -0.001 -13"><span class='ocrx_word' id='word_1_24' title='bbox 292 467 374 510; x_wconf 89' lang='lat' dir='ltr'>nisi</span> <span class='ocrx_word' id='word_1_25' title='bbox 405 469 567 511; x_wconf 81' lang='lat' dir='ltr'>habeat</span> <span class='ocrx_word' id='word_1_26' title='bbox 600 473 836 522; x_wconf 82' lang='lat' dir='ltr'>parentum</span> <span class='ocrx_word' id='word_1_27' title='bbox 866 478 1052 505; x_wconf 82' lang='lat' dir='ltr'>suorum</span> <span class='ocrx_word' id='word_1_28' title='bbox 1084 465 1156 506; x_wconf 81' lang='lat' dir='ltr'>vel</span> <span class='ocrx_word' id='word_1_29' title='bbox 1186 478 1360 516; x_wconf 88' lang='lat' dir='ltr'>eorum,</span> <span class='ocrx_word' id='word_1_30' title='bbox 1394 465 1471 519; x_wconf 91' lang='lat' dir='ltr'>qui</span> <span class='ocrx_word' id='word_1_31' title='bbox 1493 473 1511 490; x_wconf 86' lang='lat'><em>²</em></span> <span class='ocrx_word' id='word_1_32' title='bbox 1543 465 1789 521; x_wconf 82' lang='lat' dir='ltr'>legitimam</span> <span class='ocrx_word' id='word_1_33' title='bbox 1827 464 1926 508; x_wconf 92' lang='lat' dir='ltr'>eius</span> 
     </span>
    </p>

    <p class='ocr_par' dir='ltr' id='par_1_3' title="bbox 251 540 1926 752">
     <span class='ocr_line' id='line_1_5' title="bbox 293 540 1925 598; baseline -0.001 -11"><span class='ocrx_word' id='word_1_34' title='bbox 293 546 462 587; x_wconf 86' lang='lat' dir='ltr'>habent</span> <span class='ocrx_word' id='word_1_35' title='bbox 485 558 658 594; x_wconf 85' lang='lat' dir='ltr'>curam,</span> <span class='ocrx_word' id='word_1_36' title='bbox 684 555 974 592; x_wconf 67' lang='lat' dir='ltr'>consens-uim</span> <span class='ocrx_word' id='word_1_37' title='bbox 1002 549 1046 584; x_wconf 87' lang='lat' dir='ltr'>et</span> <span class='ocrx_word' id='word_1_38' title='bbox 1070 541 1218 596; x_wconf 86' lang='lat' dir='ltr'>ipsum</span> <span class='ocrx_word' id='word_1_39' title='bbox 1243 542 1409 585; x_wconf 88' lang='lat' dir='ltr'>debere</span> <span class='ocrx_word' id='word_1_40' title='bbox 1429 542 1517 584; x_wconf 92' lang='lat' dir='ltr'>hoc</span> <span class='ocrx_word' id='word_1_41' title='bbox 1540 556 1704 598; x_wconf 91' lang='lat' dir='ltr'>vrgere</span> <span class='ocrx_word' id='word_1_42' title='bbox 1728 556 1807 597; x_wconf 90' lang='lat' dir='ltr'>per</span> <span class='ocrx_word' id='word_1_43' title='bbox 1823 540 1925 585; x_wconf 89' lang='lat' dir='ltr'>lite-</span> 
     </span>
     <span class='ocr_line' id='line_1_6' title="bbox 251 608 1925 676; baseline -0.002 -13"><span class='ocrx_word' id='word_1_44' title='bbox 251 608 253 611; x_wconf 26' lang='lat'><em>*</em></span> <span class='ocrx_word' id='word_1_45' title='bbox 293 636 380 673; x_wconf 84' lang='lat' dir='ltr'>ras,</span> <span class='ocrx_word' id='word_1_46' title='bbox 407 621 442 663; x_wconf 83' lang='lat' dir='ltr'>si</span> <span class='ocrx_word' id='word_1_47' title='bbox 466 629 679 676; x_wconf 86' lang='lat' dir='ltr'>parentes</span> <span class='ocrx_word' id='word_1_48' title='bbox 703 634 791 661; x_wconf 91' lang='lat' dir='ltr'>non</span> <span class='ocrx_word' id='word_1_49' title='bbox 817 617 982 670; x_wconf 81' lang='lat' dir='ltr'>adsint3</span> <span class='ocrx_word' id='word_1_50' title='bbox 1009 628 1054 660; x_wconf 93' lang='lat' dir='ltr'>et</span> <span class='ocrx_word' id='word_1_51' title='bbox 1077 617 1112 660; x_wconf 88' lang='lat' dir='ltr'>si</span> <span class='ocrx_word' id='word_1_52' title='bbox 1133 619 1200 661; x_wconf 82' lang='lat' dir='ltr'>vel</span> <span class='ocrx_word' id='word_1_53' title='bbox 1222 626 1526 671; x_wconf 75' lang='lat' dir='ltr'>consentlant‚</span> <span class='ocrx_word' id='word_1_54' title='bbox 1549 620 1620 662; x_wconf 89' lang='lat' dir='ltr'>vel</span> <span class='ocrx_word' id='word_1_55' title='bbox 1637 618 1818 661; x_wconf 90' lang='lat' dir='ltr'>omnino</span> <span class='ocrx_word' id='word_1_56' title='bbox 1837 631 1925 660; x_wconf 91' lang='lat' dir='ltr'>non</span> 
     </span>
     <span class='ocr_line' id='line_1_7' title="bbox 293 694 1926 752; baseline -0.002 -12"><span class='ocrx_word' id='word_1_57' title='bbox 293 699 560 742; x_wconf 75' lang='lat' dir='ltr'>dissentiant</span> <span class='ocrx_word' id='word_1_58' title='bbox 586 704 813 752; x_wconf 78' lang='lat' dir='ltr'>parentes,</span> <span class='ocrx_word' id='word_1_59' title='bbox 834 695 1000 751; x_wconf 88' lang='lat' dir='ltr'>poterit</span> <span class='ocrx_word' id='word_1_60' title='bbox 1019 695 1173 750; x_wconf 84' lang='lat' dir='ltr'>recipi.</span> <span class='ocrx_word' id='word_1_61' title='bbox 1197 697 1299 738; x_wconf 92' lang='lat' dir='ltr'>Hoc</span> <span class='ocrx_word' id='word_1_62' title='bbox 1323 695 1592 752; x_wconf 77' lang='lat' dir='ltr'>intelligitur</span> <span class='ocrx_word' id='word_1_63' title='bbox 1613 696 1651 738; x_wconf 85' lang='lat' dir='ltr'>si</span> <span class='ocrx_word' id='word_1_64' title='bbox 1674 695 1763 738; x_wconf 85' lang='lat' dir='ltr'>sint</span> <span class='ocrx_word' id='word_1_65' title='bbox 1786 694 1926 737; x_wconf 83' lang='lat' dir='ltr'>nostri</span> 
     </span>
    </p>
   </div>
   <div class='ocr_carea' id='block_1_3' title="bbox 294 772 1998 828">
    <p class='ocr_par' dir='ltr' id='par_1_4' title="bbox 294 772 1998 828">
     <span class='ocr_line' id='line_1_8' title="bbox 294 772 1998 828; baseline -0.003 -10"><span class='ocrx_word' id='word_1_66' title='bbox 294 774 567 825; x_wconf 69' lang='lat' dir='ltr'>scholastici,</span> <span class='ocrx_word' id='word_1_67' title='bbox 595 772 858 828; x_wconf 87' lang='lat' dir='ltr'>praesertim</span> <span class='ocrx_word' id='word_1_68' title='bbox 883 786 973 814; x_wconf 89' lang='lat' dir='ltr'>non</span> <span class='ocrx_word' id='word_1_69' title='bbox 997 773 1129 827; x_wconf 88' lang='lat' dir='ltr'>plane</span> <span class='ocrx_word' id='word_1_70' title='bbox 1153 772 1310 814; x_wconf 91' lang='lat' dir='ltr'>adulti.</span> <span class='ocrx_word' id='word_1_71' title='bbox 1335 773 1472 827; x_wconf 73' lang='lat' dir='ltr'>Quod</span> <span class='ocrx_word' id='word_1_72' title='bbox 1489 772 1526 815; x_wconf 90' lang='lat' dir='ltr'>si</span> <span class='ocrx_word' id='word_1_73' title='bbox 1545 787 1700 816; x_wconf 89' lang='lat' dir='ltr'>eorum</span> <span class='ocrx_word' id='word_1_74' title='bbox 1719 779 1928 828; x_wconf 87' lang='lat' dir='ltr'>parentes</span> <span class='ocrx_word' id='word_1_75' title='bbox 1992 791 1998 802; x_wconf 62' lang='grc' dir='ltr'><em>ι</em></span> 
     </span>
    </p>
   </div>
   <div class='ocr_carea' id='block_1_4' title="bbox 293 848 1934 2280">
    <p class='ocr_par' dir='ltr' id='par_1_5' title="bbox 293 848 1930 1368">
     <span class='ocr_line' id='line_1_9' title="bbox 294 848 1927 902; baseline -0.002 -8"><span class='ocrx_word' id='word_1_76' title='bbox 294 853 364 895; x_wconf 88' lang='lat' dir='ltr'>vel</span> <span class='ocrx_word' id='word_1_77' title='bbox 389 859 562 894; x_wconf 83' lang='lat' dir='ltr'>tutores</span> <span class='ocrx_word' id='word_1_78' title='bbox 585 865 674 892; x_wconf 90' lang='lat' dir='ltr'>non</span> <span class='ocrx_word' id='word_1_79' title='bbox 700 856 853 893; x_wconf 82' lang='lat' dir='ltr'>essent</span> <span class='ocrx_word' id='word_1_80' title='bbox 876 849 947 892; x_wconf 87' lang='grc'>501</span> <span class='ocrx_word' id='word_1_81' title='bbox 968 849 1198 900; x_wconf 77' lang='lat' dir='ltr'>catholici,</span> <span class='ocrx_word' id='word_1_82' title='bbox 1226 850 1335 891; x_wconf 85' lang='lat' dir='ltr'>Vtin</span> <span class='ocrx_word' id='word_1_83' title='bbox 1354 849 1616 902; x_wconf 81' lang='lat' dir='ltr'>Germania,</span> <span class='ocrx_word' id='word_1_84' title='bbox 1636 848 1927 900; x_wconf 81' lang='lat' dir='ltr'>Gallia,·con-</span> 
     </span>
     <span class='ocr_line' id='line_1_10' title="bbox 295 924 1927 985; baseline -0.002 -14"><span class='ocrx_word' id='word_1_85' title='bbox 295 929 471 985; x_wconf 86' lang='lat' dir='ltr'>tingere</span> <span class='ocrx_word' id='word_1_86' title='bbox 496 935 659 983; x_wconf 84' lang='lat' dir='ltr'>potest,</span> <span class='ocrx_word' id='word_1_87' title='bbox 681 935 725 970; x_wconf 89' lang='lat' dir='ltr'>et</span> <span class='ocrx_word' id='word_1_88' title='bbox 746 926 982 970; x_wconf 78' lang='lat' dir='ltr'>timeretur</span> <span class='ocrx_word' id='word_1_89' title='bbox 1004 926 1217 970; x_wconf 92' lang='lat' dir='ltr'>iuuenem</span> <span class='ocrx_word' id='word_1_90' title='bbox 1242 940 1342 970; x_wconf 88' lang='lat' dir='ltr'>esse</span> <span class='ocrx_word' id='word_1_91' title='bbox 1365 926 1411 968; x_wconf 86' lang='lat' dir='ltr'>in</span> <span class='ocrx_word' id='word_1_92' title='bbox 1433 927 1649 982; x_wconf 87' lang='lat' dir='ltr'>periculo,</span> <span class='ocrx_word' id='word_1_93' title='bbox 1671 926 1806 969; x_wconf 89' lang='lat' dir='ltr'>etiam</span> <span class='ocrx_word' id='word_1_94' title='bbox 1824 924 1927 968; x_wconf 92' lang='lat' dir='ltr'>fidei</span> 
     </span>
     <span class='ocr_line' id='line_1_11' title="bbox 294 1002 1925 1061; baseline -0.002 -14"><span class='ocrx_word' id='word_1_95' title='bbox 294 1006 450 1061; x_wconf 71' lang='lat' dir='ltr'>ipsius,</span> <span class='ocrx_word' id='word_1_96' title='bbox 483 1005 566 1046; x_wconf 80' lang='lat' dir='ltr'>nisi</span> <span class='ocrx_word' id='word_1_97' title='bbox 598 1004 891 1060; x_wconf 81' lang='lat' dir='ltr'>reciperetur,</span> <span class='ocrx_word' id='word_1_98' title='bbox 930 1004 1070 1059; x_wconf 83' lang='lat' dir='ltr'>possit</span> <span class='ocrx_word' id='word_1_99' title='bbox 1109 1003 1264 1047; x_wconf 87' lang='lat' dir='ltr'>referri</span> <span class='ocrx_word' id='word_1_100' title='bbox 1295 1003 1537 1059; x_wconf 85' lang='lat' dir='ltr'>negocium</span> <span class='ocrx_word' id='word_1_101' title='bbox 1572 1005 1628 1046; x_wconf 90' lang='lat' dir='ltr'>ad</span> <span class='ocrx_word' id='word_1_102' title='bbox 1661 1002 1925 1059; x_wconf 88' lang='lat' dir='ltr'>principem,</span> 
     </span>
     <span class='ocr_line' id='line_1_12' title="bbox 296 1079 1928 1137; baseline -0.002 -13"><span class='ocrx_word' id='word_1_103' title='bbox 296 1083 567 1124; x_wconf 88' lang='lat' dir='ltr'>catholicum</span> <span class='ocrx_word' id='word_1_104' title='bbox 594 1081 783 1134; x_wconf 85' lang='lat' dir='ltr'>scilicet,</span> <span class='ocrx_word' id='word_1_105' title='bbox 810 1088 854 1122; x_wconf 92' lang='lat' dir='ltr'>et</span> <span class='ocrx_word' id='word_1_106' title='bbox 878 1095 1014 1135; x_wconf 84' lang='lat' dir='ltr'>agere</span> <span class='ocrx_word' id='word_1_107' title='bbox 1038 1089 1086 1122; x_wconf 87' lang='lat' dir='ltr'>vt</span> <span class='ocrx_word' id='word_1_108' title='bbox 1110 1080 1247 1136; x_wconf 86' lang='lat' dir='ltr'>recipi</span> <span class='ocrx_word' id='word_1_109' title='bbox 1272 1081 1412 1137; x_wconf 79' lang='lat' dir='ltr'>possit</span> <span class='ocrx_word' id='word_1_110' title='bbox 1435 1079 1467 1124; x_wconf 75' lang='lat' dir='ltr'>b.</span> <span class='ocrx_word' id='word_1_111' title='bbox 1496 1082 1552 1123; x_wconf 86' lang='lat' dir='ltr'>Et</span> <span class='ocrx_word' id='word_1_112' title='bbox 1574 1081 1611 1124; x_wconf 92' lang='lat' dir='ltr'>si</span> <span class='ocrx_word' id='word_1_113' title='bbox 1635 1082 1719 1123; x_wconf 86' lang='lat' dir='ltr'>hac</span> <span class='ocrx_word' id='word_1_114' title='bbox 1743 1079 1816 1122; x_wconf 87' lang='lat' dir='ltr'>via</span> <span class='ocrx_word' id='word_1_115' title='bbox 1838 1093 1928 1122; x_wconf 88' lang='lat' dir='ltr'>non</span> 
     </span>
     <span class='ocr_line' id='line_1_13' title="bbox 295 1156 1930 1214; baseline -0.002 -12"><span class='ocrx_word' id='word_1_116' title='bbox 295 1160 578 1210; x_wconf 81' lang='lat' dir='ltr'>succederet,</span> <span class='ocrx_word' id='word_1_117' title='bbox 605 1158 689 1201; x_wconf 84' lang='lat' dir='ltr'>alia</span> <span class='ocrx_word' id='word_1_118' title='bbox 713 1165 833 1201; x_wconf 89' lang='lat' dir='ltr'>esset</span> <span class='ocrx_word' id='word_1_119' title='bbox 857 1159 1090 1201; x_wconf 88' lang='lat' dir='ltr'>tentanda:</span> <span class='ocrx_word' id='word_1_120' title='bbox 1118 1158 1203 1200; x_wconf 89' lang='lat' dir='ltr'>alia</span> <span class='ocrx_word' id='word_1_121' title='bbox 1226 1158 1360 1202; x_wconf 89' lang='lat' dir='ltr'>etiam</span> <span class='ocrx_word' id='word_1_122' title='bbox 1379 1158 1656 1214; x_wconf 87' lang='lat' dir='ltr'>exploranda</span> <span class='ocrx_word' id='word_1_123' title='bbox 1673 1164 1792 1200; x_wconf 89' lang='lat' dir='ltr'>esset</span> <span class='ocrx_word' id='word_1_124' title='bbox 1813 1156 1930 1199; x_wconf 88' lang='lat' dir='ltr'>inter</span> 
     </span>
     <span class='ocr_line' id='line_1_14' title="bbox 293 1233 1930 1290; baseline -0.001 -12"><span class='ocrx_word' id='word_1_125' title='bbox 293 1235 555 1286; x_wconf 88' lang='lat' dir='ltr'>catholicos,</span> <span class='ocrx_word' id='word_1_126' title='bbox 582 1235 618 1276; x_wconf 84' lang='lat' dir='ltr'>si</span> <span class='ocrx_word' id='word_1_127' title='bbox 649 1249 900 1278; x_wconf 86' lang='lat' dir='ltr'>consensus</span> <span class='ocrx_word' id='word_1_128' title='bbox 929 1249 1019 1277; x_wconf 92' lang='lat' dir='ltr'>non</span> <span class='ocrx_word' id='word_1_129' title='bbox 1049 1245 1201 1290; x_wconf 84' lang='lat' dir='ltr'>posset</span> <span class='ocrx_word' id='word_1_130' title='bbox 1231 1249 1256 1277; x_wconf 90' lang='lat' dir='ltr'>a</span> <span class='ocrx_word' id='word_1_131' title='bbox 1291 1234 1552 1290; x_wconf 87' lang='lat' dir='ltr'>parentibus</span> <span class='ocrx_word' id='word_1_132' title='bbox 1591 1235 1663 1278; x_wconf 87' lang='lat' dir='ltr'>vel</span> <span class='ocrx_word' id='word_1_133' title='bbox 1702 1233 1930 1276; x_wconf 89' lang='lat' dir='ltr'>tutoribus</span> 
     </span>
     <span class='ocr_line' id='line_1_15' title="bbox 294 1311 1688 1368; baseline -0.002 -11"><span class='ocrx_word' id='word_1_134' title='bbox 294 1313 566 1368; x_wconf 83' lang='lat' dir='ltr'>extorqueri,</span> <span class='ocrx_word' id='word_1_135' title='bbox 590 1311 793 1354; x_wconf 86' lang='lat' dir='ltr'>adhibita</span> <span class='ocrx_word' id='word_1_136' title='bbox 816 1312 968 1368; x_wconf 82' lang='lat' dir='ltr'>sagaci</span> <span class='ocrx_word' id='word_1_137' title='bbox 994 1312 1142 1367; x_wconf 88' lang='lat' dir='ltr'>aliqua</span> <span class='ocrx_word' id='word_1_138' title='bbox 1165 1311 1386 1354; x_wconf 88' lang='lat' dir='ltr'>industria</span> <span class='ocrx_word' id='word_1_139' title='bbox 1409 1311 1453 1354; x_wconf 92' lang='lat' dir='ltr'>in</span> <span class='ocrx_word' id='word_1_140' title='bbox 1476 1312 1688 1354; x_wconf 90' lang='lat' dir='ltr'>Domino.</span> 
     </span>
    </p>

    <p class='ocr_par' dir='ltr' id='par_1_6' title="bbox 294 1388 1934 2280">
     <span class='ocr_line' id='line_1_16' title="bbox 385 1388 1931 1445; baseline -0.002 -12"><span class='ocrx_word' id='word_1_141' title='bbox 385 1388 825 1433; x_wconf 87' lang='lat' dir='ltr'>Decimumtertium.</span> <span class='ocrx_word' id='word_1_142' title='bbox 892 1390 962 1431; x_wconf 84' lang='lat' dir='ltr'>Ad</span> <span class='ocrx_word' id='word_1_143' title='bbox 994 1390 1230 1445; x_wconf 80' lang='lat' dir='ltr'>superiora</span> <span class='ocrx_word' id='word_1_144' title='bbox 1259 1389 1369 1432; x_wconf 90' lang='lat' dir='ltr'>illud</span> <span class='ocrx_word' id='word_1_145' title='bbox 1400 1399 1469 1432; x_wconf 87' lang='lat' dir='ltr'>est</span> <span class='ocrx_word' id='word_1_146' title='bbox 1497 1390 1772 1440; x_wconf 90' lang='lat' dir='ltr'>addendum,</span> <span class='ocrx_word' id='word_1_147' title='bbox 1799 1402 1931 1444; x_wconf 87' lang='lat' dir='ltr'>posse</span> 
     </span>
     <span class='ocr_line' id='line_1_17' title="bbox 294 1466 1929 1522; baseline -0.002 -12"><span class='ocrx_word' id='word_1_148' title='bbox 294 1483 392 1517; x_wconf 89' lang='lat' dir='ltr'>nos,</span> <span class='ocrx_word' id='word_1_149' title='bbox 415 1467 487 1509; x_wconf 84' lang='lat' dir='ltr'>vbi</span> <span class='ocrx_word' id='word_1_150' title='bbox 506 1466 590 1521; x_wconf 81' lang='lat' dir='ltr'>aliq</span> <span class='ocrx_word' id='word_1_151' title='bbox 602 1466 667 1508; x_wconf 87' lang='lat' dir='ltr'>uis</span> <span class='ocrx_word' id='word_1_152' title='bbox 686 1476 958 1518; x_wconf 88' lang='lat' dir='ltr'>occurreret,</span> <span class='ocrx_word' id='word_1_153' title='bbox 980 1482 1114 1522; x_wconf 88' lang='lat' dir='ltr'>quem</span> <span class='ocrx_word' id='word_1_154' title='bbox 1139 1467 1443 1510; x_wconf 89' lang='lat' dir='ltr'>iudicaremus</span> <span class='ocrx_word' id='word_1_155' title='bbox 1467 1468 1561 1510; x_wconf 86' lang='lat' dir='ltr'>fore</span> <span class='ocrx_word' id='word_1_156' title='bbox 1579 1467 1635 1510; x_wconf 91' lang='lat' dir='ltr'>ad</span> <span class='ocrx_word' id='word_1_157' title='bbox 1654 1466 1929 1511; x_wconf 87' lang='lat' dir='ltr'>Societatem</span> 
     </span>
     <span class='ocr_line' id='line_1_18' title="bbox 296 1543 1931 1601; baseline -0.002 -14"><span class='ocrx_word' id='word_1_158' title='bbox 296 1552 467 1601; x_wconf 84' lang='lat' dir='ltr'>aptum,</span> <span class='ocrx_word' id='word_1_159' title='bbox 493 1553 538 1586; x_wconf 91' lang='lat' dir='ltr'>et</span> <span class='ocrx_word' id='word_1_160' title='bbox 561 1559 672 1599; x_wconf 90' lang='lat' dir='ltr'>puer</span> <span class='ocrx_word' id='word_1_161' title='bbox 696 1559 789 1586; x_wconf 91' lang='lat' dir='ltr'>non</span> <span class='ocrx_word' id='word_1_162' title='bbox 812 1552 948 1595; x_wconf 81' lang='lat' dir='ltr'>esset,</span> <span class='ocrx_word' id='word_1_163' title='bbox 975 1543 1011 1586; x_wconf 92' lang='lat' dir='ltr'>si</span> <span class='ocrx_word' id='word_1_164' title='bbox 1035 1544 1122 1587; x_wconf 88' lang='lat' dir='ltr'>iam</span> <span class='ocrx_word' id='word_1_165' title='bbox 1147 1544 1301 1586; x_wconf 88' lang='lat' dir='ltr'>adulta</span> <span class='ocrx_word' id='word_1_166' title='bbox 1323 1552 1486 1596; x_wconf 87' lang='lat' dir='ltr'>aetate,</span> <span class='ocrx_word' id='word_1_167' title='bbox 1512 1551 1557 1586; x_wconf 92' lang='lat' dir='ltr'>et</span> <span class='ocrx_word' id='word_1_168' title='bbox 1575 1543 1662 1586; x_wconf 92' lang='lat' dir='ltr'>alio</span> <span class='ocrx_word' id='word_1_169' title='bbox 1685 1550 1818 1600; x_wconf 89' lang='lat' dir='ltr'>pacto</span> <span class='ocrx_word' id='word_1_170' title='bbox 1841 1556 1931 1585; x_wconf 90' lang='lat' dir='ltr'>non</span> 
     </span>
     <span class='ocr_line' id='line_1_19' title="bbox 297 1619 1932 1676; baseline -0.002 -12"><span class='ocrx_word' id='word_1_171' title='bbox 297 1622 527 1666; x_wconf 90' lang='lat' dir='ltr'>videretur</span> <span class='ocrx_word' id='word_1_172' title='bbox 550 1621 713 1663; x_wconf 87' lang='lat' dir='ltr'>adduci</span> <span class='ocrx_word' id='word_1_173' title='bbox 739 1636 870 1676; x_wconf 81' lang='lat' dir='ltr'>posse</span> <span class='ocrx_word' id='word_1_174' title='bbox 893 1622 949 1663; x_wconf 91' lang='lat' dir='ltr'>ad</span> <span class='ocrx_word' id='word_1_175' title='bbox 972 1621 1263 1673; x_wconf 88' lang='lat' dir='ltr'>Societatem,</span> <span class='ocrx_word' id='word_1_176' title='bbox 1285 1621 1347 1663; x_wconf 90' lang='lat' dir='ltr'>illi</span> <span class='ocrx_word' id='word_1_177' title='bbox 1365 1620 1701 1665; x_wconf 89' lang='lat' dir='ltr'>communicare</span> <span class='ocrx_word' id='word_1_178' title='bbox 1719 1619 1932 1665; x_wconf 86' lang='lat' dir='ltr'>exercitia</span> 
     </span>
     <span class='ocr_line' id='line_1_20' title="bbox 297 1697 1932 1755; baseline -0.002 -13"><span class='ocrx_word' id='word_1_179' title='bbox 297 1698 546 1755; x_wconf 84' lang='lat' dir='ltr'>spiritualia</span> <span class='ocrx_word' id='word_1_180' title='bbox 570 1713 673 1740; x_wconf 91' lang='lat' dir='ltr'>cum</span> <span class='ocrx_word' id='word_1_181' title='bbox 698 1699 1015 1750; x_wconf 89' lang='lat' dir='ltr'>electionibus,</span> <span class='ocrx_word' id='word_1_182' title='bbox 1042 1698 1087 1740; x_wconf 91' lang='lat' dir='ltr'>in</span> <span class='ocrx_word' id='word_1_183' title='bbox 1117 1698 1284 1753; x_wconf 89' lang='lat' dir='ltr'>quibus</span> <span class='ocrx_word' id='word_1_184' title='bbox 1313 1706 1432 1742; x_wconf 82' lang='lat' dir='ltr'>esset</span> <span class='ocrx_word' id='word_1_185' title='bbox 1461 1698 1545 1754; x_wconf 87' lang='lat' dir='ltr'>ipsi</span> <span class='ocrx_word' id='word_1_186' title='bbox 1577 1697 1838 1754; x_wconf 84' lang='lat' dir='ltr'>eligendum</span> <span class='ocrx_word' id='word_1_187' title='bbox 1876 1697 1932 1738; x_wconf 90' lang='lat' dir='ltr'>de</span> 
     </span>
     <span class='ocr_line' id='line_1_21' title="bbox 295 1774 1932 1830; baseline -0.001 -11"><span class='ocrx_word' id='word_1_188' title='bbox 295 1785 416 1819; x_wconf 75' lang='lat' dir='ltr'>statu</span> <span class='ocrx_word' id='word_1_189' title='bbox 442 1776 560 1819; x_wconf 89' lang='lat' dir='ltr'>vitae</span> <span class='ocrx_word' id='word_1_190' title='bbox 583 1791 707 1819; x_wconf 86' lang='lat' dir='ltr'>suae.</span> <span class='ocrx_word' id='word_1_191' title='bbox 736 1777 868 1820; x_wconf 87' lang='lat' dir='ltr'>Esset</span> <span class='ocrx_word' id='word_1_192' title='bbox 890 1774 997 1819; x_wconf 89' lang='lat' dir='ltr'>item</span> <span class='ocrx_word' id='word_1_193' title='bbox 1022 1775 1129 1820; x_wconf 84' lang='lat' dir='ltr'>vtile</span> <span class='ocrx_word' id='word_1_194' title='bbox 1153 1775 1267 1828; x_wconf 91' lang='lat' dir='ltr'>aliis,</span> <span class='ocrx_word' id='word_1_195' title='bbox 1287 1790 1403 1830; x_wconf 91' lang='lat' dir='ltr'>quos</span> <span class='ocrx_word' id='word_1_196' title='bbox 1426 1777 1482 1818; x_wconf 92' lang='lat' dir='ltr'>ad</span> <span class='ocrx_word' id='word_1_197' title='bbox 1505 1777 1628 1818; x_wconf 90' lang='lat' dir='ltr'>hunc</span> <span class='ocrx_word' id='word_1_198' title='bbox 1651 1789 1838 1830; x_wconf 89' lang='lat' dir='ltr'>scopum</span> <span class='ocrx_word' id='word_1_199' title='bbox 1855 1789 1932 1818; x_wconf 88' lang='lat' dir='ltr'>ve-</span> 
     </span>
     <span class='ocr_line' id='line_1_22' title="bbox 296 1851 1933 1905; baseline 0 -11"><span class='ocrx_word' id='word_1_200' title='bbox 296 1853 369 1894; x_wconf 90' lang='lat' dir='ltr'>lim</span> <span class='ocrx_word' id='word_1_201' title='bbox 380 1868 428 1895; x_wconf 71' lang='lat' dir='ltr'>us</span> <span class='ocrx_word' id='word_1_202' title='bbox 452 1853 626 1905; x_wconf 89' lang='lat' dir='ltr'>iuuare,</span> <span class='ocrx_word' id='word_1_203' title='bbox 654 1861 701 1894; x_wconf 85' lang='lat' dir='ltr'>vt</span> <span class='ocrx_word' id='word_1_204' title='bbox 724 1852 811 1896; x_wconf 81' lang='lat' dir='ltr'>illis</span> <span class='ocrx_word' id='word_1_205' title='bbox 833 1854 1174 1897; x_wconf 89' lang='lat' dir='ltr'>consuleremus</span> <span class='ocrx_word' id='word_1_206' title='bbox 1198 1867 1281 1895; x_wconf 91' lang='lat' dir='ltr'>suo</span> <span class='ocrx_word' id='word_1_207' title='bbox 1304 1854 1404 1895; x_wconf 93' lang='lat' dir='ltr'>loco</span> <span class='ocrx_word' id='word_1_208' title='bbox 1422 1853 1660 1896; x_wconf 90' lang='lat' dir='ltr'>commode</span> <span class='ocrx_word' id='word_1_209' title='bbox 1679 1851 1766 1895; x_wconf 80' lang='lat'>5⁰2</span> <span class='ocrx_word' id='word_1_210' title='bbox 1785 1852 1933 1894; x_wconf 90' lang='lat' dir='ltr'>facere</span> 
     </span>
     <span class='ocr_line' id='line_1_23' title="bbox 294 1928 1928 1986; baseline -0.002 -14"><span class='ocrx_word' id='word_1_211' title='bbox 294 1930 625 1973; x_wconf 89' lang='lat' dir='ltr'>confessionem</span> <span class='ocrx_word' id='word_1_212' title='bbox 651 1930 910 1986; x_wconf 83' lang='lat' dir='ltr'>generalem</span> <span class='ocrx_word' id='word_1_213' title='bbox 935 1929 1136 1972; x_wconf 91' lang='lat' dir='ltr'>omnium</span> <span class='ocrx_word' id='word_1_214' title='bbox 1161 1929 1303 1972; x_wconf 90' lang='lat' dir='ltr'>totius</span> <span class='ocrx_word' id='word_1_215' title='bbox 1325 1930 1444 1972; x_wconf 82' lang='lat' dir='ltr'>vitae</span> <span class='ocrx_word' id='word_1_216' title='bbox 1462 1936 1754 1986; x_wconf 88' lang='lat' dir='ltr'>peccatorum</span> <span class='ocrx_word' id='word_1_217' title='bbox 1772 1928 1928 1980; x_wconf 88' lang='lat' dir='ltr'>semel;</span> 
     </span>
     <span class='ocr_line' id='line_1_24' title="bbox 297 2005 1933 2061; baseline -0.001 -12"><span class='ocrx_word' id='word_1_218' title='bbox 297 2016 341 2049; x_wconf 87' lang='lat' dir='ltr'>et</span> <span class='ocrx_word' id='word_1_219' title='bbox 372 2022 464 2049; x_wconf 79' lang='lat' dir='ltr'>non</span> <span class='ocrx_word' id='word_1_220' title='bbox 496 2007 726 2049; x_wconf 85' lang='lat' dir='ltr'>videretur</span> <span class='ocrx_word' id='word_1_221' title='bbox 759 2007 974 2059; x_wconf 87' lang='lat' dir='ltr'>alienum,</span> <span class='ocrx_word' id='word_1_222' title='bbox 1006 2007 1043 2049; x_wconf 86' lang='lat' dir='ltr'>si</span> <span class='ocrx_word' id='word_1_223' title='bbox 1077 2007 1164 2050; x_wconf 93' lang='lat' dir='ltr'>illis</span> <span class='ocrx_word' id='word_1_224' title='bbox 1200 2007 1480 2050; x_wconf 86' lang='lat' dir='ltr'>traderemus</span> <span class='ocrx_word' id='word_1_225' title='bbox 1513 2005 1726 2050; x_wconf 86' lang='lat' dir='ltr'>exercitia</span> <span class='ocrx_word' id='word_1_226' title='bbox 1764 2005 1933 2061; x_wconf 89' lang='lat' dir='ltr'>primae</span> 
     </span>
     <span class='ocr_line' id='line_1_25' title="bbox 297 2084 1934 2139; baseline -0.002 -13"><span class='ocrx_word' id='word_1_227' title='bbox 297 2084 609 2135; x_wconf 81' lang='lat' dir='ltr'>hebdomadis,</span> <span class='ocrx_word' id='word_1_228' title='bbox 636 2092 680 2127; x_wconf 91' lang='lat' dir='ltr'>et</span> <span class='ocrx_word' id='word_1_229' title='bbox 704 2085 921 2139; x_wconf 87' lang='lat' dir='ltr'>pauculas</span> <span class='ocrx_word' id='word_1_230' title='bbox 945 2084 1279 2136; x_wconf 87' lang='lat' dir='ltr'>meditationes,</span> <span class='ocrx_word' id='word_1_231' title='bbox 1313 2084 1438 2126; x_wconf 87' lang='lat' dir='ltr'>iuxta</span> <span class='ocrx_word' id='word_1_232' title='bbox 1467 2098 1536 2135; x_wconf 86' lang='lat' dir='ltr'>ea,</span> <span class='ocrx_word' id='word_1_233' title='bbox 1571 2097 1688 2138; x_wconf 90' lang='lat' dir='ltr'>quae</span> <span class='ocrx_word' id='word_1_234' title='bbox 1717 2088 1934 2125; x_wconf 89' lang='lat' dir='ltr'>notantur</span> 
     </span>
     <span class='ocr_line' id='line_1_26' title="bbox 295 2157 1933 2217; baseline 0 -16"><span class='ocrx_word' id='word_1_235' title='bbox 295 2161 339 2202; x_wconf 88' lang='lat' dir='ltr'>in</span> <span class='ocrx_word' id='word_1_236' title='bbox 371 2161 538 2203; x_wconf 86' lang='lat' dir='ltr'>vltimis</span> <span class='ocrx_word' id='word_1_237' title='bbox 567 2161 792 2216; x_wconf 80' lang='lat' dir='ltr'>capitibus</span> <span class='ocrx_word' id='word_1_238' title='bbox 826 2161 1071 2217; x_wconf 87' lang='lat' dir='ltr'>primarum</span> <span class='ocrx_word' id='word_1_239' title='bbox 1111 2161 1455 2204; x_wconf 86' lang='lat' dir='ltr'>annotationum</span> <span class='ocrx_word' id='word_1_240' title='bbox 1493 2157 1811 2204; x_wconf 68' lang='lat' dir='ltr'>eiercitiorum</span> <span class='ocrx_word' id='word_1_241' title='bbox 1849 2172 1933 2201; x_wconf 92' lang='lat' dir='ltr'>no-</span> 
     </span>
     <span class='ocr_line' id='line_1_27' title="bbox 296 2246 509 2280; baseline 0 0"><span class='ocrx_word' id='word_1_242' title='bbox 296 2246 509 2280; x_wconf 87' lang='lat' dir='ltr'>strorum.</span> 
     </span>
    </p>
   </div>
   <div class='ocr_carea' id='block_1_5' title="bbox 376 2369 1855 2402">
    <p class='ocr_par' dir='ltr' id='par_1_7' title="bbox 376 2369 1855 2402">
     <span class='ocr_line' id='line_1_28' title="bbox 376 2369 1855 2402; baseline 0 -3"><span class='ocrx_word' id='word_1_243' title='bbox 376 2371 438 2400; x_wconf 85' lang='lat' dir='ltr'>DE</span> <span class='ocrx_word' id='word_1_244' title='bbox 472 2371 934 2401; x_wconf 79' lang='lat' dir='ltr'>EXHORTATIONIBUS</span> <span class='ocrx_word' id='word_1_245' title='bbox 969 2372 1028 2401; x_wconf 85' lang='lat' dir='ltr'>ET</span> <span class='ocrx_word' id='word_1_246' title='bbox 1063 2371 1451 2402; x_wconf 80' lang='lat' dir='ltr'>COLLATIONIBUS</span> <span class='ocrx_word' id='word_1_247' title='bbox 1487 2369 1855 2401; x_wconf 85' lang='lat' dir='ltr'>SPIRITUALIBUS</span> 
     </span>
    </p>
   </div>
   <div class='ocr_carea' id='block_1_6' title="bbox 297 2467 1937 2911">
    <p class='ocr_par' dir='ltr' id='par_1_8' title="bbox 297 2467 1935 2680">
     <span class='ocr_line' id='line_1_29' title="bbox 391 2467 1931 2527; baseline -0.002 -15"><span class='ocrx_word' id='word_1_248' title='bbox 391 2469 657 2512; x_wconf 86' lang='lat' dir='ltr'>Exhortatio</span> <span class='ocrx_word' id='word_1_249' title='bbox 682 2471 903 2512; x_wconf 88' lang='lat' dir='ltr'>habeatur</span> <span class='ocrx_word' id='word_1_250' title='bbox 927 2472 1085 2513; x_wconf 87' lang='lat' dir='ltr'>saltem</span> <span class='ocrx_word' id='word_1_251' title='bbox 1110 2471 1304 2527; x_wconf 89' lang='lat' dir='ltr'>singulis</span> <span class='ocrx_word' id='word_1_252' title='bbox 1326 2471 1559 2515; x_wconf 90' lang='lat' dir='ltr'>mensibus</span> <span class='ocrx_word' id='word_1_253' title='bbox 1582 2471 1638 2512; x_wconf 90' lang='lat' dir='ltr'>de</span> <span class='ocrx_word' id='word_1_254' title='bbox 1660 2467 1931 2520; x_wconf 88' lang='lat' dir='ltr'>obedientia;</span> 
     </span>
     <span class='ocr_line' id='line_1_30' title="bbox 301 2545 1935 2603; baseline -0.002 -12"><span class='ocrx_word' id='word_1_255' title='bbox 301 2562 399 2591; x_wconf 90' lang='lat' dir='ltr'>eam</span> <span class='ocrx_word' id='word_1_256' title='bbox 425 2554 575 2590; x_wconf 88' lang='lat' dir='ltr'>autem</span> <span class='ocrx_word' id='word_1_257' title='bbox 600 2548 766 2590; x_wconf 91' lang='lat' dir='ltr'>habeat</span> <span class='ocrx_word' id='word_1_258' title='bbox 787 2548 857 2589; x_wconf 87' lang='lat' dir='ltr'>vel</span> <span class='ocrx_word' id='word_1_259' title='bbox 882 2548 1087 2603; x_wconf 80' lang='lat' dir='ltr'>superior</span> <span class='ocrx_word' id='word_1_260' title='bbox 1109 2549 1286 2600; x_wconf 91' lang='lat' dir='ltr'>domus,</span> <span class='ocrx_word' id='word_1_261' title='bbox 1313 2549 1384 2590; x_wconf 85' lang='lat' dir='ltr'>vel</span> <span class='ocrx_word' id='word_1_262' title='bbox 1407 2547 1537 2600; x_wconf 90' lang='lat' dir='ltr'>alius,</span> <span class='ocrx_word' id='word_1_263' title='bbox 1564 2560 1698 2602; x_wconf 87' lang='lat' dir='ltr'>quem</span> <span class='ocrx_word' id='word_1_264' title='bbox 1716 2545 1789 2589; x_wconf 93' lang='lat' dir='ltr'>ille</span> <span class='ocrx_word' id='word_1_265' title='bbox 1811 2545 1935 2588; x_wconf 89' lang='lat' dir='ltr'>dele-</span> 
     </span>
     <span class='ocr_line' id='line_1_31' title="bbox 297 2624 1467 2680; baseline 0.001 -14"><span class='ocrx_word' id='word_1_266' title='bbox 297 2624 431 2680; x_wconf 86' lang='lat' dir='ltr'>gerit,</span> <span class='ocrx_word' id='word_1_267' title='bbox 458 2624 534 2679; x_wconf 92' lang='lat' dir='ltr'>qui</span> <span class='ocrx_word' id='word_1_268' title='bbox 559 2624 676 2667; x_wconf 88' lang='lat' dir='ltr'>inter</span> <span class='ocrx_word' id='word_1_269' title='bbox 698 2632 902 2667; x_wconf 91' lang='lat' dir='ltr'>caeteros</span> <span class='ocrx_word' id='word_1_270' title='bbox 926 2625 1025 2679; x_wconf 89' lang='lat' dir='ltr'>plus</span> <span class='ocrx_word' id='word_1_271' title='bbox 1049 2626 1132 2667; x_wconf 89' lang='lat' dir='ltr'>hac</span> <span class='ocrx_word' id='word_1_272' title='bbox 1162 2625 1209 2666; x_wconf 90' lang='lat' dir='ltr'>in</span> <span class='ocrx_word' id='word_1_273' title='bbox 1234 2640 1281 2668; x_wconf 91' lang='lat' dir='ltr'>re</span> <span class='ocrx_word' id='word_1_274' title='bbox 1304 2625 1467 2668; x_wconf 89' lang='lat' dir='ltr'>valeat.</span> 
     </span>
    </p>

    <p class='ocr_par' dir='ltr' id='par_1_9' title="bbox 297 2700 1937 2911">
     <span class='ocr_line' id='line_1_32' title="bbox 388 2700 1936 2758; baseline -0.003 -13"><span class='ocrx_word' id='word_1_275' title='bbox 388 2701 592 2758; x_wconf 85' lang='lat' dir='ltr'>Singulis</span> <span class='ocrx_word' id='word_1_276' title='bbox 614 2700 754 2745; x_wconf 84' lang='lat' dir='ltr'>sextis</span> <span class='ocrx_word' id='word_1_277' title='bbox 774 2701 895 2743; x_wconf 86' lang='lat' dir='ltr'>feriis</span> <span class='ocrx_word' id='word_1_278' title='bbox 913 2703 1136 2745; x_wconf 89' lang='lat' dir='ltr'>habeatur</span> <span class='ocrx_word' id='word_1_279' title='bbox 1155 2701 1414 2744; x_wconf 85' lang='lat' dir='ltr'>exhortatio</span> <span class='ocrx_word' id='word_1_280' title='bbox 1432 2703 1503 2744; x_wconf 90' lang='lat' dir='ltr'>vel</span> <span class='ocrx_word' id='word_1_281' title='bbox 1521 2700 1703 2744; x_wconf 91' lang='lat' dir='ltr'>collatio</span> <span class='ocrx_word' id='word_1_282' title='bbox 1720 2716 1745 2743; x_wconf 92' lang='lat' dir='ltr'>a</span> <span class='ocrx_word' id='word_1_283' title='bbox 1763 2706 1936 2742; x_wconf 90' lang='lat' dir='ltr'>rectore</span> 
     </span>
     <span class='ocr_line' id='line_1_33' title="bbox 297 2777 1934 2833; baseline -0.001 -14"><span class='ocrx_word' id='word_1_284' title='bbox 297 2779 366 2820; x_wconf 82' lang='lat' dir='ltr'>vel</span> <span class='ocrx_word' id='word_1_285' title='bbox 390 2778 476 2820; x_wconf 89' lang='lat' dir='ltr'>alio</span> <span class='ocrx_word' id='word_1_286' title='bbox 499 2777 650 2833; x_wconf 90' lang='lat' dir='ltr'>aliquo</span> <span class='ocrx_word' id='word_1_287' title='bbox 673 2785 704 2830; x_wconf 77' lang='lat'>⁰,</span> <span class='ocrx_word' id='word_1_288' title='bbox 727 2779 781 2820; x_wconf 91' lang='lat' dir='ltr'>ad</span> <span class='ocrx_word' id='word_1_289' title='bbox 801 2780 886 2820; x_wconf 92' lang='lat' dir='ltr'>hoc</span> <span class='ocrx_word' id='word_1_290' title='bbox 904 2779 1098 2831; x_wconf 89' lang='lat' dir='ltr'>delecto,</span> <span class='ocrx_word' id='word_1_291' title='bbox 1121 2785 1164 2822; x_wconf 91' lang='lat' dir='ltr'>et</span> <span class='ocrx_word' id='word_1_292' title='bbox 1189 2779 1266 2820; x_wconf 85' lang='lat' dir='ltr'>siat</span> <span class='ocrx_word' id='word_1_293' title='bbox 1290 2781 1376 2821; x_wconf 90' lang='lat' dir='ltr'>hoc</span> <span class='ocrx_word' id='word_1_294' title='bbox 1402 2780 1550 2821; x_wconf 91' lang='lat' dir='ltr'>modo:</span> <span class='ocrx_word' id='word_1_295' title='bbox 1573 2777 1934 2833; x_wconf 89' lang='lat' dir='ltr'>quotiescunque</span> 
     </span>
     <span class='ocr_line' id='line_1_34' title="bbox 299 2853 1937 2911; baseline -0.002 -14"><span class='ocrx_word' id='word_1_296' title='bbox 299 2855 382 2897; x_wconf 85' lang='lat' dir='ltr'>erit</span> <span class='ocrx_word' id='word_1_297' title='bbox 408 2855 664 2898; x_wconf 83' lang='lat' dir='ltr'>inchoanda</span> <span class='ocrx_word' id='word_1_298' title='bbox 682 2855 831 2911; x_wconf 87' lang='lat' dir='ltr'>aliqua</span> <span class='ocrx_word' id='word_1_299' title='bbox 855 2855 1040 2898; x_wconf 89' lang='lat' dir='ltr'>materia</span> <span class='ocrx_word' id='word_1_300' title='bbox 1064 2855 1108 2897; x_wconf 90' lang='lat' dir='ltr'>in</span> <span class='ocrx_word' id='word_1_301' title='bbox 1133 2855 1223 2899; x_wconf 88' lang='grc'>503</span> <span class='ocrx_word' id='word_1_302' title='bbox 1246 2855 1657 2907; x_wconf 85' lang='lat' dir='ltr'>exhortationibus,</span> <span class='ocrx_word' id='word_1_303' title='bbox 1680 2853 1791 2897; x_wconf 84' lang='lat' dir='ltr'>feria</span> <span class='ocrx_word' id='word_1_304' title='bbox 1809 2860 1937 2895; x_wconf 87' lang='lat' dir='ltr'>sexta</span> 
     </span>
    </p>
   </div>
   <div class='ocr_carea' id='block_1_7' title="bbox 367 3003 1563 3052">
    <p class='ocr_par' dir='ltr' id='par_1_10' title="bbox 367 3003 1563 3052">
     <span class='ocr_line' id='line_1_35' title="bbox 367 3003 1563 3052; baseline -0.001 -13"><span class='ocrx_word' id='word_1_305' title='bbox 367 3017 383 3031; x_wconf 49' lang='grc' dir='ltr'>ῆι</span> <span class='ocrx_word' id='word_1_306' title='bbox 434 3016 534 3050; x_wconf 79' lang='lat' dir='ltr'>quae</span> <span class='ocrx_word' id='word_1_307' title='bbox 554 3017 624 3042; x_wconf 90' lang='lat' dir='ltr'>ms.</span> <span class='ocrx_word' id='word_1_308' title='bbox 679 3006 743 3032; x_wconf 88' lang='lat' dir='ltr'>—b</span> <span class='ocrx_word' id='word_1_309' title='bbox 765 3008 896 3052; x_wconf 74' lang='lat' dir='ltr'>posset</span> <span class='ocrx_word' id='word_1_310' title='bbox 915 3017 988 3041; x_wconf 87' lang='lat' dir='ltr'>ms.</span> <span class='ocrx_word' id='word_1_311' title='bbox 1041 3015 1103 3033; x_wconf 82' lang='lat' dir='ltr'>—c</span> <span class='ocrx_word' id='word_1_312' title='bbox 1130 3005 1213 3040; x_wconf 85' lang='lat' dir='ltr'>alio</span> <span class='ocrx_word' id='word_1_313' title='bbox 1232 3005 1370 3051; x_wconf 83' lang='lat' dir='ltr'>aliquo</span> <span class='ocrx_word' id='word_1_314' title='bbox 1388 3003 1472 3044; x_wconf 79' lang='lat' dir='ltr'>alio</span> <span class='ocrx_word' id='word_1_315' title='bbox 1492 3015 1563 3039; x_wconf 90' lang='lat' dir='ltr'>ms.</span> 
     </span>
    </p>
   </div>
   <div class='ocr_carea' id='block_1_8' title="bbox 1974 0 2028 3426">
    <p class='ocr_par' dir='ltr' id='par_1_11' title="bbox 1974 0 2028 3426">
     <span class='ocr_line' id='line_1_36' title="bbox 1974 0 2028 3426; baseline 0 0"><span class='ocrx_word' id='word_1_316' title='bbox 1974 0 2028 3426; x_wconf 95' lang='lat' dir='ltr'> </span> 
     </span>
    </p>
   </div>
  </div>
 </body>
</html>
