<?xml version="1.0" encoding="UTF-8"?>
<!DOCTYPE html PUBLIC "-//W3C//DTD XHTML 1.0 Transitional//EN"
    "http://www.w3.org/TR/xhtml1/DTD/xhtml1-transitional.dtd">
<html xmlns="http://www.w3.org/1999/xhtml" xml:lang="en" lang="en">
 <head>
  <title>
</title>
<meta http-equiv="Content-Type" content="text/html;charset=utf-8" />
  <meta name='ocr-system' content='tesseract 3.04.00' />
  <meta name='ocr-capabilities' content='ocr_page ocr_carea ocr_par ocr_line ocrx_word'/>
</head>
<body>
  <div class='ocr_page' id='page_1' title='image "./epistolaephieron11nada_0546.png"; bbox 0 0 2028 3426; ppageno 0'>
   <div class='ocr_carea' id='block_1_1' title="bbox 333 205 1406 254">
    <p class='ocr_par' dir='ltr' id='par_1_1' title="bbox 333 205 1406 254">
     <span class='ocr_line' id='line_1_1' title="bbox 333 205 1406 254; baseline 0 -12"><span class='ocrx_word' id='word_1_1' title='bbox 333 217 401 254; x_wconf 85' lang='lat'>5²0</span> <span class='ocrx_word' id='word_1_2' title='bbox 805 208 960 243; x_wconf 73' lang='lat' dir='ltr'>PArms</span> <span class='ocrx_word' id='word_1_3' title='bbox 985 207 1229 242; x_wconf 68' lang='lat' dir='ltr'>Hissnoiwffl</span> <span class='ocrx_word' id='word_1_4' title='bbox 1255 205 1406 242; x_wconf 80' lang='lat' dir='ltr'>NADAL</span> 
     </span>
    </p>
   </div>
   <div class='ocr_carea' id='block_1_2' title="bbox 286 306 1928 1664">
    <p class='ocr_par' dir='ltr' id='par_1_2' title="bbox 286 306 1925 908">
     <span class='ocr_line' id='line_1_2' title="bbox 286 306 1922 366; baseline -0.001 -14"><span class='ocrx_word' id='word_1_5' title='bbox 286 309 528 366; x_wconf 78' lang='lat' dir='ltr'>praecipue</span> <span class='ocrx_word' id='word_1_6' title='bbox 549 309 586 353; x_wconf 91' lang='lat' dir='ltr'>si</span> <span class='ocrx_word' id='word_1_7' title='bbox 611 309 851 364; x_wconf 82' lang='lat' dir='ltr'>aliquoties</span> <span class='ocrx_word' id='word_1_8' title='bbox 888 308 1006 351; x_wconf 90' lang='lat' dir='ltr'>idem</span> <span class='ocrx_word' id='word_1_9' title='bbox 1030 306 1193 364; x_wconf 87' lang='lat' dir='ltr'>egerit,</span> <span class='ocrx_word' id='word_1_10' title='bbox 1219 307 1369 350; x_wconf 90' lang='lat' dir='ltr'>statim</span> <span class='ocrx_word' id='word_1_11' title='bbox 1403 307 1625 352; x_wconf 90' lang='lat' dir='ltr'>iubebunt</span> <span class='ocrx_word' id='word_1_12' title='bbox 1647 309 1704 351; x_wconf 93' lang='lat' dir='ltr'>ad</span> <span class='ocrx_word' id='word_1_13' title='bbox 1727 323 1776 353; x_wconf 89' lang='lat' dir='ltr'>se</span> <span class='ocrx_word' id='word_1_14' title='bbox 1797 309 1922 361; x_wconf 89' lang='lat' dir='ltr'>ferri,</span> 
     </span>
     <span class='ocr_line' id='line_1_3' title="bbox 288 384 1924 442; baseline -0.001 -13"><span class='ocrx_word' id='word_1_15' title='bbox 288 394 334 429; x_wconf 91' lang='lat' dir='ltr'>et</span> <span class='ocrx_word' id='word_1_16' title='bbox 357 386 587 431; x_wconf 78' lang='lat' dir='ltr'><strong>remittant</strong></span> <span class='ocrx_word' id='word_1_17' title='bbox 603 386 910 442; x_wconf 87' lang='lat' dir='ltr'>poenitentem</span> <span class='ocrx_word' id='word_1_18' title='bbox 929 385 985 427; x_wconf 89' lang='lat' dir='ltr'>ad</span> <span class='ocrx_word' id='word_1_19' title='bbox 1007 384 1303 440; x_wconf 90' lang='lat' dir='ltr'>superiorem;</span> <span class='ocrx_word' id='word_1_20' title='bbox 1324 385 1396 429; x_wconf 87' lang='lat' dir='ltr'>vel</span> <span class='ocrx_word' id='word_1_21' title='bbox 1414 384 1678 428; x_wconf 89' lang='lat' dir='ltr'>confessarii</span> <span class='ocrx_word' id='word_1_22' title='bbox 1702 385 1924 442; x_wconf 84' lang='lat' dir='ltr'>accipient</span> 
     </span>
     <span class='ocr_line' id='line_1_4' title="bbox 288 461 1925 519; baseline 0 -12"><span class='ocrx_word' id='word_1_23' title='bbox 288 479 313 507; x_wconf 92' lang='lat' dir='ltr'>a</span> <span class='ocrx_word' id='word_1_24' title='bbox 335 464 555 519; x_wconf 82' lang='lat' dir='ltr'>superiori</span> <span class='ocrx_word' id='word_1_25' title='bbox 578 464 839 506; x_wconf 78' lang='lat' dir='ltr'>facultatem</span> <span class='ocrx_word' id='word_1_26' title='bbox 863 462 987 504; x_wconf 88' lang='lat' dir='ltr'>illum</span> <span class='ocrx_word' id='word_1_27' title='bbox 1011 461 1294 513; x_wconf 90' lang='lat' dir='ltr'>absoluendi,</span> <span class='ocrx_word' id='word_1_28' title='bbox 1317 476 1408 505; x_wconf 90' lang='lat' dir='ltr'>rem</span> <span class='ocrx_word' id='word_1_29' title='bbox 1427 477 1536 506; x_wconf 87' lang='lat' dir='ltr'>vero</span> <span class='ocrx_word' id='word_1_30' title='bbox 1558 462 1603 505; x_wconf 88' lang='lat' dir='ltr'>in</span> <span class='ocrx_word' id='word_1_31' title='bbox 1627 463 1727 505; x_wconf 89' lang='lat' dir='ltr'>loco</span> <span class='ocrx_word' id='word_1_32' title='bbox 1749 477 1834 506; x_wconf 90' lang='lat' dir='ltr'>suo</span> <span class='ocrx_word' id='word_1_33' title='bbox 1850 477 1925 507; x_wconf 90' lang='lat' dir='ltr'>se-</span> 
     </span>
     <span class='ocr_line' id='line_1_5' title="bbox 287 537 1919 594; baseline -0.001 -11"><span class='ocrx_word' id='word_1_34' title='bbox 287 549 411 585; x_wconf 92' lang='lat' dir='ltr'>creto</span> <span class='ocrx_word' id='word_1_35' title='bbox 435 542 646 584; x_wconf 87' lang='lat' dir='ltr'>referent.</span> <span class='ocrx_word' id='word_1_36' title='bbox 674 540 810 594; x_wconf 71' lang='lat' dir='ltr'>Quod</span> <span class='ocrx_word' id='word_1_37' title='bbox 832 538 868 580; x_wconf 89' lang='lat' dir='ltr'>si</span> <span class='ocrx_word' id='word_1_38' title='bbox 893 552 976 580; x_wconf 92' lang='lat' dir='ltr'>nec</span> <span class='ocrx_word' id='word_1_39' title='bbox 1008 537 1072 581; x_wconf 91' lang='lat' dir='ltr'>sic</span> <span class='ocrx_word' id='word_1_40' title='bbox 1095 537 1277 593; x_wconf 90' lang='lat' dir='ltr'>quidem</span> <span class='ocrx_word' id='word_1_41' title='bbox 1310 539 1460 581; x_wconf 90' lang='lat' dir='ltr'>ablata</span> <span class='ocrx_word' id='word_1_42' title='bbox 1483 553 1554 582; x_wconf 91' lang='lat' dir='ltr'>res</span> <span class='ocrx_word' id='word_1_43' title='bbox 1585 539 1919 591; x_wconf 82' lang='lat' dir='ltr'>restitueretur,</span> 
     </span>
     <span class='ocr_line' id='line_1_6' title="bbox 289 615 1925 674; baseline -0.002 -13"><span class='ocrx_word' id='word_1_44' title='bbox 289 618 389 661; x_wconf 88' lang='lat' dir='ltr'>addi</span> <span class='ocrx_word' id='word_1_45' title='bbox 416 618 580 674; x_wconf 89' lang='lat' dir='ltr'>poterit</span> <span class='ocrx_word' id='word_1_46' title='bbox 603 626 649 659; x_wconf 88' lang='lat' dir='ltr'>vt</span> <span class='ocrx_word' id='word_1_47' title='bbox 678 615 941 660; x_wconf 86' lang='lat' dir='ltr'>confessarii</span> <span class='ocrx_word' id='word_1_48' title='bbox 978 615 1235 671; x_wconf 82' lang='lat' dir='ltr'>intelligant</span> <span class='ocrx_word' id='word_1_49' title='bbox 1262 630 1320 658; x_wconf 86' lang='lat' dir='ltr'>ex</span> <span class='ocrx_word' id='word_1_50' title='bbox 1348 619 1438 661; x_wconf 86' lang='grc'>428</span> <span class='ocrx_word' id='word_1_51' title='bbox 1467 615 1753 660; x_wconf 87' lang='lat' dir='ltr'>confessione</span> <span class='ocrx_word' id='word_1_52' title='bbox 1781 615 1819 658; x_wconf 91' lang='lat' dir='ltr'>si</span> <span class='ocrx_word' id='word_1_53' title='bbox 1842 616 1925 658; x_wconf 89' lang='lat' dir='ltr'>ali-</span> 
     </span>
     <span class='ocr_line' id='line_1_7' title="bbox 290 691 1919 750; baseline -0.001 -13"><span class='ocrx_word' id='word_1_54' title='bbox 290 696 390 750; x_wconf 92' lang='lat' dir='ltr'>quis</span> <span class='ocrx_word' id='word_1_55' title='bbox 413 695 525 738; x_wconf 89' lang='lat' dir='ltr'>sciat</span> <span class='ocrx_word' id='word_1_56' title='bbox 548 695 647 749; x_wconf 84' lang='lat' dir='ltr'>quis</span> <span class='ocrx_word' id='word_1_57' title='bbox 669 692 896 749; x_wconf 91' lang='lat' dir='ltr'>acceperit</span> <span class='ocrx_word' id='word_1_58' title='bbox 925 707 1018 736; x_wconf 90' lang='lat' dir='ltr'>rem</span> <span class='ocrx_word' id='word_1_59' title='bbox 1049 692 1186 734; x_wconf 89' lang='lat' dir='ltr'>illam:</span> <span class='ocrx_word' id='word_1_60' title='bbox 1214 701 1307 735; x_wconf 88' lang='lat' dir='ltr'>tum</span> <span class='ocrx_word' id='word_1_61' title='bbox 1340 691 1493 737; x_wconf 86' lang='lat' dir='ltr'>iubeat</span> <span class='ocrx_word' id='word_1_62' title='bbox 1522 693 1633 736; x_wconf 88' lang='lat' dir='ltr'>illud</span> <span class='ocrx_word' id='word_1_63' title='bbox 1663 692 1919 737; x_wconf 86' lang='lat' dir='ltr'>renunciari</span> 
     </span>
     <span class='ocr_line' id='line_1_8' title="bbox 291 769 1925 823; baseline -0.002 -7"><span class='ocrx_word' id='word_1_64' title='bbox 291 773 374 816; x_wconf 87' lang='lat' dir='ltr'>sibi</span> <span class='ocrx_word' id='word_1_65' title='bbox 399 781 527 814; x_wconf 84' lang='lat' dir='ltr'>extra</span> <span class='ocrx_word' id='word_1_66' title='bbox 549 770 896 821; x_wconf 88' lang='lat' dir='ltr'>confessionem,</span> <span class='ocrx_word' id='word_1_67' title='bbox 927 769 965 811; x_wconf 83' lang='lat' dir='ltr'>si</span> <span class='ocrx_word' id='word_1_68' title='bbox 995 769 1106 812; x_wconf 89' lang='lat' dir='ltr'>illud</span> <span class='ocrx_word' id='word_1_69' title='bbox 1137 769 1308 812; x_wconf 81' lang='lat' dir='ltr'>sciatur</span> <span class='ocrx_word' id='word_1_70' title='bbox 1330 778 1458 812; x_wconf 86' lang='lat' dir='ltr'>extra</span> <span class='ocrx_word' id='word_1_71' title='bbox 1487 770 1836 823; x_wconf 83' lang='lat' dir='ltr'>confessionem3</span> <span class='ocrx_word' id='word_1_72' title='bbox 1869 771 1925 812; x_wconf 93' lang='lat' dir='ltr'>ad</span> 
     </span>
     <span class='ocr_line' id='line_1_9' title="bbox 292 846 1216 908; baseline -0.004 -16"><span class='ocrx_word' id='word_1_73' title='bbox 292 850 335 892; x_wconf 90' lang='lat' dir='ltr'>id</span> <span class='ocrx_word' id='word_1_74' title='bbox 353 850 472 908; x_wconf 88' lang='lat' dir='ltr'>enim</span> <span class='ocrx_word' id='word_1_75' title='bbox 498 855 646 904; x_wconf 88' lang='lat' dir='ltr'>potest</span> <span class='ocrx_word' id='word_1_76' title='bbox 669 847 772 903; x_wconf 82' lang='lat' dir='ltr'>cogi</span> <span class='ocrx_word' id='word_1_77' title='bbox 796 862 851 891; x_wconf 87' lang='lat' dir='ltr'>ex</span> <span class='ocrx_word' id='word_1_78' title='bbox 874 846 1216 891; x_wconf 91' lang='lat' dir='ltr'>constitutione.</span> 
     </span>
    </p>

    <p class='ocr_par' dir='ltr' id='par_1_3' title="bbox 286 923 1928 1664">
     <span class='ocr_line' id='line_1_10' title="bbox 379 923 1926 980; baseline 0 -11"><span class='ocrx_word' id='word_1_79' title='bbox 379 927 598 976; x_wconf 85' lang='lat' dir='ltr'>Tandem,</span> <span class='ocrx_word' id='word_1_80' title='bbox 625 939 765 979; x_wconf 89' lang='lat' dir='ltr'>quum</span> <span class='ocrx_word' id='word_1_81' title='bbox 790 938 861 967; x_wconf 90' lang='lat' dir='ltr'>res</span> <span class='ocrx_word' id='word_1_82' title='bbox 885 923 943 966; x_wconf 91' lang='lat' dir='ltr'>sit</span> <span class='ocrx_word' id='word_1_83' title='bbox 965 923 1261 968; x_wconf 89' lang='lat' dir='ltr'>intolerabilis</span> <span class='ocrx_word' id='word_1_84' title='bbox 1291 925 1460 968; x_wconf 88' lang='lat' dir='ltr'>habere</span> <span class='ocrx_word' id='word_1_85' title='bbox 1491 924 1685 980; x_wconf 91' lang='lat' dir='ltr'>aliquem</span> <span class='ocrx_word' id='word_1_86' title='bbox 1719 924 1765 967; x_wconf 90' lang='lat' dir='ltr'>in</span> <span class='ocrx_word' id='word_1_87' title='bbox 1787 925 1926 969; x_wconf 94' lang='lat' dir='ltr'>colle-</span> 
     </span>
     <span class='ocr_line' id='line_1_11' title="bbox 289 1001 1926 1060; baseline -0.001 -15"><span class='ocrx_word' id='word_1_88' title='bbox 289 1004 381 1060; x_wconf 81' lang='lat' dir='ltr'>gio,</span> <span class='ocrx_word' id='word_1_89' title='bbox 412 1003 488 1058; x_wconf 86' lang='lat' dir='ltr'>qui</span> <span class='ocrx_word' id='word_1_90' title='bbox 518 1018 607 1045; x_wconf 91' lang='lat' dir='ltr'>non</span> <span class='ocrx_word' id='word_1_91' title='bbox 636 1001 907 1045; x_wconf 84' lang='lat' dir='ltr'>confiteatur</span> <span class='ocrx_word' id='word_1_92' title='bbox 936 1008 1174 1056; x_wconf 89' lang='lat' dir='ltr'>peccatum</span> <span class='ocrx_word' id='word_1_93' title='bbox 1206 1001 1410 1052; x_wconf 85' lang='lat' dir='ltr'>mortale,</span> <span class='ocrx_word' id='word_1_94' title='bbox 1437 1002 1559 1056; x_wconf 88' lang='lat' dir='ltr'>quod</span> <span class='ocrx_word' id='word_1_95' title='bbox 1587 1002 1740 1054; x_wconf 91' lang='lat' dir='ltr'>habet,</span> <span class='ocrx_word' id='word_1_96' title='bbox 1766 1002 1839 1044; x_wconf 88' lang='lat' dir='ltr'>vel</span> <span class='ocrx_word' id='word_1_97' title='bbox 1868 1002 1926 1044; x_wconf 92' lang='lat' dir='ltr'>ab</span> 
     </span>
     <span class='ocr_line' id='line_1_12' title="bbox 289 1077 1926 1137; baseline -0.002 -12"><span class='ocrx_word' id='word_1_98' title='bbox 289 1097 342 1125; x_wconf 91' lang='lat' dir='ltr'>eo</span> <span class='ocrx_word' id='word_1_99' title='bbox 367 1096 454 1123; x_wconf 93' lang='lat' dir='ltr'>non</span> <span class='ocrx_word' id='word_1_100' title='bbox 478 1080 755 1137; x_wconf 84' lang='lat' dir='ltr'>absoluatur,</span> <span class='ocrx_word' id='word_1_101' title='bbox 781 1086 826 1121; x_wconf 90' lang='lat' dir='ltr'>et</span> <span class='ocrx_word' id='word_1_102' title='bbox 856 1086 1007 1120; x_wconf 91' lang='lat' dir='ltr'>tamen</span> <span class='ocrx_word' id='word_1_103' title='bbox 1046 1077 1232 1134; x_wconf 85' lang='lat' dir='ltr'>recipiat</span> <span class='ocrx_word' id='word_1_104' title='bbox 1256 1091 1432 1120; x_wconf 91' lang='lat' dir='ltr'>sacram</span> <span class='ocrx_word' id='word_1_105' title='bbox 1457 1078 1798 1132; x_wconf 88' lang='lat' dir='ltr'>eucharistiam,</span> <span class='ocrx_word' id='word_1_106' title='bbox 1820 1093 1926 1134; x_wconf 93' lang='lat' dir='ltr'>pos-</span> 
     </span>
     <span class='ocr_line' id='line_1_13' title="bbox 289 1155 1927 1211; baseline -0.002 -9"><span class='ocrx_word' id='word_1_107' title='bbox 289 1168 357 1203; x_wconf 91' lang='lat' dir='ltr'>set</span> <span class='ocrx_word' id='word_1_108' title='bbox 381 1173 452 1202; x_wconf 84' lang='lat' dir='ltr'>res</span> <span class='ocrx_word' id='word_1_109' title='bbox 478 1166 570 1199; x_wconf 85' lang='lat' dir='ltr'>tota</span> <span class='ocrx_word' id='word_1_110' title='bbox 594 1172 618 1198; x_wconf 81' lang='lat' dir='ltr'>a</span> <span class='ocrx_word' id='word_1_111' title='bbox 641 1155 880 1211; x_wconf 82' lang='lat' dir='ltr'>designato</span> <span class='ocrx_word' id='word_1_112' title='bbox 903 1157 1066 1198; x_wconf 85' lang='lat' dir='ltr'>idoneo</span> <span class='ocrx_word' id='word_1_113' title='bbox 1090 1156 1225 1198; x_wconf 88' lang='lat' dir='ltr'>Patre</span> <span class='ocrx_word' id='word_1_114' title='bbox 1254 1169 1309 1198; x_wconf 88' lang='lat' dir='ltr'>ex</span> <span class='ocrx_word' id='word_1_115' title='bbox 1333 1155 1613 1211; x_wconf 83' lang='lat' dir='ltr'>praescripto</span> <span class='ocrx_word' id='word_1_116' title='bbox 1642 1156 1830 1199; x_wconf 89' lang='lat' dir='ltr'>rectoris</span> <span class='ocrx_word' id='word_1_117' title='bbox 1855 1157 1927 1200; x_wconf 92' lang='lat' dir='ltr'>vel</span> 
     </span>
     <span class='ocr_line' id='line_1_14' title="bbox 288 1231 1926 1289; baseline -0.002 -10"><span class='ocrx_word' id='word_1_118' title='bbox 288 1237 344 1279; x_wconf 91' lang='lat' dir='ltr'>ab</span> <span class='ocrx_word' id='word_1_119' title='bbox 369 1250 422 1280; x_wconf 93' lang='lat' dir='ltr'>eo</span> <span class='ocrx_word' id='word_1_120' title='bbox 446 1243 618 1277; x_wconf 87' lang='lat' dir='ltr'>rectore</span> <span class='ocrx_word' id='word_1_121' title='bbox 645 1233 820 1289; x_wconf 86' lang='lat' dir='ltr'>publice</span> <span class='ocrx_word' id='word_1_122' title='bbox 843 1231 1005 1288; x_wconf 87' lang='lat' dir='ltr'>exponi</span> <span class='ocrx_word' id='word_1_123' title='bbox 1029 1232 1074 1274; x_wconf 91' lang='lat' dir='ltr'>in</span> <span class='ocrx_word' id='word_1_124' title='bbox 1097 1232 1454 1288; x_wconf 84' lang='lat' dir='ltr'>congregatione</span> <span class='ocrx_word' id='word_1_125' title='bbox 1479 1233 1685 1284; x_wconf 80' lang='lat' dir='ltr'>fratrum,</span> <span class='ocrx_word' id='word_1_126' title='bbox 1712 1240 1757 1276; x_wconf 86' lang='lat' dir='ltr'>et</span> <span class='ocrx_word' id='word_1_127' title='bbox 1779 1233 1926 1276; x_wconf 89' lang='lat' dir='ltr'>notari</span> 
     </span>
     <span class='ocr_line' id='line_1_15' title="bbox 289 1308 1928 1366; baseline -0.002 -11"><span class='ocrx_word' id='word_1_128' title='bbox 289 1313 520 1363; x_wconf 80' lang='lat' dir='ltr'>acerrime,</span> <span class='ocrx_word' id='word_1_129' title='bbox 562 1320 656 1353; x_wconf 87' lang='lat' dir='ltr'>tum</span> <span class='ocrx_word' id='word_1_130' title='bbox 695 1309 942 1366; x_wconf 81' lang='lat' dir='ltr'>significari</span> <span class='ocrx_word' id='word_1_131' title='bbox 980 1309 1077 1353; x_wconf 84' lang='lat' dir='ltr'>fieri</span> <span class='ocrx_word' id='word_1_132' title='bbox 1110 1308 1270 1352; x_wconf 88' lang='lat' dir='ltr'>missas</span> <span class='ocrx_word' id='word_1_133' title='bbox 1308 1317 1353 1353; x_wconf 91' lang='lat' dir='ltr'>et</span> <span class='ocrx_word' id='word_1_134' title='bbox 1392 1309 1617 1354; x_wconf 87' lang='lat' dir='ltr'>orationes</span> <span class='ocrx_word' id='word_1_135' title='bbox 1655 1317 1703 1352; x_wconf 92' lang='lat' dir='ltr'>vt</span> <span class='ocrx_word' id='word_1_136' title='bbox 1744 1311 1928 1353; x_wconf 90' lang='lat' dir='ltr'>tollatur</span> 
     </span>
     <span class='ocr_line' id='line_1_16' title="bbox 287 1386 1926 1443; baseline -0.001 -11"><span class='ocrx_word' id='word_1_137' title='bbox 287 1391 396 1432; x_wconf 90' lang='lat' dir='ltr'>illud</span> <span class='ocrx_word' id='word_1_138' title='bbox 420 1390 585 1431; x_wconf 90' lang='lat' dir='ltr'>malum</span> <span class='ocrx_word' id='word_1_139' title='bbox 608 1389 663 1432; x_wconf 92' lang='lat' dir='ltr'>de</span> <span class='ocrx_word' id='word_1_140' title='bbox 693 1387 841 1432; x_wconf 91' lang='lat' dir='ltr'>medio</span> <span class='ocrx_word' id='word_1_141' title='bbox 870 1386 1012 1430; x_wconf 92' lang='lat' dir='ltr'>nostri</span> <span class='ocrx_word' id='word_1_142' title='bbox 1042 1387 1178 1443; x_wconf 83' lang='lat' dir='ltr'>(quod</span> <span class='ocrx_word' id='word_1_143' title='bbox 1210 1401 1368 1431; x_wconf 90' lang='lat' dir='ltr'>reuera</span> <span class='ocrx_word' id='word_1_144' title='bbox 1401 1387 1511 1441; x_wconf 78' lang='lat' dir='ltr'>fiet),</span> <span class='ocrx_word' id='word_1_145' title='bbox 1543 1394 1588 1431; x_wconf 92' lang='lat' dir='ltr'>et</span> <span class='ocrx_word' id='word_1_146' title='bbox 1625 1386 1842 1431; x_wconf 87' lang='lat' dir='ltr'>liberetur</span> <span class='ocrx_word' id='word_1_147' title='bbox 1871 1388 1926 1430; x_wconf 90' lang='lat' dir='ltr'>ab</span> 
     </span>
     <span class='ocr_line' id='line_1_17' title="bbox 289 1463 1923 1522; baseline -0.002 -13"><span class='ocrx_word' id='word_1_148' title='bbox 289 1468 363 1509; x_wconf 88' lang='lat' dir='ltr'>illa</span> <span class='ocrx_word' id='word_1_149' title='bbox 387 1474 512 1522; x_wconf 91' lang='lat' dir='ltr'>peste</span> <span class='ocrx_word' id='word_1_150' title='bbox 540 1472 696 1508; x_wconf 89' lang='lat' dir='ltr'>sancta</span> <span class='ocrx_word' id='word_1_151' title='bbox 725 1463 1038 1520; x_wconf 81' lang='lat' dir='ltr'>congregatio.</span> <span class='ocrx_word' id='word_1_152' title='bbox 1072 1464 1260 1507; x_wconf 88' lang='lat' dir='ltr'>Petatur</span> <span class='ocrx_word' id='word_1_153' title='bbox 1287 1478 1395 1506; x_wconf 89' lang='lat' dir='ltr'>vero</span> <span class='ocrx_word' id='word_1_154' title='bbox 1423 1464 1532 1506; x_wconf 88' lang='lat' dir='ltr'>nihil</span> <span class='ocrx_word' id='word_1_155' title='bbox 1566 1464 1688 1506; x_wconf 91' lang='lat' dir='ltr'>aliud</span> <span class='ocrx_word' id='word_1_156' title='bbox 1715 1479 1850 1519; x_wconf 90' lang='lat' dir='ltr'>quam</span> <span class='ocrx_word' id='word_1_157' title='bbox 1875 1472 1923 1506; x_wconf 88' lang='lat' dir='ltr'>vt</span> 
     </span>
     <span class='ocr_line' id='line_1_18' title="bbox 295 1540 1926 1597; baseline -0.001 -11"><span class='ocrx_word' id='word_1_158' title='bbox 295 1551 469 1588; x_wconf 88' lang='lat' dir='ltr'>secreto</span> <span class='ocrx_word' id='word_1_159' title='bbox 491 1558 564 1587; x_wconf 89' lang='lat' dir='ltr'>res</span> <span class='ocrx_word' id='word_1_160' title='bbox 588 1541 866 1586; x_wconf 87' lang='lat' dir='ltr'>restituatur.</span> <span class='ocrx_word' id='word_1_161' title='bbox 894 1540 943 1585; x_wconf 88' lang='lat' dir='ltr'>Si</span> <span class='ocrx_word' id='word_1_162' title='bbox 966 1540 1075 1595; x_wconf 90' lang='lat' dir='ltr'>quid</span> <span class='ocrx_word' id='word_1_163' title='bbox 1099 1548 1333 1596; x_wconf 90' lang='lat' dir='ltr'>praeterea</span> <span class='ocrx_word' id='word_1_164' title='bbox 1356 1540 1414 1583; x_wconf 87' lang='lat' dir='ltr'>sit</span> <span class='ocrx_word' id='word_1_165' title='bbox 1435 1542 1684 1595; x_wconf 74' lang='lat' dir='ltr'>agendum,</span> <span class='ocrx_word' id='word_1_166' title='bbox 1706 1556 1777 1584; x_wconf 91' lang='lat' dir='ltr'>res</span> <span class='ocrx_word' id='word_1_167' title='bbox 1799 1555 1926 1597; x_wconf 92' lang='lat' dir='ltr'>prae-</span> 
     </span>
     <span class='ocr_line' id='line_1_19' title="bbox 286 1619 643 1664; baseline -0.006 0"><span class='ocrx_word' id='word_1_168' title='bbox 286 1636 390 1664; x_wconf 82' lang='lat' dir='ltr'>sens</span> <span class='ocrx_word' id='word_1_169' title='bbox 413 1619 643 1662; x_wconf 87' lang='lat' dir='ltr'>indicabit.</span> 
     </span>
    </p>
   </div>
   <div class='ocr_carea' id='block_1_3' title="bbox 377 1694 1994 1752">
    <p class='ocr_par' dir='ltr' id='par_1_4' title="bbox 377 1694 1994 1752">
     <span class='ocr_line' id='line_1_20' title="bbox 377 1694 1994 1752; baseline -0.001 -12"><span class='ocrx_word' id='word_1_170' title='bbox 377 1698 689 1747; x_wconf 86' lang='lat' dir='ltr'>Confessores,</span> <span class='ocrx_word' id='word_1_171' title='bbox 717 1695 753 1738; x_wconf 91' lang='lat' dir='ltr'>si</span> <span class='ocrx_word' id='word_1_172' title='bbox 782 1695 826 1737; x_wconf 88' lang='lat' dir='ltr'>id</span> <span class='ocrx_word' id='word_1_173' title='bbox 858 1695 1012 1752; x_wconf 86' lang='lat' dir='ltr'>exigat</span> <span class='ocrx_word' id='word_1_174' title='bbox 1053 1694 1316 1748; x_wconf 89' lang='lat' dir='ltr'>necessitas,</span> <span class='ocrx_word' id='word_1_175' title='bbox 1350 1702 1579 1751; x_wconf 90' lang='lat' dir='ltr'>poterunt,</span> <span class='ocrx_word' id='word_1_176' title='bbox 1611 1710 1700 1751; x_wconf 88' lang='lat' dir='ltr'>qua</span> <span class='ocrx_word' id='word_1_177' title='bbox 1730 1697 1839 1738; x_wconf 92' lang='lat' dir='ltr'>hora</span> <span class='ocrx_word' id='word_1_178' title='bbox 1878 1695 1923 1738; x_wconf 90' lang='lat' dir='ltr'>in</span> <span class='ocrx_word' id='word_1_179' title='bbox 1989 1737 1994 1739; x_wconf 21' lang='grc' dir='ltr'><strong><em>Δ</em></strong></span> 
     </span>
    </p>
   </div>
   <div class='ocr_carea' id='block_1_4' title="bbox 283 1771 1925 2448">
    <p class='ocr_par' dir='ltr' id='par_1_5' title="bbox 285 1771 1925 1903">
     <span class='ocr_line' id='line_1_21' title="bbox 287 1771 1925 1824; baseline -0.002 -6"><span class='ocrx_word' id='word_1_180' title='bbox 287 1774 477 1819; x_wconf 89' lang='lat' dir='ltr'>ecclesia</span> <span class='ocrx_word' id='word_1_181' title='bbox 499 1777 585 1819; x_wconf 72' lang='lat'>429</span> <span class='ocrx_word' id='word_1_182' title='bbox 615 1773 810 1815; x_wconf 89' lang='lat' dir='ltr'>habetur</span> <span class='ocrx_word' id='word_1_183' title='bbox 837 1773 1012 1824; x_wconf 89' lang='lat' dir='ltr'>concio,</span> <span class='ocrx_word' id='word_1_184' title='bbox 1039 1772 1195 1815; x_wconf 91' lang='lat' dir='ltr'>audire</span> <span class='ocrx_word' id='word_1_185' title='bbox 1224 1771 1534 1816; x_wconf 86' lang='lat' dir='ltr'>confessiones</span> <span class='ocrx_word' id='word_1_186' title='bbox 1562 1773 1664 1815; x_wconf 93' lang='lat' dir='ltr'>loco</span> <span class='ocrx_word' id='word_1_187' title='bbox 1693 1773 1749 1815; x_wconf 92' lang='lat' dir='ltr'>ad</span> <span class='ocrx_word' id='word_1_188' title='bbox 1773 1772 1818 1814; x_wconf 90' lang='lat' dir='ltr'>id</span> <span class='ocrx_word' id='word_1_189' title='bbox 1847 1785 1925 1814; x_wconf 92' lang='lat' dir='ltr'>ac-</span> 
     </span>
     <span class='ocr_line' id='line_1_22' title="bbox 285 1849 1246 1903; baseline -0.004 -8"><span class='ocrx_word' id='word_1_190' title='bbox 285 1852 584 1903; x_wconf 87' lang='lat' dir='ltr'>commodato,</span> <span class='ocrx_word' id='word_1_191' title='bbox 611 1865 699 1893; x_wconf 90' lang='lat' dir='ltr'>non</span> <span class='ocrx_word' id='word_1_192' title='bbox 725 1850 800 1892; x_wconf 92' lang='lat' dir='ltr'>vbi</span> <span class='ocrx_word' id='word_1_193' title='bbox 819 1850 1010 1892; x_wconf 82' lang='lat' dir='ltr'>habetur</span> <span class='ocrx_word' id='word_1_194' title='bbox 1031 1849 1191 1892; x_wconf 94' lang='lat' dir='ltr'>concio</span> <span class='ocrx_word' id='word_1_195' title='bbox 1213 1857 1246 1891; x_wconf 71' lang='lat' dir='ltr'>a.</span> 
     </span>
    </p>

    <p class='ocr_par' dir='ltr' id='par_1_6' title="bbox 283 1925 1924 2205">
     <span class='ocr_line' id='line_1_23' title="bbox 375 1925 1919 1982; baseline -0.002 -10"><span class='ocrx_word' id='word_1_196' title='bbox 375 1931 595 1972; x_wconf 84' lang='lat' dir='ltr'>Poterunt</span> <span class='ocrx_word' id='word_1_197' title='bbox 619 1927 762 1969; x_wconf 87' lang='lat' dir='ltr'>nostri</span> <span class='ocrx_word' id='word_1_198' title='bbox 780 1935 993 1971; x_wconf 82' lang='lat' dir='ltr'>externos</span> <span class='ocrx_word' id='word_1_199' title='bbox 1011 1925 1311 1982; x_wconf 89' lang='lat' dir='ltr'>poenitentes,</span> <span class='ocrx_word' id='word_1_200' title='bbox 1332 1925 1466 1968; x_wconf 91' lang='lat' dir='ltr'>etiam</span> <span class='ocrx_word' id='word_1_201' title='bbox 1491 1925 1536 1971; x_wconf 76' lang='lat' dir='ltr'>in</span> <span class='ocrx_word' id='word_1_202' title='bbox 1556 1926 1654 1982; x_wconf 90' lang='lat' dir='ltr'>ipso</span> <span class='ocrx_word' id='word_1_203' title='bbox 1672 1926 1828 1969; x_wconf 91' lang='lat' dir='ltr'>mortis</span> <span class='ocrx_word' id='word_1_204' title='bbox 1845 1941 1919 1969; x_wconf 91' lang='lat' dir='ltr'>ar-</span> 
     </span>
     <span class='ocr_line' id='line_1_24' title="bbox 287 2002 1924 2058; baseline -0.002 -10"><span class='ocrx_word' id='word_1_205' title='bbox 287 2007 441 2058; x_wconf 85' lang='lat' dir='ltr'>ticulo,</span> <span class='ocrx_word' id='word_1_206' title='bbox 468 2004 622 2047; x_wconf 90' lang='lat' dir='ltr'>audire</span> <span class='ocrx_word' id='word_1_207' title='bbox 646 2012 691 2047; x_wconf 89' lang='lat' dir='ltr'>et</span> <span class='ocrx_word' id='word_1_208' title='bbox 720 2005 973 2056; x_wconf 86' lang='lat' dir='ltr'>absoluere;</span> <span class='ocrx_word' id='word_1_209' title='bbox 1007 2018 1097 2046; x_wconf 90' lang='lat' dir='ltr'>non</span> <span class='ocrx_word' id='word_1_210' title='bbox 1127 2010 1278 2046; x_wconf 90' lang='lat' dir='ltr'>tamen</span> <span class='ocrx_word' id='word_1_211' title='bbox 1318 2003 1424 2047; x_wconf 85' lang='lat' dir='ltr'>licet</span> <span class='ocrx_word' id='word_1_212' title='bbox 1462 2002 1548 2045; x_wconf 89' lang='lat' dir='ltr'>illis</span> <span class='ocrx_word' id='word_1_213' title='bbox 1585 2005 1924 2046; x_wconf 85' lang='lat' dir='ltr'>sacrosanctum</span> 
     </span>
     <span class='ocr_line' id='line_1_25' title="bbox 283 2080 1923 2136; baseline -0.002 -9"><span class='ocrx_word' id='word_1_214' title='bbox 283 2082 587 2127; x_wconf 88' lang='lat' dir='ltr'>eucharistiae</span> <span class='ocrx_word' id='word_1_215' title='bbox 610 2089 944 2125; x_wconf 86' lang='lat' dir='ltr'>sacramentum</span> <span class='ocrx_word' id='word_1_216' title='bbox 968 2080 1295 2136; x_wconf 23' lang='lat' dir='ltr'>administra-re,</span> <span class='ocrx_word' id='word_1_217' title='bbox 1318 2080 1402 2122; x_wconf 89' lang='lat' dir='ltr'>nisi</span> <span class='ocrx_word' id='word_1_218' title='bbox 1427 2087 1607 2136; x_wconf 83' lang='lat' dir='ltr'>Vrgeret</span> <span class='ocrx_word' id='word_1_219' title='bbox 1627 2081 1820 2123; x_wconf 88' lang='lat' dir='ltr'>fortasse</span> <span class='ocrx_word' id='word_1_220' title='bbox 1845 2095 1923 2124; x_wconf 91' lang='lat' dir='ltr'>ne-</span> 
     </span>
     <span class='ocr_line' id='line_1_26' title="bbox 289 2160 489 2205; baseline -0.015 -2"><span class='ocrx_word' id='word_1_221' title='bbox 289 2160 489 2205; x_wconf 82' lang='lat' dir='ltr'>cessitas.</span> 
     </span>
    </p>

    <p class='ocr_par' dir='ltr' id='par_1_7' title="bbox 287 2233 1924 2448">
     <span class='ocr_line' id='line_1_27' title="bbox 377 2233 1923 2294; baseline -0.002 -15"><span class='ocrx_word' id='word_1_222' title='bbox 377 2238 482 2279; x_wconf 94' lang='lat' dir='ltr'>Non</span> <span class='ocrx_word' id='word_1_223' title='bbox 505 2235 589 2279; x_wconf 88' lang='lat' dir='ltr'>erit</span> <span class='ocrx_word' id='word_1_224' title='bbox 612 2249 725 2290; x_wconf 91' lang='lat' dir='ltr'>opus</span> <span class='ocrx_word' id='word_1_225' title='bbox 748 2242 796 2276; x_wconf 81' lang='lat' dir='ltr'>vt</span> <span class='ocrx_word' id='word_1_226' title='bbox 824 2235 897 2277; x_wconf 93' lang='lat' dir='ltr'>ille</span> <span class='ocrx_word' id='word_1_227' title='bbox 927 2235 1150 2290; x_wconf 87' lang='lat' dir='ltr'>petiturus</span> <span class='ocrx_word' id='word_1_228' title='bbox 1180 2233 1409 2277; x_wconf 86' lang='lat' dir='ltr'>licentiam</span> <span class='ocrx_word' id='word_1_229' title='bbox 1440 2235 1497 2276; x_wconf 86' lang='lat' dir='ltr'>ab</span> <span class='ocrx_word' id='word_1_230' title='bbox 1526 2233 1717 2294; x_wconf 85' lang='lat' dir='ltr'>ecclesia</span> <span class='ocrx_word' id='word_1_231' title='bbox 1739 2234 1923 2276; x_wconf 86' lang='lat' dir='ltr'>domurn</span> 
     </span>
     <span class='ocr_line' id='line_1_28' title="bbox 288 2310 1924 2367; baseline -0.004 -9"><span class='ocrx_word' id='word_1_232' title='bbox 288 2330 335 2358; x_wconf 89' lang='lat' dir='ltr'>se</span> <span class='ocrx_word' id='word_1_233' title='bbox 359 2315 577 2364; x_wconf 90' lang='lat' dir='ltr'>conferat,</span> <span class='ocrx_word' id='word_1_234' title='bbox 614 2312 706 2367; x_wconf 85' lang='lat' dir='ltr'>qui,</span> <span class='ocrx_word' id='word_1_235' title='bbox 740 2312 846 2354; x_wconf 88' lang='lat' dir='ltr'>dum</span> <span class='ocrx_word' id='word_1_236' title='bbox 876 2311 1238 2355; x_wconf 89' lang='lat' dir='ltr'>confessionibus</span> <span class='ocrx_word' id='word_1_237' title='bbox 1263 2311 1500 2354; x_wconf 81' lang='lat' dir='ltr'>audiendis</span> <span class='ocrx_word' id='word_1_238' title='bbox 1527 2311 1604 2354; x_wconf 93' lang='lat' dir='ltr'>dat</span> <span class='ocrx_word' id='word_1_239' title='bbox 1637 2325 1837 2366; x_wconf 87' lang='lat' dir='ltr'>operam,</span> <span class='ocrx_word' id='word_1_240' title='bbox 1869 2310 1924 2353; x_wconf 86' lang='lat' dir='ltr'>si-</span> 
     </span>
     <span class='ocr_line' id='line_1_29' title="bbox 287 2387 1922 2448; baseline -0.002 -14"><span class='ocrx_word' id='word_1_241' title='bbox 287 2406 429 2448; x_wconf 74' lang='lat' dir='ltr'>gnum</span> <span class='ocrx_word' id='word_1_242' title='bbox 455 2390 624 2446; x_wconf 86' lang='lat' dir='ltr'>primae</span> <span class='ocrx_word' id='word_1_243' title='bbox 648 2403 829 2431; x_wconf 86' lang='lat' dir='ltr'>mensae</span> <span class='ocrx_word' id='word_1_244' title='bbox 852 2388 998 2440; x_wconf 91' lang='lat' dir='ltr'>audit;</span> <span class='ocrx_word' id='word_1_245' title='bbox 1026 2403 1128 2431; x_wconf 88' lang='lat' dir='ltr'>nam</span> <span class='ocrx_word' id='word_1_246' title='bbox 1152 2388 1260 2431; x_wconf 89' lang='lat' dir='ltr'>satis</span> <span class='ocrx_word' id='word_1_247' title='bbox 1283 2387 1544 2432; x_wconf 88' lang='lat' dir='ltr'>censebitur</span> <span class='ocrx_word' id='word_1_248' title='bbox 1575 2388 1761 2443; x_wconf 82' lang='lat' dir='ltr'>regulae</span> <span class='ocrx_word' id='word_1_249' title='bbox 1785 2387 1922 2432; x_wconf 82' lang='lat' dir='ltr'>fecis-</span> 
     </span>
    </p>
   </div>
   <div class='ocr_carea' id='block_1_5' title="bbox 287 2464 1992 2521">
    <p class='ocr_par' dir='ltr' id='par_1_8' title="bbox 287 2464 1992 2521">
     <span class='ocr_line' id='line_1_30' title="bbox 287 2464 1992 2521; baseline -0.002 -9"><span class='ocrx_word' id='word_1_250' title='bbox 287 2483 350 2520; x_wconf 88' lang='lat' dir='ltr'>se,</span> <span class='ocrx_word' id='word_1_251' title='bbox 376 2468 412 2510; x_wconf 85' lang='lat' dir='ltr'>si</span> <span class='ocrx_word' id='word_1_252' title='bbox 436 2468 497 2510; x_wconf 89' lang='lat' dir='ltr'>ita</span> <span class='ocrx_word' id='word_1_253' title='bbox 521 2481 613 2509; x_wconf 88' lang='lat' dir='ltr'>rem</span> <span class='ocrx_word' id='word_1_254' title='bbox 648 2480 751 2508; x_wconf 89' lang='lat' dir='ltr'>cum</span> <span class='ocrx_word' id='word_1_255' title='bbox 782 2465 1041 2521; x_wconf 85' lang='lat' dir='ltr'>poenitente</span> <span class='ocrx_word' id='word_1_256' title='bbox 1072 2465 1361 2521; x_wconf 86' lang='lat' dir='ltr'>disposuerit,</span> <span class='ocrx_word' id='word_1_257' title='bbox 1389 2473 1435 2508; x_wconf 87' lang='lat' dir='ltr'>vt</span> <span class='ocrx_word' id='word_1_258' title='bbox 1459 2465 1649 2508; x_wconf 89' lang='lat' dir='ltr'>liberum</span> <span class='ocrx_word' id='word_1_259' title='bbox 1680 2464 1739 2507; x_wconf 90' lang='lat' dir='ltr'>sit</span> <span class='ocrx_word' id='word_1_260' title='bbox 1767 2466 1824 2507; x_wconf 90' lang='lat' dir='ltr'>ad</span> <span class='ocrx_word' id='word_1_261' title='bbox 1854 2480 1923 2509; x_wconf 88' lang='lat' dir='ltr'>se·</span> <span class='ocrx_word' id='word_1_262' title='bbox 1989 2495 1992 2498; x_wconf 58' lang='lat'>&lt;</span> 
     </span>
    </p>
   </div>
   <div class='ocr_carea' id='block_1_6' title="bbox 282 2541 1924 2908">
    <p class='ocr_par' dir='ltr' id='par_1_9' title="bbox 285 2541 1920 2676">
     <span class='ocr_line' id='line_1_31' title="bbox 285 2541 1920 2598; baseline -0.003 -10"><span class='ocrx_word' id='word_1_263' title='bbox 285 2546 481 2589; x_wconf 90' lang='lat' dir='ltr'>cundam</span> <span class='ocrx_word' id='word_1_264' title='bbox 506 2558 706 2586; x_wconf 87' lang='lat' dir='ltr'>mensam</span> <span class='ocrx_word' id='word_1_265' title='bbox 737 2541 1023 2598; x_wconf 84' lang='lat' dir='ltr'>tempestiue,</span> <span class='ocrx_word' id='word_1_266' title='bbox 1050 2543 1119 2585; x_wconf 85' lang='lat' dir='ltr'>vel</span> <span class='ocrx_word' id='word_1_267' title='bbox 1142 2549 1264 2585; x_wconf 89' lang='lat' dir='ltr'>certe</span> <span class='ocrx_word' id='word_1_268' title='bbox 1295 2556 1385 2584; x_wconf 90' lang='lat' dir='ltr'>non</span> <span class='ocrx_word' id='word_1_269' title='bbox 1419 2542 1661 2584; x_wconf 89' lang='lat' dir='ltr'>admodum</span> <span class='ocrx_word' id='word_1_270' title='bbox 1696 2541 1773 2583; x_wconf 92' lang='lat' dir='ltr'>diu</span> <span class='ocrx_word' id='word_1_271' title='bbox 1798 2550 1920 2597; x_wconf 87' lang='lat' dir='ltr'>post,</span> 
     </span>
     <span class='ocr_line' id='line_1_32' title="bbox 286 2619 1476 2676; baseline -0.004 -11"><span class='ocrx_word' id='word_1_272' title='bbox 286 2622 549 2672; x_wconf 91' lang='lat' dir='ltr'>conuenire,</span> <span class='ocrx_word' id='word_1_273' title='bbox 576 2619 838 2676; x_wconf 88' lang='lat' dir='ltr'>praesertim</span> <span class='ocrx_word' id='word_1_274' title='bbox 862 2619 899 2661; x_wconf 87' lang='lat' dir='ltr'>si</span> <span class='ocrx_word' id='word_1_275' title='bbox 923 2619 1171 2662; x_wconf 84' lang='lat' dir='ltr'>necessitas</span> <span class='ocrx_word' id='word_1_276' title='bbox 1194 2619 1284 2661; x_wconf 93' lang='lat' dir='ltr'>hoc</span> <span class='ocrx_word' id='word_1_277' title='bbox 1306 2619 1476 2675; x_wconf 87' lang='lat' dir='ltr'>exigat.</span> 
     </span>
    </p>

    <p class='ocr_par' dir='ltr' id='par_1_10' title="bbox 282 2694 1924 2908">
     <span class='ocr_line' id='line_1_33' title="bbox 375 2694 1923 2752; baseline -0.004 -10"><span class='ocrx_word' id='word_1_278' title='bbox 375 2697 724 2742; x_wconf 82' lang='lat' dir='ltr'>Contessoribus</span> <span class='ocrx_word' id='word_1_279' title='bbox 747 2695 948 2752; x_wconf 87' lang='lat' dir='ltr'>quotidie</span> <span class='ocrx_word' id='word_1_280' title='bbox 966 2696 1244 2738; x_wconf 90' lang='lat' dir='ltr'>concedatur</span> <span class='ocrx_word' id='word_1_281' title='bbox 1261 2696 1418 2738; x_wconf 90' lang='lat' dir='ltr'>saltem</span> <span class='ocrx_word' id='word_1_282' title='bbox 1438 2711 1525 2738; x_wconf 90' lang='lat' dir='ltr'>vna</span> <span class='ocrx_word' id='word_1_283' title='bbox 1544 2697 1670 2747; x_wconf 89' lang='lat' dir='ltr'>hora,</span> <span class='ocrx_word' id='word_1_284' title='bbox 1692 2709 1825 2750; x_wconf 89' lang='lat' dir='ltr'>quam</span> <span class='ocrx_word' id='word_1_285' title='bbox 1842 2694 1923 2736; x_wconf 90' lang='lat' dir='ltr'>im·</span> 
     </span>
     <span class='ocr_line' id='line_1_34' title="bbox 289 2771 1924 2833; baseline -0.004 -13"><span class='ocrx_word' id='word_1_286' title='bbox 289 2777 488 2833; x_wconf 86' lang='lat' dir='ltr'>pendant</span> <span class='ocrx_word' id='word_1_287' title='bbox 517 2774 679 2818; x_wconf 88' lang='lat' dir='ltr'>studiis</span> <span class='ocrx_word' id='word_1_288' title='bbox 708 2787 895 2816; x_wconf 89' lang='lat' dir='ltr'>casuum</span> <span class='ocrx_word' id='word_1_289' title='bbox 926 2771 1230 2815; x_wconf 87' lang='lat' dir='ltr'>conscientiae</span> <span class='ocrx_word' id='word_1_290' title='bbox 1262 2772 1330 2815; x_wconf 78' lang='lat' dir='ltr'>vel</span> <span class='ocrx_word' id='word_1_291' title='bbox 1364 2771 1461 2814; x_wconf 92' lang='lat' dir='ltr'>aliis</span> <span class='ocrx_word' id='word_1_292' title='bbox 1499 2773 1617 2815; x_wconf 90' lang='lat' dir='ltr'>vnde</span> <span class='ocrx_word' id='word_1_293' title='bbox 1649 2772 1810 2816; x_wconf 91' lang='lat' dir='ltr'>melius</span> <span class='ocrx_word' id='word_1_294' title='bbox 1841 2785 1924 2814; x_wconf 91' lang='lat' dir='ltr'>suo</span> 
     </span>
     <span class='ocr_line' id='line_1_35' title="bbox 282 2848 1924 2908; baseline -0.004 -11"><span class='ocrx_word' id='word_1_295' title='bbox 282 2854 435 2897; x_wconf 83' lang='lat' dir='ltr'>officio</span> <span class='ocrx_word' id='word_1_296' title='bbox 460 2852 590 2908; x_wconf 86' lang='lat' dir='ltr'>fungi</span> <span class='ocrx_word' id='word_1_297' title='bbox 614 2850 800 2907; x_wconf 88' lang='lat' dir='ltr'>possint;</span> <span class='ocrx_word' id='word_1_298' title='bbox 827 2857 872 2892; x_wconf 91' lang='lat' dir='ltr'>et</span> <span class='ocrx_word' id='word_1_299' title='bbox 895 2849 981 2892; x_wconf 92' lang='lat' dir='ltr'>nisi</span> <span class='ocrx_word' id='word_1_300' title='bbox 1004 2849 1250 2893; x_wconf 87' lang='lat' dir='ltr'>necessitas</span> <span class='ocrx_word' id='word_1_301' title='bbox 1278 2848 1477 2904; x_wconf 88' lang='lat' dir='ltr'>requirat</span> <span class='ocrx_word' id='word_1_302' title='bbox 1505 2864 1595 2891; x_wconf 89' lang='lat' dir='ltr'>non</span> <span class='ocrx_word' id='word_1_303' title='bbox 1626 2848 1845 2904; x_wconf 86' lang='lat' dir='ltr'>vulgaris,</span> <span class='ocrx_word' id='word_1_304' title='bbox 1870 2863 1924 2891; x_wconf 89' lang='lat' dir='ltr'>ea</span> 
     </span>
    </p>
   </div>
   <div class='ocr_carea' id='block_1_7' title="bbox 438 2958 569 2964">
    <p class='ocr_par' dir='ltr' id='par_1_11' title="bbox 438 2958 569 2964">
     <span class='ocr_line' id='line_1_36' title="bbox 438 2958 569 2964; baseline 0 0"><span class='ocrx_word' id='word_1_305' title='bbox 438 2958 569 2964; x_wconf 95' lang='lat' dir='ltr'> </span> 
     </span>
    </p>
   </div>
   <div class='ocr_carea' id='block_1_8' title="bbox 295 2961 434 2965">
    <p class='ocr_par' dir='ltr' id='par_1_12' title="bbox 295 2961 434 2965">
     <span class='ocr_line' id='line_1_37' title="bbox 295 2961 434 2965; baseline 0 0"><span class='ocrx_word' id='word_1_306' title='bbox 295 2961 434 2965; x_wconf 95' lang='lat' dir='ltr'> </span> 
     </span>
    </p>
   </div>
   <div class='ocr_carea' id='block_1_9' title="bbox 354 3015 1058 3064">
    <p class='ocr_par' dir='ltr' id='par_1_13' title="bbox 354 3015 1058 3064">
     <span class='ocr_line' id='line_1_38' title="bbox 354 3015 1058 3064; baseline -0.007 -9"><span class='ocrx_word' id='word_1_307' title='bbox 354 3031 371 3047; x_wconf 48' lang='grc' dir='ltr'>ἐι</span> <span class='ocrx_word' id='word_1_308' title='bbox 422 3030 442 3064; x_wconf 68' lang='lat'><strong>4</strong></span> <span class='ocrx_word' id='word_1_309' title='bbox 463 3020 537 3054; x_wconf 89' lang='lat' dir='ltr'>ult.</span> <span class='ocrx_word' id='word_1_310' title='bbox 562 3019 683 3054; x_wconf 89' lang='lat' dir='ltr'>verba</span> <span class='ocrx_word' id='word_1_311' title='bbox 701 3017 831 3052; x_wconf 89' lang='lat' dir='ltr'>addita</span> <span class='ocrx_word' id='word_1_312' title='bbox 850 3015 1058 3064; x_wconf 88' lang='lat' dir='ltr'>posterius.</span> 
     </span>
    </p>
   </div>
   <div class='ocr_carea' id='block_1_10' title="bbox 2017 0 2028 3426">
    <p class='ocr_par' dir='ltr' id='par_1_14' title="bbox 2017 0 2028 3426">
     <span class='ocr_line' id='line_1_39' title="bbox 2017 0 2028 3426; baseline 0 0"><span class='ocrx_word' id='word_1_313' title='bbox 2017 0 2028 3426; x_wconf 95' lang='lat' dir='ltr'> </span> 
     </span>
    </p>
   </div>
  </div>
 </body>
</html>
