2028 3426
556 247 787 285 ORATIONIS
814 257 1254 294 OBSERvArioNEs-7o
1601 260 1669 296 717

91 349 211 392 diam
234 349 591 404 contemplemur
615 357 659 391 et
682 350 790 392 alias
818 351 1118 406 perfectiones
1145 351 1339 403 diuinas,
1366 352 1606 408 aliquando
1636 369 1713 396 no—

90 433 228 468 stram
251 425 557 468 infirmitatem
582 434 625 468 et
649 434 849 480 peccata.
883 429 1086 484 Vtraque
1115 428 1312 483 denique
1340 430 1642 482 conferamus,
1670 440 1720 472 vt

89 502 135 544 in
157 501 324 544 nostris
347 501 537 545 miseriis
559 502 692 544 simul
715 503 868 559 vigeat
890 511 1054 560 gustus
1077 519 1129 547 ac
1151 519 1312 548 sensus
1335 505 1515 550 diuinae
1538 507 1715 549 bonita-

92 578 148 620 tis
168 592 221 621 ac
244 578 590 621 misericordiae.

176 656 348 698 Sensus
381 654 580 710 spiritus,
613 659 740 709 quasi
775 656 811 698 si
841 657 965 700 dicas
993 673 1263 701 concursum
1294 658 1475 702 diuinae
1504 660 1717 702 motionis

89 746 192 774 cum
223 731 444 787 superiori
473 738 600 787 parte
632 732 823 785 animae,
849 748 964 788 quae
986 737 1133 778 Deum
1163 735 1361 791 respicit,
1393 735 1580 792 dissipat
1608 752 1717 779 vero

89 816 409 864 oppugnantes
431 821 480 850 se
503 822 659 851 omnes
681 817 832 863 partes
855 810 1104 862 inferiores,
1130 812 1366 864 mundum,
1391 813 1650 856 daemones.

176 886 442 928 Cauendum
481 899 538 928 ne
570 893 754 947 propter
789 887 1013 929 humanos
1046 896 1279 943 respectus
1311 890 1382 933 vel
1414 889 1715 945 cogitationes

85 960 396 1003 dimoueamur
417 961 489 1004 vel
512 961 745 1003 minimum
770 962 949 1016 quidem
974 965 1029 1005 ab
1053 979 1122 1016 eO,
1149 969 1232 1011 253
1254 967 1375 1021 quod
1403 973 1558 1021 aperte
1590 966 1713 1009 vide-

86 1037 206 1080 bitur
228 1038 410 1093 exigere
433 1044 637 1080 nostrum
659 1038 916 1081 institutum
939 1047 983 1082 et
1006 1041 1206 1096 gratia...

171 1115 426 1170 Aliquoties
447 1117 503 1158 ad
532 1116 697 1168 locum,
724 1115 797 1157 vbi
832 1124 1035 1159 mortuus
1064 1127 1131 1161 est
1154 1119 1287 1162 Pater
1322 1120 1540 1175 Ignafius,
1567 1120 1713 1162 orauit

83 1191 264 1246 quidam
288 1206 391 1234 cum
414 1191 566 1234 multis
585 1191 809 1234 lachrimis
831 1193 1091 1246 spontaneis
1113 1209 1164 1236 ac
1187 1195 1395 1237 dulcibus
1417 1195 1462 1237 in
1485 1195 1712 1238 suauitate

84 1267 365 1311 humilitatis.

171 1346 271 1388 Lux
293 1360 476 1401 magna,
503 1347 625 1400 quod
648 1347 865 1407 singulari
888 1363 958 1392 me
981 1349 1126 1404 gratia
1147 1357 1454 1404 prosequutus
1477 1350 1533 1392 sit
1555 1350 1709 1392 Domi-

83 1437 184 1474 nus,
210 1421 287 1476 qui
317 1436 425 1465 cura
453 1428 540 1470 254
573 1423 714 1466 voluit
744 1425 1017 1479 praeleuari,
1050 1439 1137 1479 qua
1166 1425 1253 1468 iam
1283 1426 1509 1468 decimum
1538 1441 1706 1468 annum

80 1499 307 1555 grauabar
336 1501 642 1552 vehementer,
676 1500 876 1555 illudque
904 1501 1028 1543 visus
1051 1516 1150 1543 sum
1182 1502 1332 1544 videre
1361 1502 1497 1545 vitam
1521 1502 1629 1544 mihi
1661 1502 1705 1543 in

80 1575 409 1632 longitudinem
435 1584 633 1632 apertam
657 1577 702 1619 in
725 1577 1019 1630 iucunditate,
1041 1593 1154 1633 quae
1172 1586 1275 1621 ante
1294 1581 1379 1621 hoc
1397 1586 1575 1635 tempus
1593 1593 1706 1621 con-

80 1653 206 1695 clusa
228 1651 483 1704 videbatur,
509 1653 636 1708 quasi
659 1653 704 1695 in
728 1653 844 1696 diem
867 1654 1066 1697 viuerem
1090 1655 1210 1697 curis
1233 1670 1474 1711 oppressus
1491 1663 1537 1697 et
1555 1655 1705 1698 solici-

80 1729 252 1771 tudine.

169 1807 342 1849 Sensus
364 1807 601 1849 vndecimo
625 1807 842 1862 Augusti,
864 1807 939 1863 qui
957 1807 1051 1850 dies
1069 1815 1137 1850 est
1161 1807 1267 1853 mihi
1285 1809 1598 1863 genethliacus
1618 1809 1704 1851 mei

13 1914 24 1918 -
79 1882 209 1924 nihili
232 1890 277 1926 et
299 1883 385 1927 Dei
408 1883 733 1939 operationis...

164 1964 233 2006 261
268 1959 470 2003 Verbum
494 1959 578 2002 Dei
601 1960 646 2001 in
670 1960 828 2015 spiritu
851 1961 943 2003 vita
973 1969 1169 2013 aeterna,
1197 1963 1317 2016 quod
1339 1962 1521 2014 sentire,
1547 1970 1703 2017 gusta—

76 2052 139 2089 re,
165 2037 299 2079 corde
322 2036 536 2092 recipere,
563 2044 606 2080 et
629 2037 855 2092 amplecti,
882 2038 1151 2094 praecipuus
1174 2047 1243 2080 est
1272 2039 1486 2082 orationis
1508 2041 1699 2082 fructus.

75 2114 207 2157 Vnde
244 2113 512 2156 suauissime
550 2113 782 2157 deriuatur
819 2114 925 2156 vnio
963 2116 1017 2157 ad
1050 2115 1287 2158 ecclesiam
1322 2115 1608 2169 catholicam,
1646 2117 1701 2158 ad

76 2189 180 2245 Xpi.
218 2189 451 2242 vicarium,
488 2191 543 2232 ad
567 2190 839 2233 ,traditiones
861 2206 1017 2234 omnes
1045 2199 1089 2234 et
1119 2192 1396 2235 ceremonias
1425 2192 1703 2236 ecclesiasti-

77 2279 169 2319 cas,
194 2265 466 2318 obedientia,
491 2273 578 2308 etc.

165 2344 264 2385 Lux
286 2342 332 2386 in
361 2342 647 2385 immaculata
671 2342 915 2398 genetricis
938 2344 1022 2387 Dei
1047 2345 1360 2400 conceptione,
1386 2346 1430 2387 in
1454 2360 1541 2400 qua
1565 2354 1608 2387 et
1634 2346 1700 2387 in-

76 2419 364 2474 telligebatur
397 2426 684 2474 praeseruata
716 2426 809 2461 tota
838 2420 1040 2471 materia,
1074 2403 1190 2475 qiiae
1219 2421 1538 2465 animationem
1569 2437 1697 2477 prae-

75 2495 225 2548 cessit,
251 2503 296 2537 et
317 2495 465 2539 anima
488 2511 512 2538 a
536 2503 724 2550 peccato
745 2496 792 2537 in
815 2495 910 2551 ipsa
933 2497 1164 2540 creatione
1188 2504 1323 2552 atque
1339 2498 1580 2541 infusione.
1603 2499 1700 2540 Nec

77 2585 232 2626 aspere
255 2586 353 2615 esse
376 2572 603 2627 agendum
628 2572 846 2614 aduersus
870 2586 963 2623 eos,
990 2572 1065 2627 qui
1085 2581 1245 2616 contra
1263 2573 1480 2627 sentiunt,
1501 2574 1580 2616 sed
1597 2575 1696 2615 dul-

76 2648 188 2691 citer
209 2663 261 2691 ac
284 2649 466 2691 deuote:
493 2649 557 2691 sic
582 2648 756 2691 facilius
779 2651 894 2690 hanc
917 2663 1017 2691 esse
1040 2649 1274 2693 veritatem
1299 2657 1618 2712 accepturos...

163 2725 212 2766 In
228 2724 519 2768 meditatione
539 2725 655 2767 vitae
668 2725 837 2768 Christi
855 2740 908 2769 ex
923 2726 1242 2769 concordantia
1257 2726 1371 2782 legis
1385 2726 1702 2781 euangelicae,

76 2815 267 2857 magnae
296 2816 348 2844 ac
377 2802 544 2845 multae
568 2801 890 2846 illustrationes
923 2802 1192 2857 spirituales,
1220 2817 1334 2857 quae
1356 2803 1392 2845 si
1415 2810 1565 2846 essent
1587 2803 1698 2845 scri-

77 2876 267 2929 bendae,
288 2892 504 2934 magnum
524 2886 703 2933 tempus
721 2878 1013 2921 insumerent:
1036 2878 1160 2921 dabit
1178 2880 1322 2934 Xpus.
1346 2886 1391 2919 vt
1415 2878 1460 2921 id
1476 2879 1641 2934 possim
1667 2881 1695 2920 ¹.

148 2981 157 3001 ¹
208 2981 251 3016 Id
274 2982 430 3028 quidem
456 2983 615 3029 egregie
646 2983 839 3029 praestitit
864 2983 1011 3018 Natalis
1044 2982 1189 3018 ultimis
1221 2983 1324 3018 vitae
1355 2995 1447 3018 suae
1477 2983 1606 3021 annis.
1634 2984 1696 3019 Cf.

78 3039 205 3087 Epist.
221 3042 268 3077 P.
283 3041 431 3082 Nadal,
445 3042 516 3088 111,
528 3051 612 3087 700,
624 3041 709 3087 739,
721 3048 813 3085 etc.;
827 3048 866 3077 et
881 3041 991 3085 infra,
1008 3047 1296 3078 monumentum
1313 3043 1384 3077 sub
1399 3054 1436 3077 n.
1454 3051 1493 3085 71
1513 3042 1693 3089 positum.
