2028 3426
567 239 799 278 ORATloNIS
824 250 1267 289 OBSERVATIONES—-7o
1615 246 1685 291 697

194 343 504 399 Incipiendum
528 342 644 386 serio
666 343 713 386 in
730 343 843 387 dies.

193 419 402 463 Orationi
420 419 538 463 serio
556 434 608 462 ac
626 419 803 463 fortiter
821 420 1191 472 incumbendum,
1205 421 1284 463 sed
1303 422 1358 464 ad
1376 437 1473 465 earn
1493 423 1730 474 rationem,

102 510 220 551 quae
242 495 421 551 propria
442 503 511 539 est
534 495 829 540 Societatis...

192 574 385 628 Qualem
410 573 623 628 accepisti
646 573 837 629 gratiam
861 573 904 614 in
929 574 1165 616 vocatione
1189 582 1266 616 tua
1288 573 1566 629 particulari,
1596 577 1731 619 talem

103 649 259 704 accipe
295 649 341 691 in
379 649 623 692 vniuersali
661 649 864 692 omnium
903 650 1154 702 hominum,
1191 665 1307 705 quae
1339 658 1407 694 est
1440 651 1546 706 Xpi.
1586 652 1732 707 gratia

104 733 238 780 atque
261 726 526 781 euangelica
550 726 743 779 vocati03
769 726 965 782 accipies
994 726 1112 770 enim
1137 727 1401 771 charitatem
1424 727 1653 779 maiorem,
1683 736 1732 769 vt

104 804 215 845 haec
237 802 339 845 finis
363 803 482 845 illius
511 810 595 847 est:
632 803 706 846 illa
734 817 853 858 pars,
884 804 996 846 haec
1031 811 1191 846 toturn:
1223 804 1347 846 viuat
1376 803 1514 860 igitur
1543 811 1732 860 vtraque

103 879 264 935 gratia,
290 887 480 934 Vtraque
509 879 778 923 illuminatio
804 880 878 924 163
906 879 952 922 in
983 888 1041 932 te3
1075 881 1154 923 sed
1183 881 1286 925 vide
1314 895 1371 923 ne
1399 881 1461 923 ita
1486 881 1602 936 parti
1634 882 1730 923 affi-

102 955 248 1010 ciaris,
274 964 322 998 vt
349 957 433 999 fias
456 956 762 1013 negligentior
785 956 831 999 in
862 964 955 999 tota
977 957 1052 1000 illa
1075 968 1119 1001 et
1142 960 1341 1013 perfecta
1357 960 1468 1015 Jesu
1492 957 1597 1013 Xpi.
1624 972 1729 1013 gra-

105 1033 164 1076 tia
185 1048 237 1076 ac
260 1033 497 1085 charitate,
525 1034 704 1077 tametsi
727 1035 782 1076 ad
806 1033 932 1076 initia
950 1034 1197 1077 nouitiatus
1214 1035 1259 1076 in
1278 1034 1573 1090 religionibus
1591 1035 1731 1078 soleat

101 1110 386 1165 particularis
410 1110 484 1153 illa
507 1125 606 1154 esse
628 1110 899 1164 sensibilior,
933 1119 980 1153 vt
1001 1126 1116 1166 quae
1140 1126 1219 1167 pro
1252 1111 1400 1155 medio
1428 1111 1621 1154 donetur
1648 1126 1729 1153 vo-

102 1186 213 1230 catis
236 1187 280 1229 in
302 1189 423 1243 Xpo.
444 1190 571 1244 JeSU.

190 1262 362 1318 Accipe
384 1271 520 1318 atque
543 1278 705 1307 exerce
728 1263 969 1320 diligenter
992 1264 1218 1315 vnionem,
1246 1279 1380 1320 quam
1400 1263 1479 1305 tibi
1497 1263 1727 1319 gratifica-

104 1345 175 1381 tur
197 1339 381 1394 spiritus
404 1340 586 1383 Domini
610 1341 665 1383 ad
689 1341 923 1383 Christum
942 1343 1115 1398 Jesum,
1140 1348 1275 1395 atque
1297 1341 1393 1384 eius
1416 1340 1655 1396 potentias,
1680 1347 1729 1382 vt

103 1416 272 1459 sentias
294 1416 340 1458 in
363 1416 521 1472 spiritu
553 1424 597 1461 te
619 1432 697 1473 per
727 1417 824 1461 eius
848 1417 1127 1460 intellectum
1161 1417 1429 1473 intelligere,
1461 1432 1542 1472 per
1569 1417 1728 1459 volun-

103 1500 240 1535 tatem
263 1494 396 1546 velle,
421 1509 501 1549 per
525 1494 785 1537 memoriam
811 1494 1052 1546 recordari,
1080 1501 1315 1548 totumque
1339 1501 1382 1536 te
1404 1500 1449 1536 et
1471 1507 1570 1536 esse
1593 1500 1637 1536 et
1657 1493 1726 1534 vi-

105 1583 211 1611 uere
233 1577 277 1612 et
300 1570 489 1625 operari,
516 1585 606 1613 non
630 1570 674 1612 in
699 1577 758 1622 te,
784 1571 863 1614 sed
886 1570 932 1612 in
956 1572 1094 1626 Xpo.,
1122 1573 1234 1614 haec
1257 1577 1325 1613 est
1348 1570 1483 1612 huius
1513 1569 1726 1625 temporis

101 1645 320 1701 perfectio
342 1661 535 1699 summa,
561 1647 705 1690 virtus
728 1647 897 1699 diuina,
925 1647 1197 1690 admirabilis
1220 1647 1436 1689 suauitas.

188 1723 305 1766 Vota
328 1723 558 1779 religionis
582 1732 882 1779 votorumque
904 1724 1065 1780 gratia,
1088 1731 1264 1779 praeter
1286 1723 1386 1775 alia,
1413 1737 1528 1777 quae
1551 1722 1724 1778 gratifi-
1763 1752 1767 1755 -

101 1806 246 1853 catur,
271 1799 382 1842 illud
405 1807 474 1843 est
497 1800 777 1856 precipuum,
804 1808 852 1842 vt
875 1802 988 1844 fines
1012 1815 1156 1843 vanos
1178 1799 1416 1853 intercidat
1440 1807 1575 1854 atque
1603 1813 1724 1841 amo-

101 1882 206 1919 ueat
227 1885 482 1919 nostrarum
506 1876 755 1928 actionum,
782 1884 827 1921 et
848 1877 1101 1920 libertatem
1128 1876 1277 1927 faciat,
1304 1890 1392 1930 qua
1424 1890 1502 1931 per
1534 1874 1724 1931 gratiam

100 1953 185 1996 Dei
207 1967 362 1996 omnes
386 1960 566 1996 nostrae
594 1953 878 2008 operationes
906 1955 961 1996 ad
984 1956 1132 1996 Deum
1155 1954 1447 1996 intendantur
1471 1952 1548 1995 ¹54
1573 1966 1625 1994 ac
1654 1950 1723 1993 di—

100 2029 320 2085 rigantur.
348 2031 463 2072 Nam
488 2030 698 2082 demitur,
725 2045 802 2086 per
826 2038 1155 2086 paupertatem,
1180 2029 1299 2080 finis,
1325 2029 1401 2084 qui
1424 2029 1481 2070 ad
1503 2028 1721 2070 mundum

98 2105 304 2158 attineat;
330 2121 408 2161 per
431 2106 700 2159 castitatem,
728 2107 803 2163 qui
827 2108 883 2150 ad
906 2122 1103 2159 carnem3
1129 2121 1207 2162 per
1229 2105 1546 2157 obedientiam,
1573 2104 1649 2159 qui
1667 2105 1722 2146 ad

97 2182 325 2238 proprium
359 2183 574 2225 iudicium
607 2184 680 2227 vel
711 2184 1008 2235 voluntatem,
1045 2183 1209 2238 quibus
1241 2182 1408 2225 finibus
1442 2181 1624 2233 relictis,
1661 2179 1722 2222 nil

97 2265 251 2311 restat,
277 2274 367 2314 quo
389 2266 663 2314 spectemus,
689 2259 775 2302 nisi
797 2262 923 2304 Deus
946 2259 1367 2315 superbenedictuS.

186 2335 480 2387 Obdormiuit
503 2335 549 2377 in
570 2335 769 2379 Domino
793 2339 928 2380 Pater
951 2336 1156 2392 Ignatius
1178 2335 1250 2377 die
1278 2334 1456 2378 veneris
1485 2335 1541 2376 ad
1572 2341 1719 2376 ortum

97 2410 202 2454 solis
226 2424 276 2465 31
297 2411 406 2468 Julii
435 2413 560 2466 1556,
586 2420 720 2455 natus
743 2427 886 2455 annos
908 2415 980 2466 64,
1008 2427 1128 2455 anno
1151 2420 1252 2467 post
1275 2410 1514 2455 Societatis
1542 2410 1720 2452 institu-

97 2487 263 2530 tionem
291 2489 358 2531 16.
386 2490 485 2545 Ego
507 2503 629 2532 eram
652 2489 889 2533 Simancae
912 2489 958 2532 in
981 2489 1217 2544 Hispania,
1250 2488 1327 2529 vbi
1356 2495 1503 2529 tamen
1528 2487 1718 2541 primum

97 2564 276 2617 resciui,
301 2566 425 2619 quod
447 2565 533 2607 fuit
555 2565 805 2609 Vallisoleti
828 2581 983 2610 mense
1006 2564 1277 2621 Septembri,
1306 2563 1491 2606 tristicia
1508 2562 1716 2617 primum,

97 2641 176 2683 sed
199 2655 314 2696 quae
336 2641 487 2683 statim
517 2648 586 2684 est
617 2649 838 2697 occupata
860 2641 1071 2685 firmitate
1100 2641 1292 2696 quadam
1316 2640 1498 2695 spiritus
1520 2646 1563 2682 et
1592 2639 1719 2680 exul-

98 2716 282 2768 tatione,
309 2724 395 2760 etc.

184 2793 288 2836 Fuit
309 2793 355 2836 in
378 2801 522 2838 morte
545 2797 598 2837 P.
626 2796 789 2851 Ignatii
811 2795 1041 2838 humilitas
1063 2795 1250 2851 insignis
1268 2794 1311 2836 in
1332 2793 1464 2835 modo
1481 2790 1716 2841 moriendi,

97 2869 223 2923 quasi
247 2869 323 2924 qui
345 2884 393 2913 se
422 2870 677 2927 negligeret
708 2873 923 2927 perfecte,
956 2879 1001 2914 et
1030 2872 1086 2913 ab
1114 2870 1211 2913 aliis
1240 2869 1551 2925 negligeretur
1572 2867 1717 2909 omni—

95 2945 197 2997 bus,
227 2947 346 2988 vnde
374 2946 602 3001 significat
634 2947 764 2990 nobis
793 2949 939 3003 Xpus.
976 2961 1106 3001 quem
1142 2945 1436 2989 habuerimus
1464 2945 1642 2996 ducem,
1674 2950 1719 2985 et

95 3033 228 3078 quern
251 3021 392 3063 simus
413 3036 590 3077 semper
619 3023 836 3075 habituri,
863 3036 1023 3078 nempe
1046 3023 1213 3077 Xpum.
1241 3021 1286 3063 in
1309 3019 1509 3077 generali
1533 3026 1711 3062 nostro.
