2028 3426
704 217 1083 254 INSTRUCTmNEs-
1091 218 1133 252 61
1613 228 1659 263 44
1663 227 1683 263 5

106 319 290 362 inferior
312 323 415 361 curn
438 318 668 374 superiore
691 333 789 370 suo,
816 333 949 373 quem
972 320 1107 362 habet
1135 318 1234 361 vice
1262 318 1429 360 domini
1462 319 1602 361 nostri
1627 321 1728 364 Iesu

45 427 47 429 ·
104 395 293 439 Christi.
318 396 492 438 Caueat
514 402 663 437 autem
688 410 792 437 cum
815 395 937 437 omni
960 394 1209 450 diligentia,
1231 410 1287 438 ne
1310 403 1491 450 propter
1514 391 1601 438 hoc
1625 411 1725 437 mu-

85 468 188 514 ⁴nus
210 471 397 514 debilior
420 472 630 514 reddatur
652 472 707 513 ad
730 471 1030 514 obedientiam
1054 479 1099 514 et
1121 471 1438 523 reuerentiam,
1465 478 1559 513 tum
1585 472 1725 515 inter-

103 564 222 600 nam,
250 556 345 590 tum
368 556 615 599 externam,
643 563 776 602 quam
800 549 935 591 debet
952 548 1190 604 superiori.

189 626 335 669 Debet
358 632 508 668 autem
527 626 768 668 admonere
785 639 887 667 eum
907 633 1099 677 secreto,
1120 633 1165 668 et
1187 627 1308 680 quod
1325 627 1381 668 ad
1400 625 1723 681 obligationem

99 702 195 746 eius
217 702 521 745 conscientiae
543 702 718 753 attinet,
744 703 877 744 etiam
901 704 956 744 de
979 702 1144 758 quibus
1162 703 1208 744 in
1232 704 1328 745 foro
1350 702 1561 745 exteriori
1579 716 1722 744 noue-

98 779 170 831 rit,
191 793 281 821 non
303 780 448 821 solum
472 794 550 834 per
571 793 635 830 se,
661 779 740 821 sed
763 778 898 820 etiam
920 794 999 834 per
1022 781 1319 831 consultores,
1347 794 1460 834 quos
1489 780 1624 822 debet
1648 793 1722 820 ro—

98 870 223 911 gare,
248 856 285 898 si
309 856 417 910 quid
439 862 613 898 notent.

186 932 258 977 198
282 934 360 984 Ea,
386 934 441 976 de
463 932 627 987 quibus
649 933 890 976 admonere
912 947 1014 975 eum
1033 933 1184 983 debet,
1210 942 1316 974 sunt
1340 947 1454 988 quae
1477 933 1533 974 ad
1562 946 1720 987 perso-

95 1025 199 1053 nam
222 1010 319 1052 eius
341 1016 564 1064 spectant,
590 1016 725 1063 atque
762 1009 896 1052 etiam
934 1009 1133 1052 officium
1157 1018 1201 1052 et
1239 1009 1536 1052 ministerium
1557 1008 1717 1065 ipsius,

95 1101 210 1142 quae
234 1086 406 1128 facilius
429 1085 646 1137 inueniet,
672 1086 708 1128 si
732 1086 854 1141 legat
877 1099 904 1139 4
926 1099 1022 1141 cap.
1050 1094 1132 1142 9:³0
1156 1086 1296 1141 partis
1313 1093 1479 1137 const,
1501 1093 1545 1128 et
1563 1086 1598 1128 si
1622 1086 1720 1130 eius

93 1162 292 1205 officium
315 1169 524 1206 accurate
547 1162 893 1214 animaduertat,
920 1162 992 1204 cui
1015 1163 1148 1204 datus
1171 1170 1239 1206 est
1269 1163 1537 1205 admonitor.
1560 1163 1717 1205 Breui-

93 1246 174 1282 ter:
195 1240 252 1283 de
270 1239 481 1282 omnibus
499 1246 543 1282 et
561 1245 708 1294 potest
725 1247 768 1281 et
786 1238 920 1280 debet
937 1239 1193 1290 admonere,
1210 1240 1266 1282 de
1284 1239 1464 1293 quibus,
1479 1246 1716 1294 postquam

92 1318 190 1359 Deo
213 1331 260 1359 se
288 1316 629 1362 commendarit,
656 1316 991 1358 admonendum
1014 1330 1113 1358 esse
1131 1315 1413 1357 indicauerit.

178 1393 293 1435 Cum
317 1391 573 1435 admonitus
596 1392 652 1435 de
690 1391 851 1446 quauis
875 1406 920 1435 re
943 1392 1163 1446 superior,
1190 1392 1437 1434 remedium
1468 1406 1559 1433 non
1583 1392 1713 1434 adhi-

88 1471 180 1521 bet,
201 1477 353 1511 Vtatur
372 1468 793 1512 tamen·admonitor
811 1476 914 1510 actu
934 1467 1215 1512 obedientiae
1232 1468 1490 1512 intellectus
1506 1468 1551 1510 in
1571 1468 1714 1510 omni-

89 1547 198 1597 bus,
231 1552 366 1601 prout
393 1546 544 1596 debet,
576 1544 702 1587 iuxta
726 1544 981 1586 institutum
1012 1544 1265 1588 Societatis.
1300 1546 1521 1599 Repetere
1559 1552 1712 1587 tamen

89 1629 240 1678 potest
257 1629 302 1665 et
324 1623 475 1673 debet,
495 1621 532 1665 si
551 1621 770 1672 videatur,
792 1628 837 1665 et
854 1620 1203 1664 admonitionem
1221 1622 1359 1664 semel
1376 1629 1511 1675 atque
1528 1621 1708 1672 iterum,

91 1700 171 1743 sed
195 1700 352 1741 eodem
377 1700 527 1749 modo,
553 1705 596 1740 et
614 1697 859 1753 praeniissa
875 1698 1090 1740 oratione.

176 1776 240 1827 Si,
268 1776 344 1818 vbi
367 1777 453 1818 hoc
477 1775 648 1826 fecerit,
675 1790 764 1817 non
788 1776 1056 1818 adhibeatur
1079 1774 1342 1825 remedium,
1364 1775 1408 1816 in
1433 1790 1480 1817 re
1503 1789 1706 1830 praeser—
1762 1766 1766 1770 ⁴

88 1853 166 1896 tim
192 1853 340 1909 graui,
366 1852 535 1895 scribet
557 1851 810 1894 admonitor
828 1851 1007 1906 quidem
1030 1851 1184 1894 localis
1214 1851 1471 1906 praepositi,
1503 1852 1707 1902 rectoris,

86 1937 131 1974 et
154 1928 367 1985 praefecti
393 1928 686 1984 probationis,
707 1929 762 1969 ad
786 1927 1124 1983 prouincialem3
1147 1929 1267 1982 quod
1284 1928 1320 1970 si
1344 1927 1416 1970 hic
1438 1942 1527 1970 non
1552 1928 1708 1983 proui-

85 2008 205 2057 deat,
232 2006 288 2048 ad
317 2004 686 2056 commissarium3
713 2006 799 2046 hoc
824 2019 930 2048 vero
957 2004 1090 2047 etiam
1122 2004 1191 2048 199
1221 2019 1311 2046 non
1339 2003 1624 2060 prouidente,
1651 2005 1708 2046 ad

87 2083 359 2139 generalem.
381 2081 701 2124 Admonitores
718 2088 868 2123 autem
887 2081 1230 2136 prouincialium
1250 2082 1448 2124 referent
1470 2082 1526 2124 de
1549 2081 1635 2123 illis
1653 2082 1709 2123 ad

86 2158 457 2202 commissarium.
485 2158 622 2212 Quod
644 2157 680 2200 si
703 2157 798 2212 ipse
826 2172 916 2199 non
950 2157 1198 2212 prouideat,
1226 2158 1282 2200 ad
1306 2158 1580 2212 generalem.
1609 2159 1705 2200 Ad—

84 2234 276 2278 monitor
299 2249 429 2290 porro
451 2233 745 2276 commissarii
769 2235 824 2276 ad
846 2235 1123 2289 generalem.
1158 2235 1284 2277 Haec
1303 2233 1479 2276 facilius
1502 2242 1707 2289 praesta-

84 2311 165 2363 bit,
186 2311 223 2353 si
245 2310 546 2354 confessarius
564 2325 656 2352 non
675 2310 732 2352 sit
749 2309 880 2352 simul
899 2310 1166 2353 admonitor.
1187 2311 1324 2365 Quod
1339 2319 1387 2352 vt
1405 2311 1566 2366 possit,
1587 2325 1706 2353 com-

86 2387 263 2430 modius
290 2396 408 2430 esset
437 2386 472 2429 si
502 2401 593 2429 non
621 2394 740 2430 esset
768 2377 1085 2438 confessarius,
1110 2401 1249 2441 quum
1273 2401 1511 2430 necessum
1535 2402 1625 2429 non
1649 2388 1706 2429 sit

84 2479 140 2507 ex
169 2463 511 2515 constitutione,
552 2470 596 2505 et
633 2462 719 2505 iam
758 2464 978 2505 hactenus
1012 2477 1035 2517 3
1074 2464 1308 2518 generales
1347 2478 1435 2506 non
1460 2463 1703 2506 habuerint

87 2541 281 2584 eundem
305 2540 629 2583 admonitorem
652 2547 697 2582 et
719 2539 1060 2583 confessarium.

84 2665 459 2704 QUEMADMODUM
482 2666 537 2695 SE
555 2665 745 2694 GERERE
763 2666 950 2694 DEBEAT
975 2665 1210 2695 SUPERIOR
1234 2666 1331 2695 CUM
1358 2664 1703 2694 PRUCURATORE

630 2741 793 2771 DOMUS
818 2742 908 2770 VEL
930 2741 1153 2771 COLLEGII

169 2847 331 2890 Videat
353 2861 464 2901 quas
487 2847 540 2888 ad
565 2861 635 2889 res
657 2845 714 2888 sit
736 2845 941 2897 idoneus,
966 2854 1011 2888 et
1034 2846 1198 2900 quibus
1230 2846 1274 2887 in
1305 2848 1439 2888 rebus
1469 2846 1529 2887 illi
1560 2848 1701 2902 possit

81 2923 235 2974 fidere,
262 2922 349 2967 200
372 2929 507 2977 atque
529 2922 570 2964 ei
591 2922 635 2964 in
659 2922 712 2964 iis
733 2923 854 2965 fidat.
878 2924 947 2965 De
971 2924 1057 2964 hoc
1087 2930 1237 2965 autem
1268 2922 1630 2966 commissionem
1655 2932 1701 2966 et

80 2998 420 3042 instructionem
435 3000 613 3041 habeat
634 3014 659 3041 a
681 2997 1097 3054 prouincialisNam
1121 2997 1156 3040 si
1180 3000 1323 3040 solum
1349 3005 1475 3040 curet
1501 3013 1592 3041 rem
1615 3014 1694 3055 pe-
