2028 3426
489 255 763 290 MONUMENTA
791 254 1045 290 GERMAMAE
1057 274 1059 277 «
1071 252 1408 297 SUPER10R18—37
1648 262 1710 298 241

224 356 442 399 Seruetur
469 356 628 411 regula
658 371 716 400 ne
743 355 923 398 mittant
950 354 1124 409 aliquos
1154 353 1465 396 internuncios
1496 355 1570 397 uel
1608 355 1758 397 literas

133 433 304 486 absque
327 446 553 476 consensu
575 431 834 487 superioris.

219 509 289 552 Ne
306 508 553 564 accipiatur
574 523 755 561 munus,
781 509 866 551 nisi
887 509 1020 552 detur
1042 507 1249 564 collegio,
1277 521 1328 550 ac
1347 514 1455 549 tunc
1473 507 1556 550 erit
1575 508 1760 550 rectoris

131 584 331 629 iudicare
353 600 408 627 an
432 585 495 626 illi
517 585 573 627 sit
596 585 811 635 dandum,
833 586 905 628 cui
929 585 1137 640 mittitur,
1160 592 1207 626 vt
1229 584 1430 640 legitime
1453 583 1526 626 ille
1549 584 1755 639 accipiat,

131 661 168 703 si
194 669 261 705 est
283 661 612 717 accipiendum.

219 739 382 793 Quoad
404 738 501 780 eius
524 738 620 781 fieri
643 745 806 793 potest,
833 753 990 782 omnes
1012 746 1196 782 seruent
1218 739 1415 794 regulas3
1441 745 1486 780 et
1517 737 1759 793 diligenter

129 815 341 858 obseruet
363 822 525 866 rector,
551 822 595 858 et
618 815 883 870 praesertim
907 829 1000 866 eos,
1027 815 1104 870 qui
1126 815 1271 871 magis
1289 822 1428 870 egent
1445 814 1695 869 disciplina.

217 892 256 933 A
280 894 410 947 tergo
435 892 589 946 quarti
602 892 726 948 folii,
754 892 937 934 Natalis
961 906 1118 934 manu:
1140 891 1455 936 Monachiens.

903 1004 976 1046 37

509 1087 683 1141 QUAE
715 1088 884 1129 DIXIT
917 1088 970 1129 R.
1009 1089 1061 1129 Ρ.
1098 1086 1368 1129 NATALIS

322 1196 367 1224 D.
404 1195 559 1225 PAULO
591 1195 824 1225 DILINGAE
858 1196 1143 1225 REFERENDA
1177 1196 1219 1225 P.
1254 1195 1491 1224 DOMINICO
1549 1214 1556 1222 .

214 1276 350 1330 Quod
378 1275 548 1318 dictum
575 1282 643 1318 est
671 1276 716 1317 in
745 1275 913 1330 scripto
944 1277 1242 1331 paragrapho:
1280 1282 1433 1317 «curet
1465 1275 1668 1330 superior
1700 1275 1755 1317 de

124 1351 316 1395 lectione
352 1366 539 1394 casuum
577 1351 906 1395 conscientiae»
949 1359 1056 1403 eto,
1097 1352 1184 1394 hoc
1217 1358 1419 1406 tempore
1451 1350 1562 1392 nihil
1594 1357 1757 1406 agatur

123 1429 266 1471 donec
287 1428 470 1472 redierit
492 1430 545 1471 R.
574 1431 625 1471 P.
651 1428 840 1471 Natalis:
864 1435 971 1470 tunc
989 1428 1152 1484 poterit
1169 1442 1271 1470 cum
1290 1428 1365 1470 illo
1381 1429 1438 1471 de
1455 1442 1508 1470 ea
1525 1443 1573 1470 re
1590 1427 1754 1471 iterum

123 1505 214 1560 agi.
242 1507 397 1560 ltaque
419 1507 735 1561 paragraphus
756 1505 831 1549 ille
848 1512 1156 1561 expungatur.

211 1583 348 1637 Quod
383 1583 430 1625 in
471 1583 630 1626 eodem
672 1583 838 1638 scripto
875 1582 987 1624 dixit
1030 1584 1082 1624 R.
1131 1584 1183 1624 P.
1230 1581 1403 1625 Natalis
1446 1583 1750 1637 paragrapho:

126 1661 207 1704 «P.
238 1659 505 1702 Dominicus
533 1659 748 1703 retineat»
775 1667 864 1704 etc.
901 1662 952 1702 P.
988 1660 1179 1702 Paulum
1208 1660 1304 1702 fore
1327 1658 1651 1702 confessarium
1675 1659 1755 1700 do-

121 1750 238 1788 mus,
278 1736 442 1791 poterit
470 1751 570 1780 esse
605 1736 910 1779 confessarius
947 1736 1198 1791 aliquorum
1235 1736 1424 1777 fratrum
1464 1737 1515 1777 P.
1553 1736 1756 1778 Thomas

119 1813 283 1868 anglus
306 1814 338 1865 2,
365 1813 639 1869 reliquorum
672 1828 781 1856 uero
815 1816 867 1856 P.
903 1812 1185 1864 Dominicus,
1220 1820 1402 1868 propter
1434 1811 1755 1867 occupationes

121 1891 173 1932 P.
188 1890 347 1942 Pauli,
373 1905 486 1945 quas
508 1905 561 1935 eo
586 1898 787 1946 tempore
810 1891 964 1934 habet.

206 1968 256 2009 In
279 1968 438 2011 eodem
461 1967 644 2022 scripto,
670 1982 788 2023 cap.:
819 1968 1009 2011 «Nullus
1030 1975 1270 2010 externus»
1292 1973 1398 2017 etc.‚
1419 1966 1626 2008 addatur:
1651 1979 1750 2007 «or-

118 2043 334 2097 dinarie›>;
360 2044 524 2099 poterit
538 2051 697 2096 ‘tamen
720 2051 867 2087 rector
889 2045 996 2086 dare
1020 2044 1294 2094 facultatem,
1321 2050 1368 2084 vt
1391 2042 1436 2084 in
1465 2043 1751 2098 paragrapho
1794 2087 1801 2095 .

118 2121 275 2163 eodem
298 2120 477 2173 dicitur,
503 2122 624 2176 quod
645 2135 699 2163 eo
721 2120 897 2164 facilius
919 2120 1002 2163 erit
1024 2120 1147 2175 quod
1169 2119 1346 2170 ianitor,
1373 2119 1410 2161 si
1439 2119 1515 2173 qui
1543 2118 1743 2169 venient,

117 2197 174 2240 de
200 2196 254 2239 iis
281 2212 371 2240 non
401 2198 564 2240 referat
592 2199 649 2240 ad
675 2212 768 2250 eos,
803 2212 915 2253 quos
945 2203 1119 2252 petunt,
1151 2196 1230 2239 sed
1254 2196 1310 2238 ad
1333 2202 1568 2246 rectorem;
1595 2194 1748 2249 itaque

117 2273 280 2328 poterit
301 2273 433 2317 facile
454 2274 654 2318 iudicare
677 2289 736 2316 an
758 2273 846 2316 sint
867 2274 1049 2316 domum
1072 2271 1401 2324 introducendi,
1427 2278 1472 2314 et
1493 2271 1555 2313 ita
1577 2272 1633 2314 de
1650 2271 1749 2313 aliis

117 2363 171 2391 ex
195 2350 536 2405 exceptionibus
557 2351 832 2406 regularum,
860 2349 1119 2405 praesertim
1142 2349 1179 2391 si
1201 2348 1418 2404 magister
1440 2355 1687 2403 peteretur.

190 2464 197 2483 ¹
249 2462 308 2496 Ex
326 2463 546 2508 apographo
561 2473 722 2504 coaevo,
741 2462 780 2496 in
798 2461 932 2496 codice
951 2461 1091 2498 Natal.
1112 2462 1230 2496 instr.
1256 2460 1408 2501 Germ.‚
1428 2459 1572 2505 duplici
1602 2458 1680 2503 fol.,
1708 2467 1751 2502 55

115 2525 155 2554 et
173 2520 231 2564 56.
253 2521 361 2555 Haec
379 2521 583 2556 instructio
601 2532 735 2555 mense
754 2520 858 2566 Julio
875 2520 965 2555 anni
987 2521 1076 2564 1566
1094 2519 1184 2554 data
1201 2519 1288 2562 fuit,
1309 2524 1422 2564 prout
1440 2518 1523 2564 ipse
1542 2517 1691 2552 Natalis
1711 2517 1749 2551 in

115 2579 278 2626 epistola
309 2589 351 2624 19
370 2579 477 2625 Junii
501 2579 644 2626 scripta
670 2579 777 2614 hisce
802 2580 934 2614 verbis
961 2579 1118 2616 fatetur:
1140 2579 1276 2613 «Della
1301 2578 1417 2612 visita
1442 2583 1482 2612 et
1506 2576 1640 2611 ordine
1659 2576 1749 2610 dato

114 2638 154 2673 in
182 2639 384 2674 Monachio
413 2638 566 2675 auisaro
598 2641 633 2674 la
663 2640 705 2676 Ρ.
732 2640 779 2674 V.
805 2638 853 2673 da
880 2638 1052 2684 Dilinga‚
1077 2637 1178 2672 doue
1205 2637 1286 2672 faro
1312 2637 1436 2672 venir’
1465 2636 1490 2670 il
1518 2637 1561 2669 P.
1590 2636 1748 2669 Paulo.»

86 2745 90 2748 .
113 2696 174 2733 Cf.
192 2698 320 2744 Epist.
337 2699 384 2733 P.
402 2690 553 2740 Nadal,
568 2699 636 2744 ΙΙΙ,
660 2700 738 2742 167.
759 2699 902 2733 Rector
921 2697 1165 2732 monacensis
1180 2696 1337 2741 collegii
1356 2702 1437 2730 erat
1457 2696 1499 2729 P.
1521 2693 1748 2729 Dominicus

111 2757 332 2804 Menginus3
353 2758 529 2793 minister
547 2764 586 2792 et
604 2757 853 2792 concionator
871 2757 913 2791 P.
943 2757 1084 2791 Paulus
1109 2755 1310 2798 Hoffaeus,
1336 2755 1398 2789 cui
1423 2756 1518 2788 haec
1544 2751 1747 2787 instructio

112 2815 293 2861 Dilingae
311 2817 400 2851 data
418 2822 493 2860 est,
512 2823 551 2852 et
569 2817 608 2852 in
632 2817 715 2863 ipsa
732 2818 862 2863 plures
880 2815 1130 2851 difficultates
1150 2816 1211 2849 vel
1230 2814 1361 2856 dubia,
1382 2813 1429 2847 de
1448 2814 1564 2846 rebus
1584 2812 1621 2845 in
1641 2822 1743 2856 prae-

111 2875 268 2911 cedenti
294 2882 544 2911 monumento
568 2876 774 2922 contentis,
802 2877 851 2910 ab
875 2875 959 2922 ipso
983 2875 1112 2909 Natali
1136 2875 1352 2908 solvuntur.
1380 2871 1491 2907 Unde
1517 2872 1587 2905 hoc
1614 2881 1747 2904 monu-

112 2940 286 2970 mentum
305 2940 365 2969 est
383 2935 506 2970 veluti
525 2935 629 2970 illius
646 2936 990 2981 complementum.

180 2995 194 3015 ²
244 2993 289 3030 Ρ.
307 2994 475 3028 Thomas
494 2994 762 3029 Darbishirus.
786 2993 847 3029 Cf.
870 2993 997 3039 Epist.
1020 2993 1066 3026 P.
1091 2991 1238 3034 Nadal,
1260 2991 1330 3035 111,
1353 2997 1429 3033 172.
1452 2990 1569 3023 Paulo
1589 2999 1657 3034 pos
1702 2987 1747 3024 in

111 3051 282 3087 Scotiarn
303 3052 444 3087 missus
463 3057 536 3088 est.
556 3052 672 3098 1bid.‚
697 3060 775 3099 159,
801 3052 882 3090 160.

290 3115 409 3144 Emsr.
434 3116 470 3144 P.
491 3117 624 3152 ΝΑυΑι,
645 3124 725 3145 rom.
748 3117 812 3145 IV.
1531 3112 1565 3141 17
