2028 3426
680 296 1017 335 INSTRUCTIONES
1025 300 1108 334 -61
1591 310 1612 344 4
1619 308 1658 344 17

83 403 223 452 petat,
244 396 480 452 pecuniam
499 397 605 440 dare
624 404 802 440 tenetur
819 399 1037 459 superior,
1058 414 1204 456 neque
1221 399 1258 441 si
1276 399 1389 442 alius
1407 399 1504 441 eius
1522 401 1706 445 nomine

83 472 274 529 accipiat
296 480 341 515 et
371 474 533 525 soluat,
559 474 789 529 permittet
820 482 997 519 nostros
1029 477 1197 518 bullam
1225 490 1324 518 eam
1355 475 1576 531 accipere,
1604 491 1705 519 cum

83 548 364 593 omnia‘haec
387 549 472 592 sita
493 550 582 592 sint
604 550 650 592 in
672 551 913 606 superioris
937 553 1186 595 voluntate.
1211 551 1497 594 Interdicitur
1515 568 1624 595 vero
1649 569 1704 596 ne

84 625 353 681 impediatur
375 641 400 668 a
422 625 556 669 bullis
574 626 891 682 suscipiendis,
924 628 1000 683 qui
1022 629 1208 672 liberam
1234 630 1371 672 habet
1400 629 1701 681 voluntatem,

49 711 53 714 ’
83 702 160 757 qui
183 701 375 746 liberum
399 703 617 758 pecuniae
650 718 798 757 Vsum,
824 720 914 747 non
944 706 1020 759 qui
1050 720 1139 747 non
1168 706 1320 748 habet.
1355 706 1482 747 Haec
1513 720 1616 747 cum
1647 706 1706 748 ita

83 779 189 831 sint,
216 786 337 822 esset
366 786 515 823 tamen
545 780 764 832 securius,
795 788 844 822 vt
870 795 968 823 eam
998 782 1305 838 acciperemus
1335 797 1359 824 a
1388 783 1493 824 sede
1524 790 1704 837 aposto-

83 854 171 898 lica
193 856 469 905 facultatem,
496 871 552 899 ne
584 857 725 899 nostri
748 859 918 913 absque
950 858 1230 914 superiorum
1253 873 1478 901 consensu
1502 859 1705 914 accipere

81 940 268 987 possent
296 932 559 975 huiusmodi
592 934 753 985 bullas,
787 936 944 977 saltem
978 950 1065 990 qua
1089 950 1144 978 ex
1177 943 1303 990 parte
1334 935 1463 979 liberi
1492 936 1624 986 fiunt,
1659 944 1706 977 vt

82 1008 228 1051 cuiuis
251 1010 568 1061 confiteantur,
594 1017 643 1051 vt
666 1026 718 1054 ea
740 1019 866 1066 parte
890 1027 945 1054 ne
964 1020 1213 1054 vterentur.
1235 1012 1473 1055 Concessit
1491 1012 1705 1056 Societati

82 1092 237 1141 postea
261 1086 371 1128 Pius
395 1091 501 1140 53⁰⁵,
527 1095 576 1128 vt
598 1087 755 1138 nostri,
781 1087 954 1131 etiamsi
977 1089 1234 1131 huiusmodi
1256 1088 1508 1145 priuilegiis
1532 1090 1706 1145 gaude-

82 1169 198 1214 rent,
226 1170 374 1205 tamen
397 1177 488 1205 non
511 1171 695 1218 possent
717 1164 790 1207 alii
813 1166 1035 1216 confiteri,
1062 1180 1194 1220 quam
1218 1165 1456 1221 designato
1475 1166 1705 1208 confessa-

84 1239 150 1281 rio
174 1254 199 1282 a
221 1254 303 1281 suo
326 1239 546 1294 superiori
576 1242 604 1284 ¹.

170 1317 244 1358 Ad
267 1316 634 1359 reformationem
659 1324 919 1372 rectamque
943 1317 1014 1361 128
1043 1319 1421 1374 gubernationem
1452 1318 1587 1361 vnius
1611 1319 1705 1361 col—

83 1392 207 1448 legii,
233 1392 361 1435 iuuat
383 1399 473 1435 tres
496 1401 574 1435 aut
595 1401 789 1448 quatuor
812 1409 882 1437 res
912 1394 1178 1450 praecipuas
1207 1396 1415 1451 seligere,
1450 1395 1637 1451 illasque
1659 1403 1707 1436 vt

84 1470 382 1512 obseruentur
399 1469 641 1526 diligenter
665 1485 839 1523 curare;
861 1486 915 1514 ex
934 1472 1003 1514 his
1027 1472 1188 1515 deinde
1205 1482 1487 1516 caeterorum
1506 1472 1709 1527 sequitur

83 1545 257 1588 facilior
279 1547 554 1594 reformatio,
580 1547 781 1589 adhibita
803 1562 926 1590 cura.
956 1550 1175 1592 Poterunt
1193 1557 1344 1592 autem
1365 1549 1589 1592 ordinarie
1607 1549 1708 1591 illae

83 1623 170 1665 hae
192 1637 305 1666 esse.
335 1623 485 1666 Prima
506 1623 566 1675 id,
588 1626 708 1679 quod
727 1624 908 1667 iubetur
925 1626 981 1669 de
1003 1625 1132 1668 litera
1149 1626 1358 1669 inchoata
1382 1634 1426 1669 et
1451 1626 1708 1669 obedientia

81 1698 354 1742 intellectus.
380 1700 558 1744 Deinde
580 1702 702 1756 quod
724 1703 779 1744 de
808 1703 1034 1757 loquendo
1064 1703 1304 1745 summissa
1332 1717 1460 1754 voce,
1494 1704 1550 1747 de
1573 1703 1709 1745 silen—

85 1775 162 1827 tio,
198 1790 300 1818 cum
325 1777 495 1819 seruari
534 1778 684 1830 debet,
711 1785 755 1822 et
778 1780 834 1821 de
865 1794 919 1822 eo
942 1786 990 1820 vt
1012 1781 1122 1822 hora
1144 1779 1308 1834 quietis
1337 1781 1393 1822 de
1416 1779 1469 1821 iis
1492 1780 1628 1822 rebus
1652 1779 1709 1821 sit

84 1867 252 1911 sermo,
279 1868 395 1908 quae
418 1855 474 1896 ad
497 1855 853 1898 aedificationem
874 1856 1055 1908 faciant3
1077 1857 1197 1910 quod
1216 1856 1508 1915 deoratione³
1530 1864 1617 1900 etc.

173 1929 425 1994 ‘Plurimum
449 1931 575 1973 iuuat
599 1932 855 1987 superiores
878 1933 933 1974 ad
957 1941 1125 1975 rectam
1148 1932 1525 1988 gubernationem
1550 1947 1710 1975 sensus

84 2006 330 2061 spiritualis
353 2007 543 2063 gratiae,
570 2022 703 2062 quam
728 2008 956 2064 accipiunt
979 2025 1004 2052 a
1027 2011 1140 2061 Deo,
1167 2010 1241 2051 vbi
1265 2011 1321 2052 ad
1351 2010 1547 2052 officium
1578 2024 1708 2051 suum

84 2083 330 2140 eliguntur.
366 2085 502 2126 Hunc
532 2099 714 2127 sensum
754 2093 798 2128 et
835 2085 1026 2141 gratiam
1067 2086 1182 2128 tueri
1219 2086 1402 2137 debent,
1444 2095 1488 2129 et
1510 2093 1662 2141 petere
1685 2101 1710 2128 a

87 2159 271 2202 Christo
293 2167 342 2202 vt
365 2161 439 2202 illa
462 2169 701 2204 conseruet
717 2170 762 2204 et
785 2169 966 2218 augeat.
993 2163 1080 2218 Ipsi
1098 2163 1184 2205 illis
1207 2162 1374 2219 magno
1397 2163 1547 2205 studio
1570 2170 1615 2206 et
1633 2164 1711 2205 de-

85 2236 270 2279 uotione
293 2237 460 2279 debent
483 2238 732 2293 cooperari.

173 2313 246 2358 129
271 2315 471 2356 Vtantur
493 2315 747 2370 superiores
769 2316 825 2358 ad
843 2324 1010 2359 rectam
1029 2316 1405 2371 gubernationem
1425 2316 1626 2359 subsidio
1643 2316 1709 2358 di-

33 2386 36 2390 ’
86 2390 334 2444 plomatum
373 2405 651 2432 summorum
690 2391 974 2447 pontificum,
1012 2392 1403 2449 constitutionum,
1445 2392 1705 2435 declaratio-

86 2480 285 2520 numque
309 2467 563 2518 Societatis,
590 2467 755 2522 quibus
778 2468 1067 2524 adiungenda
1089 2476 1195 2511 sunt
1211 2469 1491 2525 generalium
1516 2483 1709 2524 congre—

84 2542 320 2597 gationum
343 2544 540 2597 decreta,
566 2544 919 2587 consuetudines
941 2545 1180 2589 Societatis
1204 2553 1248 2588 et
1272 2545 1550 2597 traditiones,
1572 2559 1710 2599 regu-

85 2617 170 2669 lae,
199 2618 301 2660 Rdi.
329 2619 476 2661 Patris
498 2619 640 2662 nostri
662 2620 888 2675 generalis
916 2621 1157 2676 praepositi
1186 2635 1417 2676 responsa,
1450 2620 1709 2663 commissa-

86 2693 140 2736 rii
159 2694 346 2747 monita,
373 2695 714 2740 obseruationes
740 2704 785 2738 et
823 2696 1162 2751 instructiones,
1203 2705 1297 2740 tum
1332 2696 1621 2752 prouincialis
1646 2710 1708 2738 re-

153 2853 163 2874 ¹
215 2853 424 2889 Memoriae
449 2855 598 2901 lapsum
623 2855 686 2890 hic
718 2855 898 2890 Natalem
928 2867 1084 2901 passum
1115 2855 1236 2890 fuisse
1267 2856 1476 2901 credimusg
1503 2867 1580 2890 non
1606 2855 1707 2889 enim

80 2913 174 2948 Pius
193 2913 241 2956 V,
261 2913 331 2948 sed
351 2913 566 2958 Gregorius
584 2914 677 2948 XIII
691 2915 763 2949 hoc
782 2914 988 2960 privilegio
1007 2914 1245 2949 Societatem
1267 2914 1489 2948 exornavit.
1526 2914 1586 2951 Cf.
1609 2914 1708 2948 litte-

83 2972 151 3006 ras'
162 2972 394 3018 apostolicas
415 2972 533 3007 Decet
552 2973 781 3007 Romanum
802 2973 1050 3020 Pontificem,
1073 2973 1136 3007 die
1155 2972 1176 3007 3
1191 2972 1281 3018 Maji
1303 2981 1390 3016 1575
1406 2972 1530 3017 datas,
1551 2972 1618 3007 ubi
1633 2974 1708 3008 tale

84 3030 332 3076 privilegium
362 3030 549 3065 Societati
582 3031 706 3077 primo
740 3031 982 3076 conceditur,
1019 3031 1057 3066 in
1079 3032 1208 3067 [nstit.
1246 3032 1329 3066 Soc.
1361 3031 1458 3078 sesu
1479 3031 1708 3075 (Florentiae

69 3088 207 3134 4892),
227 3089 255 3132 Ι,
277 3089 334 3133 58.

261 3153 374 3181 Emsr.
399 3154 438 3181 Ρ.
462 3153 596 3189 ΝΑοΑι,
617 3161 693 3181 rom.
714 3152 775 3182 1v.
1499 3155 1534 3182 28
