<?xml version="1.0" encoding="UTF-8"?>
<!DOCTYPE html PUBLIC "-//W3C//DTD XHTML 1.0 Transitional//EN"
    "http://www.w3.org/TR/xhtml1/DTD/xhtml1-transitional.dtd">
<html xmlns="http://www.w3.org/1999/xhtml" xml:lang="en" lang="en">
 <head>
  <title>
</title>
<meta http-equiv="Content-Type" content="text/html;charset=utf-8" />
  <meta name='ocr-system' content='tesseract 3.04.00' />
  <meta name='ocr-capabilities' content='ocr_page ocr_carea ocr_par ocr_line ocrx_word'/>
</head>
<body>
  <div class='ocr_page' id='page_1' title='image "./epistolaephieron11nada_0905.png"; bbox 0 0 2028 3426; ppageno 0'>
   <div class='ocr_carea' id='block_1_1' title="bbox 730 267 1715 313">
    <p class='ocr_par' dir='ltr' id='par_1_1' title="bbox 730 267 1715 313">
     <span class='ocr_line' id='line_1_1' title="bbox 730 267 1715 313; baseline -0.001 -10"><span class='ocrx_word' id='word_1_1' title='bbox 730 267 1074 303; x_wconf 82' lang='lat' dir='ltr'><strong>SUPPLEMENTUM</strong></span> <span class='ocrx_word' id='word_1_2' title='bbox 1086 267 1172 301; x_wconf 88' lang='lat'><strong>-26</strong></span> <span class='ocrx_word' id='word_1_3' title='bbox 1645 267 1715 313; x_wconf 82' lang='lat'><strong>879</strong></span> 
     </span>
    </p>
   </div>
   <div class='ocr_carea' id='block_1_2' title="bbox 103 368 1786 3026">
    <p class='ocr_par' dir='ltr' id='par_1_2' title="bbox 129 368 1761 654">
     <span class='ocr_line' id='line_1_2' title="bbox 133 368 1760 424; baseline 0.001 -14"><span class='ocrx_word' id='word_1_4' title='bbox 133 369 268 412; x_wconf 88' lang='lat' dir='ltr'><strong>misso</strong></span> <span class='ocrx_word' id='word_1_5' title='bbox 290 369 378 412; x_wconf 85' lang='lat' dir='ltr'><strong>iam</strong></span> <span class='ocrx_word' id='word_1_6' title='bbox 402 376 695 424; x_wconf 77' lang='lat' dir='ltr'>praeceptore</span> <span class='ocrx_word' id='word_1_7' title='bbox 714 369 910 423; x_wconf 90' lang='lat' dir='ltr'><strong>quodam</strong></span> <span class='ocrx_word' id='word_1_8' title='bbox 934 368 1073 424; x_wconf 89' lang='lat' dir='ltr'><strong>gallo,</strong></span> <span class='ocrx_word' id='word_1_9' title='bbox 1092 383 1225 423; x_wconf 90' lang='lat' dir='ltr'><strong>quem</strong></span> <span class='ocrx_word' id='word_1_10' title='bbox 1249 368 1450 424; x_wconf 89' lang='lat' dir='ltr'><strong>ipsorum</strong></span> <span class='ocrx_word' id='word_1_11' title='bbox 1469 368 1615 424; x_wconf 88' lang='lat' dir='ltr'><strong>gratia</strong></span> <span class='ocrx_word' id='word_1_12' title='bbox 1633 382 1660 422; x_wconf 83' lang='lat'>4</span> <span class='ocrx_word' id='word_1_13' title='bbox 1678 384 1760 411; x_wconf 91' lang='lat' dir='ltr'><strong>an-</strong></span> 
     </span>
     <span class='ocr_line' id='line_1_3' title="bbox 131 445 1761 501; baseline 0 -13"><span class='ocrx_word' id='word_1_14' title='bbox 131 460 216 488; x_wconf 88' lang='lat' dir='ltr'><strong>nos</strong></span> <span class='ocrx_word' id='word_1_15' title='bbox 253 446 374 488; x_wconf 87' lang='lat' dir='ltr'><strong>domi</strong></span> <span class='ocrx_word' id='word_1_16' title='bbox 407 446 627 497; x_wconf 84' lang='lat' dir='ltr'><strong>aluerant3</strong></span> <span class='ocrx_word' id='word_1_17' title='bbox 658 452 958 500; x_wconf 86' lang='lat' dir='ltr'><strong>curatumque</strong></span> <span class='ocrx_word' id='word_1_18' title='bbox 996 445 1189 501; x_wconf 88' lang='lat' dir='ltr'><strong>amplius</strong></span> <span class='ocrx_word' id='word_1_19' title='bbox 1228 453 1278 487; x_wconf 91' lang='lat' dir='ltr'><strong>ut</strong></span> <span class='ocrx_word' id='word_1_20' title='bbox 1311 445 1397 487; x_wconf 92' lang='lat' dir='ltr'><strong>illis</strong></span> <span class='ocrx_word' id='word_1_21' title='bbox 1435 445 1761 501; x_wconf 90' lang='lat' dir='ltr'><strong>adiungeretur</strong></span> 
     </span>
     <span class='ocr_line' id='line_1_4' title="bbox 129 522 1755 578; baseline 0 -14"><span class='ocrx_word' id='word_1_22' title='bbox 129 523 311 577; x_wconf 91' lang='lat' dir='ltr'><strong>quidam</strong></span> <span class='ocrx_word' id='word_1_23' title='bbox 341 523 658 578; x_wconf 88' lang='lat' dir='ltr'><strong>paedagogus,</strong></span> <span class='ocrx_word' id='word_1_24' title='bbox 690 522 766 577; x_wconf 91' lang='lat' dir='ltr'><strong>qui</strong></span> <span class='ocrx_word' id='word_1_25' title='bbox 795 536 873 565; x_wconf 90' lang='lat' dir='ltr'><strong>eos</strong></span> <span class='ocrx_word' id='word_1_26' title='bbox 902 524 957 565; x_wconf 91' lang='lat' dir='ltr'><strong>ad</strong></span> <span class='ocrx_word' id='word_1_27' title='bbox 986 523 1167 565; x_wconf 87' lang='lat' dir='ltr'><strong>scholas</strong></span> <span class='ocrx_word' id='word_1_28' title='bbox 1189 523 1391 573; x_wconf 86' lang='lat' dir='ltr'><strong>duceret,</strong></span> <span class='ocrx_word' id='word_1_29' title='bbox 1424 529 1469 564; x_wconf 93' lang='lat' dir='ltr'><strong>et</strong></span> <span class='ocrx_word' id='word_1_30' title='bbox 1499 523 1755 574; x_wconf 81' lang='lat' dir='ltr'><strong>reduceret,</strong></span> 
     </span>
     <span class='ocr_line' id='line_1_5' title="bbox 129 598 1593 654; baseline 0 -12"><span class='ocrx_word' id='word_1_31' title='bbox 129 600 301 654; x_wconf 88' lang='lat' dir='ltr'><strong>absque</strong></span> <span class='ocrx_word' id='word_1_32' title='bbox 324 613 414 654; x_wconf 93' lang='lat' dir='ltr'><strong>quo</strong></span> <span class='ocrx_word' id='word_1_33' title='bbox 437 598 524 641; x_wconf 91' lang='lat' dir='ltr'><strong>illis</strong></span> <span class='ocrx_word' id='word_1_34' title='bbox 546 598 714 654; x_wconf 83' lang='lat' dir='ltr'>alioqui</span> <span class='ocrx_word' id='word_1_35' title='bbox 738 614 795 642; x_wconf 92' lang='lat' dir='ltr'><strong>ne</strong></span> <span class='ocrx_word' id='word_1_36' title='bbox 816 599 1000 641; x_wconf 87' lang='lat' dir='ltr'><strong>domum</strong></span> <span class='ocrx_word' id='word_1_37' title='bbox 1024 598 1205 653; x_wconf 89' lang='lat' dir='ltr'><strong>quidem</strong></span> <span class='ocrx_word' id='word_1_38' title='bbox 1234 598 1390 654; x_wconf 85' lang='lat' dir='ltr'><strong>egredi</strong></span> <span class='ocrx_word' id='word_1_39' title='bbox 1412 598 1593 642; x_wconf 82' lang='lat' dir='ltr'><strong>licebat.</strong></span> 
     </span>
    </p>

    <p class='ocr_par' dir='ltr' id='par_1_3' title="bbox 119 675 1786 1344">
     <span class='ocr_line' id='line_1_6' title="bbox 217 675 1754 731; baseline 0.001 -13"><span class='ocrx_word' id='word_1_40' title='bbox 217 678 326 718; x_wconf 83' lang='lat' dir='ltr'>Post</span> <span class='ocrx_word' id='word_1_41' title='bbox 343 677 426 718; x_wconf 88' lang='lat' dir='ltr'><strong>hos</strong></span> <span class='ocrx_word' id='word_1_42' title='bbox 442 676 571 727; x_wconf 76' lang='lat' dir='ltr'><strong>dUOS‚</strong></span> <span class='ocrx_word' id='word_1_43' title='bbox 584 677 879 731; x_wconf 86' lang='lat' dir='ltr'><strong>paedagogus</strong></span> <span class='ocrx_word' id='word_1_44' title='bbox 897 676 1078 719; x_wconf 89' lang='lat' dir='ltr'><strong>tandem</strong></span> <span class='ocrx_word' id='word_1_45' title='bbox 1097 675 1278 730; x_wconf 89' lang='lat' dir='ltr'><strong>quidam</strong></span> <span class='ocrx_word' id='word_1_46' title='bbox 1298 675 1525 726; x_wconf 91' lang='lat' dir='ltr'><strong>sacerdos,</strong></span> <span class='ocrx_word' id='word_1_47' title='bbox 1538 675 1606 717; x_wconf 88' lang='lat' dir='ltr'><strong>vir</strong></span> <span class='ocrx_word' id='word_1_48' title='bbox 1624 690 1754 731; x_wconf 77' lang='lat' dir='ltr'><strong>egre-</strong></span> 
     </span>
     <span class='ocr_line' id='line_1_7' title="bbox 123 751 1754 808; baseline 0 -13"><span class='ocrx_word' id='word_1_49' title='bbox 123 753 227 808; x_wconf 90' lang='lat' dir='ltr'><strong>gius</strong></span> <span class='ocrx_word' id='word_1_50' title='bbox 243 760 287 795; x_wconf 89' lang='lat' dir='ltr'><strong>et</strong></span> <span class='ocrx_word' id='word_1_51' title='bbox 305 754 453 795; x_wconf 88' lang='lat' dir='ltr'><strong>Deum</strong></span> <span class='ocrx_word' id='word_1_52' title='bbox 473 751 650 803; x_wconf 87' lang='lat' dir='ltr'><strong>timens,</strong></span> <span class='ocrx_word' id='word_1_53' title='bbox 672 766 727 794; x_wconf 85' lang='lat' dir='ltr'><strong>ex</strong></span> <span class='ocrx_word' id='word_1_54' title='bbox 746 753 942 806; x_wconf 89' lang='lat' dir='ltr'><strong>quodam</strong></span> <span class='ocrx_word' id='word_1_55' title='bbox 963 751 1130 807; x_wconf 91' lang='lat' dir='ltr'><strong>oppido</strong></span> <span class='ocrx_word' id='word_1_56' title='bbox 1150 752 1236 793; x_wconf 85' lang='lat' dir='ltr'><strong>fuit</strong></span> <span class='ocrx_word' id='word_1_57' title='bbox 1258 760 1493 802; x_wconf 90' lang='lat' dir='ltr'><strong>evocatus,</strong></span> <span class='ocrx_word' id='word_1_58' title='bbox 1518 759 1566 793; x_wconf 92' lang='lat' dir='ltr'><strong>ut</strong></span> <span class='ocrx_word' id='word_1_59' title='bbox 1589 766 1754 807; x_wconf 86' lang='lat' dir='ltr'><strong>puero—</strong></span> 
     </span>
     <span class='ocr_line' id='line_1_8' title="bbox 123 827 1755 883; baseline 0 -12"><span class='ocrx_word' id='word_1_60' title='bbox 123 844 222 872; x_wconf 91' lang='lat' dir='ltr'><strong>rum</strong></span> <span class='ocrx_word' id='word_1_61' title='bbox 245 843 399 871; x_wconf 90' lang='lat' dir='ltr'><strong>curam</strong></span> <span class='ocrx_word' id='word_1_62' title='bbox 424 828 689 883; x_wconf 85' lang='lat' dir='ltr'><strong>susciperet,</strong></span> <span class='ocrx_word' id='word_1_63' title='bbox 716 828 792 883; x_wconf 88' lang='lat' dir='ltr'><strong>qui</strong></span> <span class='ocrx_word' id='word_1_64' title='bbox 815 843 1001 871; x_wconf 89' lang='lat' dir='ltr'><strong>munere</strong></span> <span class='ocrx_word' id='word_1_65' title='bbox 1025 843 1107 870; x_wconf 90' lang='lat' dir='ltr'><strong>suo</strong></span> <span class='ocrx_word' id='word_1_66' title='bbox 1125 827 1473 883; x_wconf 83' lang='lat' dir='ltr'><strong>diligentissime</strong></span> <span class='ocrx_word' id='word_1_67' title='bbox 1491 829 1755 883; x_wconf 90' lang='lat' dir='ltr'><strong>perfunctus</strong></span> 
     </span>
     <span class='ocr_line' id='line_1_9' title="bbox 122 905 1754 960; baseline -0.001 -11"><span class='ocrx_word' id='word_1_68' title='bbox 122 915 206 958; x_wconf 90' lang='lat' dir='ltr'><strong>est,</strong></span> <span class='ocrx_word' id='word_1_69' title='bbox 232 913 276 948; x_wconf 92' lang='lat' dir='ltr'><strong>et</strong></span> <span class='ocrx_word' id='word_1_70' title='bbox 299 905 598 956; x_wconf 81' lang='lat' dir='ltr'><strong>sanctissime3</strong></span> <span class='ocrx_word' id='word_1_71' title='bbox 627 920 731 947; x_wconf 83' lang='lat' dir='ltr'><strong>mox</strong></span> <span class='ocrx_word' id='word_1_72' title='bbox 755 905 871 947; x_wconf 86' lang='lat' dir='ltr'><strong>enim</strong></span> <span class='ocrx_word' id='word_1_73' title='bbox 897 905 1073 947; x_wconf 85' lang='lat' dir='ltr'><strong>curavit</strong></span> <span class='ocrx_word' id='word_1_74' title='bbox 1097 913 1146 947; x_wconf 92' lang='lat' dir='ltr'><strong>ut</strong></span> <span class='ocrx_word' id='word_1_75' title='bbox 1175 905 1260 947; x_wconf 86' lang='lat' dir='ltr'><strong>illis</strong></span> <span class='ocrx_word' id='word_1_76' title='bbox 1291 912 1559 948; x_wconf 89' lang='lat' dir='ltr'><strong>emerentur</strong></span> <span class='ocrx_word' id='word_1_77' title='bbox 1597 919 1754 960; x_wconf 84' lang='lat' dir='ltr'><strong>preces</strong></span> 
     </span>
     <span class='ocr_line' id='line_1_10' title="bbox 123 981 1753 1038; baseline -0.002 -13"><span class='ocrx_word' id='word_1_78' title='bbox 123 985 174 1026; x_wconf 83' lang='grc' dir='ltr'><strong>Β.</strong></span> <span class='ocrx_word' id='word_1_79' title='bbox 202 982 421 1038; x_wconf 81' lang='lat' dir='ltr'><strong>Virginis,</strong></span> <span class='ocrx_word' id='word_1_80' title='bbox 448 989 493 1025; x_wconf 92' lang='lat' dir='ltr'><strong>et</strong></span> <span class='ocrx_word' id='word_1_81' title='bbox 517 996 725 1032; x_wconf 88' lang='lat' dir='ltr'><strong>coronae,</strong></span> <span class='ocrx_word' id='word_1_82' title='bbox 753 981 1019 1036; x_wconf 79' lang='lat' dir='ltr'><strong>curavitque</strong></span> <span class='ocrx_word' id='word_1_83' title='bbox 1047 990 1093 1024; x_wconf 90' lang='lat' dir='ltr'><strong>ut</strong></span> <span class='ocrx_word' id='word_1_84' title='bbox 1115 996 1270 1024; x_wconf 88' lang='lat' dir='ltr'><strong>secum</strong></span> <span class='ocrx_word' id='word_1_85' title='bbox 1296 983 1432 1023; x_wconf 89' lang='lat' dir='ltr'><strong>horas</strong></span> <span class='ocrx_word' id='word_1_86' title='bbox 1455 995 1606 1023; x_wconf 86' lang='lat' dir='ltr'><strong>sacras</strong></span> <span class='ocrx_word' id='word_1_87' title='bbox 1638 981 1753 1024; x_wconf 89' lang='lat' dir='ltr'><strong>reci-</strong></span> 
     </span>
     <span class='ocr_line' id='line_1_11' title="bbox 123 1057 1786 1114; baseline -0.001 -13"><span class='ocrx_word' id='word_1_88' title='bbox 123 1066 284 1111; x_wconf 78' lang='lat' dir='ltr'><strong>tarent,</strong></span> <span class='ocrx_word' id='word_1_89' title='bbox 311 1067 355 1103; x_wconf 91' lang='lat' dir='ltr'><strong>et</strong></span> <span class='ocrx_word' id='word_1_90' title='bbox 380 1067 428 1100; x_wconf 89' lang='lat' dir='ltr'><strong>ut</strong></span> <span class='ocrx_word' id='word_1_91' title='bbox 451 1073 585 1114; x_wconf 80' lang='lat' dir='ltr'><strong>saepe</strong></span> <span class='ocrx_word' id='word_1_92' title='bbox 608 1059 812 1113; x_wconf 90' lang='lat' dir='ltr'><strong>legerent</strong></span> <span class='ocrx_word' id='word_1_93' title='bbox 836 1059 973 1100; x_wconf 90' lang='lat' dir='ltr'><strong>libros</strong></span> <span class='ocrx_word' id='word_1_94' title='bbox 996 1058 1268 1114; x_wconf 83' lang='lat' dir='ltr'><strong>spirituales,</strong></span> <span class='ocrx_word' id='word_1_95' title='bbox 1295 1059 1351 1101; x_wconf 89' lang='lat' dir='ltr'><strong>ad</strong></span> <span class='ocrx_word' id='word_1_96' title='bbox 1374 1072 1489 1112; x_wconf 88' lang='lat' dir='ltr'><strong>quae</strong></span> <span class='ocrx_word' id='word_1_97' title='bbox 1512 1057 1752 1100; x_wconf 90' lang='lat' dir='ltr'><strong>difficulter</strong></span> <span class='ocrx_word' id='word_1_98' title='bbox 1784 1110 1786 1113; x_wconf 18' lang='grc' dir='ltr'><strong><em>ι</em></strong></span> 
     </span>
     <span class='ocr_line' id='line_1_12' title="bbox 122 1126 1749 1192; baseline -0.002 -13"><span class='ocrx_word' id='word_1_99' title='bbox 122 1136 312 1192; x_wconf 87' lang='lat' dir='ltr'><strong>perduci</strong></span> <span class='ocrx_word' id='word_1_100' title='bbox 330 1143 552 1191; x_wconf 87' lang='lat' dir='ltr'><strong>poterant,</strong></span> <span class='ocrx_word' id='word_1_101' title='bbox 574 1149 677 1177; x_wconf 91' lang='lat' dir='ltr'><strong>cum</strong></span> <span class='ocrx_word' id='word_1_102' title='bbox 698 1137 784 1177; x_wconf 92' lang='lat' dir='ltr'><strong>hoc</strong></span> <span class='ocrx_word' id='word_1_103' title='bbox 803 1126 936 1177; x_wconf 90' lang='lat' dir='ltr'><strong>modo</strong></span> <span class='ocrx_word' id='word_1_104' title='bbox 953 1143 1086 1177; x_wconf 88' lang='lat' dir='ltr'><strong>antea</strong></span> <span class='ocrx_word' id='word_1_105' title='bbox 1104 1149 1193 1177; x_wconf 92' lang='lat' dir='ltr'><strong>non</strong></span> <span class='ocrx_word' id='word_1_106' title='bbox 1215 1134 1283 1177; x_wconf 89' lang='lat' dir='ltr'><strong>usi</strong></span> <span class='ocrx_word' id='word_1_107' title='bbox 1303 1134 1508 1177; x_wconf 75' lang='lat' dir='ltr'><strong>tuissent.</strong></span> <span class='ocrx_word' id='word_1_108' title='bbox 1527 1128 1749 1176; x_wconf 83' lang='lat' dir='ltr'><strong>Paulatim</strong></span> 
     </span>
     <span class='ocr_line' id='line_1_13' title="bbox 119 1210 1750 1266; baseline -0.001 -12"><span class='ocrx_word' id='word_1_109' title='bbox 119 1220 268 1257; x_wconf 88' lang='lat' dir='ltr'><strong>tamen</strong></span> <span class='ocrx_word' id='word_1_110' title='bbox 293 1212 516 1255; x_wconf 90' lang='lat' dir='ltr'><strong>Dominus</strong></span> <span class='ocrx_word' id='word_1_111' title='bbox 540 1226 615 1254; x_wconf 92' lang='lat' dir='ltr'><strong>cor</strong></span> <span class='ocrx_word' id='word_1_112' title='bbox 645 1211 825 1254; x_wconf 88' lang='lat' dir='ltr'><strong>maioris</strong></span> <span class='ocrx_word' id='word_1_113' title='bbox 860 1211 1009 1253; x_wconf 86' lang='lat' dir='ltr'><strong>fratris</strong></span> <span class='ocrx_word' id='word_1_114' title='bbox 1038 1211 1099 1253; x_wconf 88' lang='lat' dir='ltr'><strong>ita</strong></span> <span class='ocrx_word' id='word_1_115' title='bbox 1121 1211 1363 1266; x_wconf 90' lang='lat' dir='ltr'><strong>disposuit,</strong></span> <span class='ocrx_word' id='word_1_116' title='bbox 1401 1219 1451 1252; x_wconf 90' lang='lat' dir='ltr'><strong>ut</strong></span> <span class='ocrx_word' id='word_1_117' title='bbox 1486 1210 1750 1253; x_wconf 90' lang='lat' dir='ltr'><strong>familiarius</strong></span> 
     </span>
     <span class='ocr_line' id='line_1_14' title="bbox 119 1288 1471 1344; baseline 0 -12"><span class='ocrx_word' id='word_1_118' title='bbox 119 1291 301 1332; x_wconf 85' lang='lat' dir='ltr'><strong>tandem</strong></span> <span class='ocrx_word' id='word_1_119' title='bbox 326 1303 428 1331; x_wconf 86' lang='lat' dir='ltr'><strong>curn</strong></span> <span class='ocrx_word' id='word_1_120' title='bbox 454 1290 529 1330; x_wconf 90' lang='lat' dir='ltr'><strong>illo</strong></span> <span class='ocrx_word' id='word_1_121' title='bbox 552 1290 607 1332; x_wconf 89' lang='lat' dir='ltr'><strong>de</strong></span> <span class='ocrx_word' id='word_1_122' title='bbox 631 1289 767 1331; x_wconf 90' lang='lat' dir='ltr'><strong>rebus</strong></span> <span class='ocrx_word' id='word_1_123' title='bbox 789 1288 1099 1344; x_wconf 85' lang='lat' dir='ltr'><strong>spiritualibus</strong></span> <span class='ocrx_word' id='word_1_124' title='bbox 1121 1288 1471 1342; x_wconf 88' lang='lat' dir='ltr'><strong>colloqueretur.</strong></span> 
     </span>
    </p>

    <p class='ocr_par' dir='ltr' id='par_1_4' title="bbox 114 1364 1747 1802">
     <span class='ocr_line' id='line_1_15' title="bbox 206 1364 1747 1419; baseline -0.003 -10"><span class='ocrx_word' id='word_1_125' title='bbox 206 1367 356 1410; x_wconf 88' lang='lat' dir='ltr'><strong>Semel</strong></span> <span class='ocrx_word' id='word_1_126' title='bbox 371 1366 504 1408; x_wconf 88' lang='lat' dir='ltr'><strong>etiam</strong></span> <span class='ocrx_word' id='word_1_127' title='bbox 524 1364 704 1416; x_wconf 88' lang='lat' dir='ltr'><strong>accidit,</strong></span> <span class='ocrx_word' id='word_1_128' title='bbox 728 1372 792 1416; x_wconf 92' lang='lat' dir='ltr'><strong>ut,</strong></span> <span class='ocrx_word' id='word_1_129' title='bbox 814 1379 918 1407; x_wconf 89' lang='lat' dir='ltr'><strong>cum</strong></span> <span class='ocrx_word' id='word_1_130' title='bbox 937 1364 1094 1406; x_wconf 89' lang='lat' dir='ltr'><strong>maiori</strong></span> <span class='ocrx_word' id='word_1_131' title='bbox 1114 1364 1239 1406; x_wconf 85' lang='lat' dir='ltr'><strong>fratri</strong></span> <span class='ocrx_word' id='word_1_132' title='bbox 1258 1365 1329 1416; x_wconf 83' lang='lat' dir='ltr'><strong>(de</strong></span> <span class='ocrx_word' id='word_1_133' title='bbox 1343 1378 1433 1419; x_wconf 89' lang='lat' dir='ltr'><strong>quo</strong></span> <span class='ocrx_word' id='word_1_134' title='bbox 1456 1379 1577 1406; x_wconf 92' lang='lat' dir='ltr'><strong>nunc</strong></span> <span class='ocrx_word' id='word_1_135' title='bbox 1601 1364 1747 1418; x_wconf 90' lang='lat' dir='ltr'><strong>loqui-</strong></span> 
     </span>
     <span class='ocr_line' id='line_1_16' title="bbox 121 1441 1744 1498; baseline -0.002 -13"><span class='ocrx_word' id='word_1_136' title='bbox 121 1444 234 1494; x_wconf 73' lang='lat' dir='ltr'><strong>mur)</strong></span> <span class='ocrx_word' id='word_1_137' title='bbox 258 1444 573 1498; x_wconf 90' lang='lat' dir='ltr'><strong>Landolphum</strong></span> <span class='ocrx_word' id='word_1_138' title='bbox 593 1441 963 1492; x_wconf 86' lang='lat' dir='ltr'><strong>Carthusianum‚</strong></span> <span class='ocrx_word' id='word_1_139' title='bbox 980 1442 1037 1483; x_wconf 87' lang='lat' dir='ltr'><strong>de</strong></span> <span class='ocrx_word' id='word_1_140' title='bbox 1060 1441 1268 1496; x_wconf 88' lang='lat' dir='ltr'><strong>passione</strong></span> <span class='ocrx_word' id='word_1_141' title='bbox 1284 1441 1483 1492; x_wconf 88' lang='lat' dir='ltr'><strong>Domini,</strong></span> <span class='ocrx_word' id='word_1_142' title='bbox 1500 1441 1744 1496; x_wconf 86' lang='lat' dir='ltr'><strong>legendum</strong></span> 
     </span>
     <span class='ocr_line' id='line_1_17' title="bbox 119 1518 1746 1573; baseline -0.002 -11"><span class='ocrx_word' id='word_1_143' title='bbox 119 1520 332 1573; x_wconf 87' lang='lat' dir='ltr'><strong>dedisset,</strong></span> <span class='ocrx_word' id='word_1_144' title='bbox 358 1519 420 1561; x_wconf 89' lang='lat' dir='ltr'><strong>ita</strong></span> <span class='ocrx_word' id='word_1_145' title='bbox 443 1519 515 1561; x_wconf 91' lang='lat' dir='ltr'><strong>hic</strong></span> <span class='ocrx_word' id='word_1_146' title='bbox 539 1520 595 1561; x_wconf 92' lang='lat' dir='ltr'><strong>ad</strong></span> <span class='ocrx_word' id='word_1_147' title='bbox 626 1520 864 1573; x_wconf 88' lang='lat' dir='ltr'><strong>lacrymas,</strong></span> <span class='ocrx_word' id='word_1_148' title='bbox 890 1518 998 1572; x_wconf 90' lang='lat' dir='ltr'><strong>quin</strong></span> <span class='ocrx_word' id='word_1_149' title='bbox 1023 1518 1155 1561; x_wconf 91' lang='lat' dir='ltr'><strong>etiam</strong></span> <span class='ocrx_word' id='word_1_150' title='bbox 1188 1518 1334 1560; x_wconf 90' lang='lat' dir='ltr'><strong>minor</strong></span> <span class='ocrx_word' id='word_1_151' title='bbox 1357 1519 1509 1569; x_wconf 82' lang='lat' dir='ltr'><strong>frater,</strong></span> <span class='ocrx_word' id='word_1_152' title='bbox 1535 1518 1746 1560; x_wconf 89' lang='lat' dir='ltr'><strong>commoti</strong></span> 
     </span>
     <span class='ocr_line' id='line_1_18' title="bbox 116 1594 1744 1651; baseline -0.001 -13"><span class='ocrx_word' id='word_1_153' title='bbox 116 1604 238 1647; x_wconf 87' lang='lat' dir='ltr'><strong>sunt,</strong></span> <span class='ocrx_word' id='word_1_154' title='bbox 267 1603 314 1638; x_wconf 89' lang='lat' dir='ltr'><strong>ut</strong></span> <span class='ocrx_word' id='word_1_155' title='bbox 338 1611 443 1651; x_wconf 85' lang='lat' dir='ltr'><strong>prae</strong></span> <span class='ocrx_word' id='word_1_156' title='bbox 467 1595 552 1638; x_wconf 86' lang='lat' dir='ltr'><strong>illis</strong></span> <span class='ocrx_word' id='word_1_157' title='bbox 575 1596 647 1637; x_wconf 88' lang='lat' dir='ltr'><strong>vix</strong></span> <span class='ocrx_word' id='word_1_158' title='bbox 672 1595 835 1637; x_wconf 89' lang='lat' dir='ltr'><strong>librum</strong></span> <span class='ocrx_word' id='word_1_159' title='bbox 858 1594 1083 1649; x_wconf 85' lang='lat' dir='ltr'><strong>inspicere</strong></span> <span class='ocrx_word' id='word_1_160' title='bbox 1107 1602 1309 1649; x_wconf 89' lang='lat' dir='ltr'><strong>possent:</strong></span> <span class='ocrx_word' id='word_1_161' title='bbox 1331 1601 1377 1638; x_wconf 92' lang='lat' dir='ltr'><strong>et</strong></span> <span class='ocrx_word' id='word_1_162' title='bbox 1400 1610 1454 1637; x_wconf 85' lang='lat' dir='ltr'><strong>ex</strong></span> <span class='ocrx_word' id='word_1_163' title='bbox 1472 1609 1526 1636; x_wconf 92' lang='lat' dir='ltr'><strong>eo</strong></span> <span class='ocrx_word' id='word_1_164' title='bbox 1544 1602 1744 1649; x_wconf 91' lang='lat' dir='ltr'><strong>tempore</strong></span> 
     </span>
     <span class='ocr_line' id='line_1_19' title="bbox 115 1671 1742 1726; baseline -0.001 -12"><span class='ocrx_word' id='word_1_165' title='bbox 115 1673 252 1715; x_wconf 88' lang='lat' dir='ltr'><strong>vitam</strong></span> <span class='ocrx_word' id='word_1_166' title='bbox 277 1680 468 1724; x_wconf 87' lang='lat' dir='ltr'><strong>mutare,</strong></span> <span class='ocrx_word' id='word_1_167' title='bbox 494 1679 538 1715; x_wconf 92' lang='lat' dir='ltr'><strong>et</strong></span> <span class='ocrx_word' id='word_1_168' title='bbox 566 1679 728 1714; x_wconf 84' lang='lat' dir='ltr'><strong>octavo</strong></span> <span class='ocrx_word' id='word_1_169' title='bbox 758 1685 937 1726; x_wconf 91' lang='lat' dir='ltr'><strong>quoque</strong></span> <span class='ocrx_word' id='word_1_170' title='bbox 968 1671 1039 1712; x_wconf 90' lang='lat' dir='ltr'><strong>die</strong></span> <span class='ocrx_word' id='word_1_171' title='bbox 1069 1671 1276 1713; x_wconf 90' lang='lat' dir='ltr'><strong>confiteri</strong></span> <span class='ocrx_word' id='word_1_172' title='bbox 1306 1678 1561 1713; x_wconf 88' lang='lat' dir='ltr'><strong>statuerunt</strong></span> <span class='ocrx_word' id='word_1_173' title='bbox 1593 1685 1742 1712; x_wconf 87' lang='lat' dir='ltr'><strong>coram</strong></span> 
     </span>
     <span class='ocr_line' id='line_1_20' title="bbox 114 1747 1740 1802; baseline -0.003 -10"><span class='ocrx_word' id='word_1_174' title='bbox 114 1751 200 1792; x_wconf 91' lang='lat' dir='ltr'><strong>hoc</strong></span> <span class='ocrx_word' id='word_1_175' title='bbox 222 1750 473 1800; x_wconf 88' lang='lat' dir='ltr'><strong>sacerdote,</strong></span> <span class='ocrx_word' id='word_1_176' title='bbox 502 1749 623 1802; x_wconf 91' lang='lat' dir='ltr'><strong>quod</strong></span> <span class='ocrx_word' id='word_1_177' title='bbox 646 1748 778 1791; x_wconf 86' lang='lat' dir='ltr'><strong>etiam</strong></span> <span class='ocrx_word' id='word_1_178' title='bbox 809 1747 1029 1790; x_wconf 87' lang='lat' dir='ltr'><strong>fecerunt.</strong></span> <span class='ocrx_word' id='word_1_179' title='bbox 1736 1755 1740 1759; x_wconf 88' lang='grc'><em>“</em></span> 
     </span>
    </p>

    <p class='ocr_par' dir='ltr' id='par_1_5' title="bbox 103 1823 1743 3026">
     <span class='ocr_line' id='line_1_21' title="bbox 201 1823 1743 1879; baseline -0.003 -10"><span class='ocrx_word' id='word_1_180' title='bbox 201 1825 424 1869; x_wconf 88' lang='lat' dir='ltr'><strong>Dominus</strong></span> <span class='ocrx_word' id='word_1_181' title='bbox 462 1832 613 1868; x_wconf 88' lang='lat' dir='ltr'><strong>autem</strong></span> <span class='ocrx_word' id='word_1_182' title='bbox 652 1839 742 1866; x_wconf 91' lang='lat' dir='ltr'><strong>non</strong></span> <span class='ocrx_word' id='word_1_183' title='bbox 780 1824 1025 1868; x_wconf 87' lang='lat' dir='ltr'><strong>desistebat</strong></span> <span class='ocrx_word' id='word_1_184' title='bbox 1063 1824 1170 1866; x_wconf 90' lang='lat' dir='ltr'><strong>huic</strong></span> <span class='ocrx_word' id='word_1_185' title='bbox 1207 1823 1364 1866; x_wconf 86' lang='lat' dir='ltr'><strong>maiori</strong></span> <span class='ocrx_word' id='word_1_186' title='bbox 1402 1839 1579 1879; x_wconf 89' lang='lat' dir='ltr'><strong>semper</strong></span> <span class='ocrx_word' id='word_1_187' title='bbox 1616 1824 1743 1879; x_wconf 90' lang='lat' dir='ltr'><strong>plura</strong></span> 
     </span>
     <span class='ocr_line' id='line_1_22' title="bbox 112 1900 1738 1956; baseline -0.002 -11"><span class='ocrx_word' id='word_1_188' title='bbox 112 1903 304 1945; x_wconf 83' lang='lat' dir='ltr'><strong>calcaria</strong></span> <span class='ocrx_word' id='word_1_189' title='bbox 327 1903 511 1954; x_wconf 87' lang='lat' dir='ltr'><strong>addere,</strong></span> <span class='ocrx_word' id='word_1_190' title='bbox 529 1910 574 1944; x_wconf 92' lang='lat' dir='ltr'><strong>et</strong></span> <span class='ocrx_word' id='word_1_191' title='bbox 596 1903 652 1943; x_wconf 93' lang='lat' dir='ltr'><strong>ad</strong></span> <span class='ocrx_word' id='word_1_192' title='bbox 675 1901 844 1944; x_wconf 88' lang='lat' dir='ltr'><strong>maiora</strong></span> <span class='ocrx_word' id='word_1_193' title='bbox 867 1901 1102 1956; x_wconf 85' lang='lat' dir='ltr'><strong>instigare,</strong></span> <span class='ocrx_word' id='word_1_194' title='bbox 1130 1909 1181 1943; x_wconf 92' lang='lat' dir='ltr'><strong>ut</strong></span> <span class='ocrx_word' id='word_1_195' title='bbox 1203 1901 1355 1952; x_wconf 87' lang='lat' dir='ltr'><strong>etiam,</strong></span> <span class='ocrx_word' id='word_1_196' title='bbox 1377 1901 1546 1943; x_wconf 89' lang='lat' dir='ltr'><strong>mundo</strong></span> <span class='ocrx_word' id='word_1_197' title='bbox 1566 1900 1738 1952; x_wconf 88' lang='lat' dir='ltr'><strong>relicto,</strong></span> 
     </span>
     <span class='ocr_line' id='line_1_23' title="bbox 112 1977 1741 2033; baseline -0.001 -13"><span class='ocrx_word' id='word_1_198' title='bbox 112 1993 161 2022; x_wconf 93' lang='lat' dir='ltr'><strong>se</strong></span> <span class='ocrx_word' id='word_1_199' title='bbox 187 1986 333 2021; x_wconf 90' lang='lat' dir='ltr'><strong>totum</strong></span> <span class='ocrx_word' id='word_1_200' title='bbox 357 1978 553 2022; x_wconf 88' lang='lat' dir='ltr'><strong>Domino</strong></span> <span class='ocrx_word' id='word_1_201' title='bbox 576 1977 762 2029; x_wconf 88' lang='lat' dir='ltr'><strong>dicaret,</strong></span> <span class='ocrx_word' id='word_1_202' title='bbox 790 1979 911 2033; x_wconf 91' lang='lat' dir='ltr'><strong>quod</strong></span> <span class='ocrx_word' id='word_1_203' title='bbox 935 1979 1128 2032; x_wconf 88' lang='lat' dir='ltr'><strong>quadam</strong></span> <span class='ocrx_word' id='word_1_204' title='bbox 1152 1985 1287 2021; x_wconf 87' lang='lat' dir='ltr'><strong>nocte</strong></span> <span class='ocrx_word' id='word_1_205' title='bbox 1310 1977 1371 2019; x_wconf 89' lang='lat' dir='ltr'><strong>illi</strong></span> <span class='ocrx_word' id='word_1_206' title='bbox 1394 1977 1518 2020; x_wconf 82' lang='lat' dir='ltr'><strong>venit</strong></span> <span class='ocrx_word' id='word_1_207' title='bbox 1540 1978 1585 2019; x_wconf 90' lang='lat' dir='ltr'><strong>in</strong></span> <span class='ocrx_word' id='word_1_208' title='bbox 1616 1992 1741 2019; x_wconf 89' lang='lat' dir='ltr'><strong>men—</strong></span> 
     </span>
     <span class='ocr_line' id='line_1_24' title="bbox 114 2053 1740 2111; baseline -0.001 -15"><span class='ocrx_word' id='word_1_209' title='bbox 114 2062 219 2107; x_wconf 89' lang='lat' dir='ltr'><strong>tem,</strong></span> <span class='ocrx_word' id='word_1_210' title='bbox 245 2055 506 2111; x_wconf 89' lang='lat' dir='ltr'><strong>praesertim</strong></span> <span class='ocrx_word' id='word_1_211' title='bbox 531 2069 633 2097; x_wconf 91' lang='lat' dir='ltr'><strong>cum</strong></span> <span class='ocrx_word' id='word_1_212' title='bbox 657 2054 858 2097; x_wconf 89' lang='lat' dir='ltr'><strong>audisset</strong></span> <span class='ocrx_word' id='word_1_213' title='bbox 880 2056 1109 2109; x_wconf 87' lang='lat' dir='ltr'><strong>quendam</strong></span> <span class='ocrx_word' id='word_1_214' title='bbox 1133 2069 1266 2097; x_wconf 90' lang='lat' dir='ltr'><strong>suum</strong></span> <span class='ocrx_word' id='word_1_215' title='bbox 1288 2062 1534 2110; x_wconf 89' lang='lat' dir='ltr'><strong>cognatum</strong></span> <span class='ocrx_word' id='word_1_216' title='bbox 1558 2053 1740 2109; x_wconf 88' lang='lat' dir='ltr'><strong>religio-</strong></span> 
     </span>
     <span class='ocr_line' id='line_1_25' title="bbox 111 2130 1736 2188; baseline -0.001 -15"><span class='ocrx_word' id='word_1_217' title='bbox 111 2146 212 2175; x_wconf 89' lang='lat' dir='ltr'><strong>nem</strong></span> <span class='ocrx_word' id='word_1_218' title='bbox 236 2131 474 2176; x_wconf 87' lang='lat' dir='ltr'><strong>Societatis</strong></span> <span class='ocrx_word' id='word_1_219' title='bbox 491 2133 600 2188; x_wconf 88' lang='lat' dir='ltr'><strong>Jesu</strong></span> <span class='ocrx_word' id='word_1_220' title='bbox 625 2131 881 2186; x_wconf 86' lang='lat' dir='ltr'><strong>ingressum</strong></span> <span class='ocrx_word' id='word_1_221' title='bbox 907 2131 1061 2183; x_wconf 84' lang='lat' dir='ltr'><strong>fuisse3</strong></span> <span class='ocrx_word' id='word_1_222' title='bbox 1089 2132 1209 2185; x_wconf 91' lang='lat' dir='ltr'><strong>quod</strong></span> <span class='ocrx_word' id='word_1_223' title='bbox 1232 2132 1344 2174; x_wconf 90' lang='lat' dir='ltr'><strong>adeo</strong></span> <span class='ocrx_word' id='word_1_224' title='bbox 1373 2146 1477 2175; x_wconf 90' lang='lat' dir='ltr'><strong>eum</strong></span> <span class='ocrx_word' id='word_1_225' title='bbox 1510 2130 1736 2181; x_wconf 85' lang='lat' dir='ltr'><strong>excitavit,</strong></span> 
     </span>
     <span class='ocr_line' id='line_1_26' title="bbox 109 2206 1739 2261; baseline 0 -13"><span class='ocrx_word' id='word_1_226' title='bbox 109 2214 159 2248; x_wconf 92' lang='lat' dir='ltr'><strong>ut</strong></span> <span class='ocrx_word' id='word_1_227' title='bbox 181 2208 461 2259; x_wconf 86' lang='lat' dir='ltr'><strong>decerneret,</strong></span> <span class='ocrx_word' id='word_1_228' title='bbox 487 2206 820 2261; x_wconf 88' lang='lat' dir='ltr'><strong>quamprimum</strong></span> <span class='ocrx_word' id='word_1_229' title='bbox 845 2208 1036 2249; x_wconf 86' lang='lat' dir='ltr'><strong>facultas</strong></span> <span class='ocrx_word' id='word_1_230' title='bbox 1059 2208 1258 2258; x_wconf 87' lang='lat' dir='ltr'><strong>daretur,</strong></span> <span class='ocrx_word' id='word_1_231' title='bbox 1286 2208 1466 2251; x_wconf 84' lang='lat' dir='ltr'><strong>tandem</strong></span> <span class='ocrx_word' id='word_1_232' title='bbox 1490 2221 1538 2250; x_wconf 92' lang='lat' dir='ltr'><strong>se</strong></span> <span class='ocrx_word' id='word_1_233' title='bbox 1561 2221 1739 2260; x_wconf 90' lang='lat' dir='ltr'><strong>quoque</strong></span> 
     </span>
     <span class='ocr_line' id='line_1_27' title="bbox 108 2282 1739 2339; baseline 0 -15"><span class='ocrx_word' id='word_1_234' title='bbox 108 2282 437 2339; x_wconf 88' lang='lat' dir='ltr'><strong>ingressurum;</strong></span> <span class='ocrx_word' id='word_1_235' title='bbox 465 2297 598 2337; x_wconf 87' lang='lat' dir='ltr'><strong>quam</strong></span> <span class='ocrx_word' id='word_1_236' title='bbox 623 2297 714 2325; x_wconf 91' lang='lat' dir='ltr'><strong>rem</strong></span> <span class='ocrx_word' id='word_1_237' title='bbox 740 2290 888 2325; x_wconf 90' lang='lat' dir='ltr'><strong>tamen</strong></span> <span class='ocrx_word' id='word_1_238' title='bbox 915 2282 1178 2337; x_wconf 82' lang='lat' dir='ltr'><strong>parentibus</strong></span> <span class='ocrx_word' id='word_1_239' title='bbox 1201 2283 1375 2338; x_wconf 89' lang='lat' dir='ltr'><strong>aperire</strong></span> <span class='ocrx_word' id='word_1_240' title='bbox 1398 2297 1488 2325; x_wconf 89' lang='lat' dir='ltr'><strong>non</strong></span> <span class='ocrx_word' id='word_1_241' title='bbox 1510 2290 1579 2325; x_wconf 90' lang='lat' dir='ltr'><strong>est</strong></span> <span class='ocrx_word' id='word_1_242' title='bbox 1602 2296 1739 2324; x_wconf 84' lang='lat' dir='ltr'><strong>ausus</strong></span> 
     </span>
     <span class='ocr_line' id='line_1_28' title="bbox 108 2358 1737 2414; baseline 0 -14"><span class='ocrx_word' id='word_1_243' title='bbox 108 2373 192 2403; x_wconf 91' lang='lat' dir='ltr'><strong>nec</strong></span> <span class='ocrx_word' id='word_1_244' title='bbox 215 2359 348 2402; x_wconf 88' lang='lat' dir='ltr'><strong>etiam</strong></span> <span class='ocrx_word' id='word_1_245' title='bbox 375 2359 499 2402; x_wconf 86' lang='lat' dir='ltr'><strong>Patri</strong></span> <span class='ocrx_word' id='word_1_246' title='bbox 528 2359 693 2410; x_wconf 88' lang='lat' dir='ltr'><strong>Natali,</strong></span> <span class='ocrx_word' id='word_1_247' title='bbox 727 2358 890 2402; x_wconf 89' lang='lat' dir='ltr'><strong>rectori</strong></span> <span class='ocrx_word' id='word_1_248' title='bbox 921 2367 1029 2401; x_wconf 80' lang='lat' dir='ltr'><strong>tunc</strong></span> <span class='ocrx_word' id='word_1_249' title='bbox 1059 2359 1239 2414; x_wconf 91' lang='lat' dir='ltr'><strong>collegii</strong></span> <span class='ocrx_word' id='word_1_250' title='bbox 1269 2359 1524 2411; x_wconf 86' lang='lat' dir='ltr'><strong>Societatis;</strong></span> <span class='ocrx_word' id='word_1_251' title='bbox 1557 2359 1636 2401; x_wconf 90' lang='lat' dir='ltr'><strong>sed</strong></span> <span class='ocrx_word' id='word_1_252' title='bbox 1665 2373 1737 2400; x_wconf 88' lang='lat' dir='ltr'><strong>sa—</strong></span> 
     </span>
     <span class='ocr_line' id='line_1_29' title="bbox 105 2434 1735 2491; baseline -0.001 -13"><span class='ocrx_word' id='word_1_253' title='bbox 105 2436 334 2478; x_wconf 89' lang='lat' dir='ltr'><strong>cerdotem</strong></span> <span class='ocrx_word' id='word_1_254' title='bbox 365 2450 497 2478; x_wconf 89' lang='lat' dir='ltr'><strong>suum</strong></span> <span class='ocrx_word' id='word_1_255' title='bbox 530 2434 653 2486; x_wconf 86' lang='lat' dir='ltr'><strong>adiit,</strong></span> <span class='ocrx_word' id='word_1_256' title='bbox 695 2449 890 2489; x_wconf 90' lang='lat' dir='ltr'><strong>eumque</strong></span> <span class='ocrx_word' id='word_1_257' title='bbox 928 2435 1122 2491; x_wconf 89' lang='lat' dir='ltr'><strong>rogavit,</strong></span> <span class='ocrx_word' id='word_1_258' title='bbox 1167 2442 1217 2478; x_wconf 91' lang='lat' dir='ltr'><strong>ut</strong></span> <span class='ocrx_word' id='word_1_259' title='bbox 1258 2436 1380 2478; x_wconf 84' lang='lat' dir='ltr'><strong>Patri</strong></span> <span class='ocrx_word' id='word_1_260' title='bbox 1417 2435 1567 2478; x_wconf 89' lang='lat' dir='ltr'><strong>Natali</strong></span> <span class='ocrx_word' id='word_1_261' title='bbox 1604 2449 1735 2477; x_wconf 90' lang='lat' dir='ltr'><strong>suum</strong></span> 
     </span>
     <span class='ocr_line' id='line_1_30' title="bbox 104 2511 1735 2567; baseline -0.001 -14"><span class='ocrx_word' id='word_1_262' title='bbox 104 2512 377 2555; x_wconf 87' lang='lat' dir='ltr'><strong>desiderium</strong></span> <span class='ocrx_word' id='word_1_263' title='bbox 396 2512 660 2567; x_wconf 84' lang='lat' dir='ltr'><strong>explicaret.</strong></span> <span class='ocrx_word' id='word_1_264' title='bbox 679 2512 815 2566; x_wconf 75' lang='lat' dir='ltr'><strong>Quod</strong></span> <span class='ocrx_word' id='word_1_265' title='bbox 834 2511 912 2553; x_wconf 90' lang='lat' dir='ltr'><strong>ubi</strong></span> <span class='ocrx_word' id='word_1_266' title='bbox 931 2511 1121 2558; x_wconf 70' lang='lat' dir='ltr'><strong>audivit,</strong></span> <span class='ocrx_word' id='word_1_267' title='bbox 1136 2512 1282 2555; x_wconf 88' lang='lat' dir='ltr'><strong>laetus</strong></span> <span class='ocrx_word' id='word_1_268' title='bbox 1302 2511 1425 2554; x_wconf 80' lang='lat' dir='ltr'><strong>Patri</strong></span> <span class='ocrx_word' id='word_1_269' title='bbox 1445 2511 1593 2554; x_wconf 81' lang='lat' dir='ltr'><strong>Natali</strong></span> <span class='ocrx_word' id='word_1_270' title='bbox 1612 2518 1710 2553; x_wconf 88' lang='lat' dir='ltr'><strong>retu</strong></span> <span class='ocrx_word' id='word_1_271' title='bbox 1723 2537 1735 2540; x_wconf 97' lang='lat'>-</span> 
     </span>
     <span class='ocr_line' id='line_1_31' title="bbox 105 2587 1736 2644; baseline 0.001 -15"><span class='ocrx_word' id='word_1_272' title='bbox 105 2587 169 2639; x_wconf 89' lang='lat' dir='ltr'><strong>lit,</strong></span> <span class='ocrx_word' id='word_1_273' title='bbox 185 2589 261 2643; x_wconf 90' lang='lat' dir='ltr'><strong>qui</strong></span> <span class='ocrx_word' id='word_1_274' title='bbox 280 2589 512 2644; x_wconf 80' lang='lat' dir='ltr'><strong>respondit</strong></span> <span class='ocrx_word' id='word_1_275' title='bbox 535 2603 583 2630; x_wconf 87' lang='lat' dir='ltr'><strong>se</strong></span> <span class='ocrx_word' id='word_1_276' title='bbox 601 2588 727 2630; x_wconf 90' lang='lat' dir='ltr'><strong>illum</strong></span> <span class='ocrx_word' id='word_1_277' title='bbox 746 2588 1067 2639; x_wconf 90' lang='lat' dir='ltr'><strong>admissurum,</strong></span> <span class='ocrx_word' id='word_1_278' title='bbox 1090 2588 1126 2630; x_wconf 90' lang='lat' dir='ltr'><strong>si</strong></span> <span class='ocrx_word' id='word_1_279' title='bbox 1145 2597 1353 2643; x_wconf 89' lang='lat' dir='ltr'><strong>parentes</strong></span> <span class='ocrx_word' id='word_1_280' title='bbox 1370 2589 1467 2632; x_wconf 89' lang='lat' dir='ltr'><strong>eius</strong></span> <span class='ocrx_word' id='word_1_281' title='bbox 1491 2589 1535 2630; x_wconf 90' lang='lat' dir='ltr'><strong>id</strong></span> <span class='ocrx_word' id='word_1_282' title='bbox 1550 2587 1736 2643; x_wconf 87' lang='lat' dir='ltr'><strong>permit-</strong></span> 
     </span>
     <span class='ocr_line' id='line_1_32' title="bbox 105 2664 1736 2719; baseline 0 -14"><span class='ocrx_word' id='word_1_283' title='bbox 105 2672 267 2717; x_wconf 89' lang='lat' dir='ltr'><strong>terent,</strong></span> <span class='ocrx_word' id='word_1_284' title='bbox 293 2680 413 2717; x_wconf 90' lang='lat' dir='ltr'><strong>nam,</strong></span> <span class='ocrx_word' id='word_1_285' title='bbox 441 2664 593 2706; x_wconf 89' lang='lat' dir='ltr'><strong>invitis</strong></span> <span class='ocrx_word' id='word_1_286' title='bbox 616 2665 897 2719; x_wconf 88' lang='lat' dir='ltr'><strong>parentibus,</strong></span> <span class='ocrx_word' id='word_1_287' title='bbox 925 2664 1038 2706; x_wconf 88' lang='lat' dir='ltr'><strong>nihil</strong></span> <span class='ocrx_word' id='word_1_288' title='bbox 1061 2678 1109 2707; x_wconf 86' lang='lat' dir='ltr'><strong>se</strong></span> <span class='ocrx_word' id='word_1_289' title='bbox 1133 2665 1358 2706; x_wconf 89' lang='lat' dir='ltr'><strong>facturum</strong></span> <span class='ocrx_word' id='word_1_290' title='bbox 1382 2664 1576 2708; x_wconf 85' lang='lat' dir='ltr'><strong>dicebat.</strong></span> <span class='ocrx_word' id='word_1_291' title='bbox 1599 2665 1736 2719; x_wconf 75' lang='lat' dir='ltr'><strong>Quod</strong></span> 
     </span>
     <span class='ocr_line' id='line_1_33' title="bbox 104 2740 1734 2796; baseline 0.001 -15"><span class='ocrx_word' id='word_1_292' title='bbox 104 2740 181 2781; x_wconf 89' lang='lat' dir='ltr'><strong>ubi</strong></span> <span class='ocrx_word' id='word_1_293' title='bbox 220 2741 397 2785; x_wconf 90' lang='lat' dir='ltr'><strong>iuvenis</strong></span> <span class='ocrx_word' id='word_1_294' title='bbox 428 2741 635 2792; x_wconf 87' lang='lat' dir='ltr'><strong>rescivit,</strong></span> <span class='ocrx_word' id='word_1_295' title='bbox 677 2741 940 2796; x_wconf 88' lang='lat' dir='ltr'><strong>parentibus</strong></span> <span class='ocrx_word' id='word_1_296' title='bbox 978 2740 1166 2784; x_wconf 87' lang='lat' dir='ltr'><strong>ridendo</strong></span> <span class='ocrx_word' id='word_1_297' title='bbox 1204 2740 1436 2793; x_wconf 88' lang='lat' dir='ltr'><strong>indicavit,</strong></span> <span class='ocrx_word' id='word_1_298' title='bbox 1465 2749 1513 2783; x_wconf 90' lang='lat' dir='ltr'><strong>ut</strong></span> <span class='ocrx_word' id='word_1_299' title='bbox 1535 2740 1734 2782; x_wconf 91' lang='lat' dir='ltr'><strong>animum</strong></span> 
     </span>
     <span class='ocr_line' id='line_1_34' title="bbox 103 2817 1733 2873; baseline 0 -13"><span class='ocrx_word' id='word_1_300' title='bbox 103 2832 259 2861; x_wconf 91' lang='lat' dir='ltr'><strong>eorum</strong></span> <span class='ocrx_word' id='word_1_301' title='bbox 295 2818 488 2873; x_wconf 86' lang='lat' dir='ltr'><strong>experiri</strong></span> <span class='ocrx_word' id='word_1_302' title='bbox 524 2825 698 2873; x_wconf 92' lang='lat' dir='ltr'><strong>posset,</strong></span> <span class='ocrx_word' id='word_1_303' title='bbox 735 2818 812 2872; x_wconf 91' lang='lat' dir='ltr'><strong>qui</strong></span> <span class='ocrx_word' id='word_1_304' title='bbox 848 2817 983 2860; x_wconf 91' lang='lat' dir='ltr'><strong>etiam</strong></span> <span class='ocrx_word' id='word_1_305' title='bbox 1022 2817 1210 2860; x_wconf 89' lang='lat' dir='ltr'><strong>ridendo</strong></span> <span class='ocrx_word' id='word_1_306' title='bbox 1243 2819 1576 2873; x_wconf 90' lang='lat' dir='ltr'><strong>respondebant</strong></span> <span class='ocrx_word' id='word_1_307' title='bbox 1612 2833 1660 2861; x_wconf 93' lang='lat' dir='ltr'><strong>se</strong></span> <span class='ocrx_word' id='word_1_308' title='bbox 1689 2818 1733 2860; x_wconf 92' lang='lat' dir='ltr'><strong>id</strong></span> 
     </span>
     <span class='ocr_line' id='line_1_35' title="bbox 105 2893 1730 2950; baseline -0.001 -13"><span class='ocrx_word' id='word_1_309' title='bbox 105 2902 263 2950; x_wconf 89' lang='lat' dir='ltr'><strong>optare</strong></span> <span class='ocrx_word' id='word_1_310' title='bbox 301 2909 352 2937; x_wconf 92' lang='lat' dir='ltr'><strong>ac</strong></span> <span class='ocrx_word' id='word_1_311' title='bbox 390 2895 527 2946; x_wconf 84' lang='lat' dir='ltr'><strong>velle3</strong></span> <span class='ocrx_word' id='word_1_312' title='bbox 570 2895 649 2937; x_wconf 91' lang='lat' dir='ltr'><strong>sed</strong></span> <span class='ocrx_word' id='word_1_313' title='bbox 686 2907 789 2936; x_wconf 89' lang='lat' dir='ltr'><strong>cum</strong></span> <span class='ocrx_word' id='word_1_314' title='bbox 827 2893 973 2949; x_wconf 88' lang='lat' dir='ltr'><strong>ipsum</strong></span> <span class='ocrx_word' id='word_1_315' title='bbox 1011 2894 1130 2937; x_wconf 90' lang='lat' dir='ltr'><strong>serio</strong></span> <span class='ocrx_word' id='word_1_316' title='bbox 1168 2893 1291 2948; x_wconf 89' lang='lat' dir='ltr'><strong>loqui</strong></span> <span class='ocrx_word' id='word_1_317' title='bbox 1328 2901 1586 2946; x_wconf 89' lang='lat' dir='ltr'><strong>cernerent,</strong></span> <span class='ocrx_word' id='word_1_318' title='bbox 1628 2909 1730 2938; x_wconf 92' lang='lat' dir='ltr'><strong>eum</strong></span> 
     </span>
     <span class='ocr_line' id='line_1_36' title="bbox 103 2970 1732 3026; baseline 0 -13"><span class='ocrx_word' id='word_1_319' title='bbox 103 2970 286 3013; x_wconf 89' lang='lat' dir='ltr'><strong>omnino</strong></span> <span class='ocrx_word' id='word_1_320' title='bbox 310 2971 366 3013; x_wconf 90' lang='lat' dir='ltr'><strong>ab</strong></span> <span class='ocrx_word' id='word_1_321' title='bbox 389 2970 647 3013; x_wconf 88' lang='lat' dir='ltr'><strong>huiusmodi</strong></span> <span class='ocrx_word' id='word_1_322' title='bbox 670 2970 879 3012; x_wconf 89' lang='lat' dir='ltr'><strong>instituto</strong></span> <span class='ocrx_word' id='word_1_323' title='bbox 905 2985 1095 3013; x_wconf 87' lang='lat' dir='ltr'><strong>avocare</strong></span> <span class='ocrx_word' id='word_1_324' title='bbox 1118 2970 1269 3012; x_wconf 91' lang='lat' dir='ltr'><strong>conati</strong></span> <span class='ocrx_word' id='word_1_325' title='bbox 1299 2978 1420 3022; x_wconf 91' lang='lat' dir='ltr'><strong>sunt,</strong></span> <span class='ocrx_word' id='word_1_326' title='bbox 1453 2985 1504 3013; x_wconf 88' lang='lat' dir='ltr'><strong>ac</strong></span> <span class='ocrx_word' id='word_1_327' title='bbox 1534 2971 1732 3026; x_wconf 88' lang='lat' dir='ltr'><strong>quotidie</strong></span> 
     </span>
    </p>
   </div>
   <div class='ocr_carea' id='block_1_3' title="bbox 101 3046 881 3102">
    <p class='ocr_par' dir='ltr' id='par_1_6' title="bbox 101 3046 881 3102">
     <span class='ocr_line' id='line_1_37' title="bbox 101 3046 881 3102; baseline 0.003 -14"><span class='ocrx_word' id='word_1_328' title='bbox 101 3047 159 3091; x_wconf 91' lang='lat' dir='ltr'><strong>de</strong></span> <span class='ocrx_word' id='word_1_329' title='bbox 181 3048 266 3089; x_wconf 92' lang='lat' dir='ltr'><strong>hac</strong></span> <span class='ocrx_word' id='word_1_330' title='bbox 289 3061 337 3090; x_wconf 91' lang='lat' dir='ltr'><strong>re</strong></span> <span class='ocrx_word' id='word_1_331' title='bbox 361 3047 531 3091; x_wconf 86' lang='lat' dir='ltr'><strong>mentio</strong></span> <span class='ocrx_word' id='word_1_332' title='bbox 556 3046 705 3102; x_wconf 86' lang='lat' dir='ltr'><strong>aliqua</strong></span> <span class='ocrx_word' id='word_1_333' title='bbox 728 3047 881 3091; x_wconf 89' lang='lat' dir='ltr'><strong>fiebat.</strong></span> 
     </span>
    </p>
   </div>
  </div>
 </body>
</html>
