2028 3426
360 210 430 247 522
834 201 988 237 PATms
1014 201 1259 236 HIERONYMI
1285 200 1436 236 NADAL

312 303 378 346 lui
401 304 567 360 poterit
596 304 852 360 aliquoties,
878 318 930 346 ac
959 303 1131 348 interea
1161 303 1413 346 curandum
1443 309 1512 345 est
1541 299 1699 343 sedulo
1727 306 1776 341 vt
1803 298 1947 342 eidem

316 382 642 437 persuadeatur
681 382 802 436 quod
830 382 886 423 ad
920 380 1243 436 perfectionem
1276 378 1490 422 maiorem
1519 385 1710 433 spectat.
1745 376 1883 431 Quod
1913 375 1949 418 si

318 458 414 501 fleri
453 460 634 502 tandem
669 473 721 501 ac
761 457 913 514 perfici
954 472 1043 500 non
1078 457 1259 513 poterit,
1295 457 1352 500 ad
1384 462 1636 498 extremum
1675 452 1949 509 superiorem

318 535 442 580 adire
464 535 690 588 iubeatur,
716 549 800 578 nec
823 535 1033 578 audiatur
1055 535 1154 580 eius
1177 532 1439 577 confessio¹

409 613 479 657 Sit
500 613 634 656 lectio
657 621 701 657 et
731 612 912 655 collatio
944 626 1131 655 casuum
1165 626 1247 667 pro
1284 608 1454 653 nostris
1486 607 1824 651 confessoribus
1862 605 1952 662 pri·

322 694 447 741 uata,
473 690 510 733 si
535 705 624 732 non
651 689 785 732 fuerit
807 689 1005 745 publica,
1024 698 1069 731 et
1092 687 1167 730 vbi
1191 695 1402 730 neutrum
1426 685 1524 729 fieri
1541 694 1557 709 ³
1580 683 1764 740 poterit,
1784 684 1955 726 habea-

325 774 396 808 tur
425 766 623 817 collatio,
659 774 703 810 et
734 772 949 821 poterunt
986 764 1206 808 interesse
1243 762 1377 806 etiam
1417 760 1674 817 theologiae
1707 759 1951 802 auditores
1980 768 1998 820 ἒ,

323 844 473 898 Quam
499 844 759 897 frequenter
787 842 922 884 lectio
950 842 1022 884 vel
1051 840 1230 884 collatio
1260 839 1470 883 habenda
1493 838 1565 889 sit,
1591 837 1635 879 id
1675 835 1880 880 censebit
1912 844 1957 879 et

325 920 599 976 praescribet
623 919 929 975 prouincialis.

416 997 668 1040 Confesarii
697 1011 791 1048 eos,
823 996 900 1051 qui
930 1004 1056 1040 extra
1093 994 1288 1051 collegia
1326 1008 1462 1049 saepe
1500 1000 1753 1043 versantur:
1797 997 1959 1046 rogent

327 1090 436 1116 num
460 1075 531 1118 vel
554 1074 677 1130 ipsis,
703 1075 776 1117 vel
793 1073 927 1117 sociis
949 1072 1118 1128 aliquid
1141 1071 1401 1127 contigerit,
1423 1070 1543 1125 quod
1562 1083 1665 1111 cum
1685 1074 1807 1111 recta
1829 1065 1960 1109 insti-

329 1152 502 1194 tutione
532 1158 706 1203 nostra,
740 1152 811 1193 vel
849 1150 1156 1206 proximorum
1195 1147 1508 1191 aedificatione
1538 1152 1729 1202 pugnet.
1764 1148 1849 1190 433
1887 1144 1960 1187 Ad

331 1244 465 1272 casus
489 1236 640 1272 autem
665 1236 921 1273 reseruatos
943 1235 1184 1283 spectaret,
1211 1226 1248 1268 si
1277 1216 1473 1269 mortale*
1495 1223 1678 1278 aliquod
1712 1228 1832 1266 esset
1855 1234 1960 1276 pec-

332 1314 500 1359 catum,
528 1313 607 1348 aut
630 1306 892 1349 scandalum
917 1305 1123 1357 aliorum,
1149 1311 1227 1346 aut
1252 1302 1500 1359 periculum
1520 1307 1777 1343 nostrorum
1802 1312 1959 1354 graue;

334 1383 426 1426 imo
450 1398 557 1426 vero
580 1383 617 1425 si
640 1390 815 1425 tantum
839 1381 1142 1425 confessarius
1166 1381 1409 1431 dubitaret,
1443 1393 1552 1421 num
1583 1384 1821 1433 peccatum
1845 1382 1989 1418 esset'

333 1462 537 1512 mortale,
565 1461 686 1515 quod
709 1459 977 1516 contigisset
1001 1457 1238 1510 reseruari,
1265 1458 1400 1501 debet
1423 1454 1647 1498 absolutio
1671 1452 1866 1510 [deferri]
1890 1465 1964 1494 su-

333 1538 496 1594 periori
520 1538 655 1590 illius,
682 1533 761 1593 qui
782 1538 826 1579 in
850 1536 1109 1579 huiusmodi
1134 1549 1288 1578 casum
1312 1523 1545 1577 incidisset
1569 1532 1600 1573 ².
1629 1530 1766 1586 Quod
1798 1529 1835 1572 si
1858 1543 1965 1572 cen·
2018 1525 2019 1528 ’

333 1623 452 1658 seret
476 1616 779 1658 confessarius
802 1623 1038 1670 peccatum
1062 1627 1153 1655 non
1176 1626 1276 1655 esse
1299 1611 1501 1660 mortale,
1528 1609 1607 1652 sed
1631 1615 1806 1650 tantum
1836 1613 1966 1648 nota—

334 1693 468 1736 bilem
492 1692 509 1717 b
527 1692 845 1745 indecentiam,
867 1692 1075 1734 consulat
1092 1689 1386 1732 nihilominus
1403 1686 1661 1737 efficaciter,
1683 1692 1731 1727 vt
1749 1682 1967 1740 superiori
1991 1691 1993 1694 ’

336 1771 380 1812 id
403 1770 448 1812 in
473 1769 758 1813 confessione
780 1769 988 1825 explicet,
1015 1767 1396 1823 quemadmodum
1420 1764 1584 1807 dicitur
1603 1762 1647 1804 in
1667 1759 1965 1817 explicatione

338 1862 544 1899 casuum,
572 1846 648 1901 qui
678 1853 983 1889 reseruantur.
1018 1847 1191 1888 Neuter
1219 1858 1327 1888 vero
1356 1841 1623 1885 absoluatur
1655 1841 1801 1883 donec
1839 1852 1968 1893 supe·

339 1925 442 1966 riori
468 1925 656 1977 reuelet‚
682 1923 718 1966 si
742 1923 850 1978 quid
878 1921 1070 1978 contigit
1101 1921 1240 1976 socio,
1273 1920 1394 1975 quod
1422 1919 1494 1962 vel
1523 1916 1695 1973 peccati
1730 1915 1802 1958 vel
1840 1914 1970 1957 inde-

339 2001 515 2044 centiae
546 2001 700 2043 saltem
732 2000 942 2042 notabilis
971 1999 1173 2041 damnari
1203 2012 1335 2053 posse
1364 1996 1585 2039 videatur.
1628 1993 1766 2048 Quod
1804 1991 1840 2034 si
1876 2005 1965 2033 non

338 2085 488 2133 posset
527 2092 581 2120 ex
621 2077 926 2120 reseruatione
962 2077 1017 2119 de
1056 2081 1318 2131 praecepto,
1359 2073 1469 2115 illud
1499 2070 1630 2114 faciet
1670 2085 1724 2113 ex
1763 2081 1960 2112 reserua-

340 2155 462 2197 tione
484 2155 540 2197 de
563 2154 765 2203 consilio,
787 2156 873 2196 hoc
891 2161 958 2196 est
978 2152 1175 2196 remittet
1198 2152 1254 2195 ad
1272 2149 1548 2206 superiorem
1568 2155 1615 2188 vt
1633 2147 1866 2196 iuuentur,
1888 2156 1971 2186 nec
2000 2189 2004 2196 ,

340 2231 492 2274 audiet
515 2231 693 2273 illorum
717 2230 1027 2273 confessiones
1049 2231 1081 2271 ⁵.

428 2312 517 2353 434
541 2308 630 2351 Vbi
656 2307 800 2350 reddit
818 2306 978 2361 aliquis
996 2305 1300 2350 conscientiae
1317 2318 1427 2347 suae
1445 2302 1680 2351 rationem,
1702 2300 1775 2344 vel
1794 2298 1973 2354 quando

412 2448 428 2464 ²¹
480 2438 587 2472 Haec
605 2437 765 2472 3-verba
785 2436 915 2472 addita
933 2437 1140 2482 posterius3
1161 2435 1229 2471 sed
1249 2433 1429 2470 librarius
1448 2432 1604 2478 scripsit
1615 2431 1749 2478 suerit
1774 2440 1842 2476 pro
1862 2428 1972 2475 fieri.
1998 2422 2000 2427 ’

344 2499 409 2523 —b
437 2498 522 2532 Hoc
542 2498 652 2532 verb.
673 2496 846 2531 additum
866 2495 1080 2542 posterius.

421 2602 428 2620 ¹
481 2599 567 2632 Non
584 2603 714 2644 potest
731 2608 833 2632 nunc
852 2596 957 2642 adigi
981 2596 1028 2631 ad
1053 2594 1317 2631 confitendum
1344 2592 1535 2640 superiori
1561 2591 1635 2627 nisi
1666 2595 1826 2637 peccata
1854 2599 1977 2624 reser-
1998 2620 2001 2621 γ

344 2664 447 2693 vata.
469 2657 569 2692 Vide
587 2657 691 2692 dicta
710 2657 749 2692 in
768 2668 855 2703 pag.
876 2665 958 2701 402,
982 2662 1114 2691 annot.
1135 2663 1166 2689 1.

415 2719 429 2739 ²
479 2718 631 2752 Docent
650 2716 900 2752 nihilominus
918 2714 1235 2750 communissime
1250 2713 1429 2749 doctores
1444 2712 1483 2747 in
1498 2711 1618 2746 dubio
1632 2710 1679 2745 de
1696 2708 1974 2754 reservatione,
1991 2718 2003 2752 g

346 2779 378 2814 si
402 2778 563 2813 dubium
589 2777 641 2812 sit
658 2776 767 2822 facti,
791 2787 868 2811 non
893 2775 1044 2810 censeri
1072 2778 1313 2809 reservatum
1346 2777 1563 2818 peceatum.
1598 2770 1638 2805 Si
1666 2775 1797 2804 autem
1817 2767 1976 2803 dubium
2005 2807 2008 2810 ,

347 2838 398 2873 sit
413 2838 532 2884 juris,
551 2837 646 2872 item
664 2835 924 2872 communiter
943 2840 1088 2880 negant
1106 2839 1284 2868 auctores
1300 2836 1503 2878 peccatum
1520 2836 1562 2865 ut
1581 2833 1824 2864 reservatum
1844 2825 1978 2862 haberi
2007 2847 2009 2850 -

345 2898 504 2933 debere.
525 2896 586 2933 Cf.
608 2897 648 2934 S.
672 2895 891 2938 LlGORlUM,
917 2893 1046 2928 leeol.
1067 2892 1228 2933 moral„
1246 2890 1313 2926 lib.
1332 2891 1399 2934 VI,
1414 2902 1452 2925 n.
1468 2892 1553 2932 0003
1571 2889 1825 2930 LEHMKUHL,
1847 2885 2006 2937 Theolff

349 2959 510 2998 moral„
531 2958 580 3002 11,
603 2969 640 2991 n.
660 2965 744 2999 4053
765 2952 1228 2994 BALLEle-PALMOERI,
1252 2950 1362 2996 Opus
1381 2949 1495 2984 theol.
1517 2948 1677 2989 moral„
1700 2947 1748 2991 V,
1767 2944 1849 2990 432.

420 3019 433 3036 ⁵
485 3016 585 3051 Vide
605 3027 732 3062 supra,
754 3024 842 3060 pag.
862 3021 947 3057 402,
967 3016 1096 3047 annot.
1122 3018 1151 3046 1.

1960 245 2007 343 '4

1976 345 2009 442 {l

1976 407 2009 513 ἕ]

1995 525 2009 543 ,4

1989 556 2009 574 ἰ

1983 575 2010 611 ⁸5*

1983 614 2011 634 «Ἴ,

1983 674 2011 686 ,A

1983 690 2011 713 sl
