2028 3426
490 231 626 268 INDEX
654 237 949 273 PERSONARUM,
977 236 1120 264 RERUM
1148 237 1204 264 Ac
1229 236 1428 264 LOCORUM
1660 228 1728 274 895

134 330 323 367 Columba
343 333 381 367 in
406 333 506 368 festo
526 333 780 368 Pentecostes
805 330 917 365 emis-

183 402 238 435 sa,
256 400 337 426 202.

135 448 463 494 Commendonus,
484 452 654 496 Joannes
673 449 914 492 Franciscus,

181 508 386 543 cardinalis
405 510 572 554 legatus,
603 516 687 553 771,
718 516 801 552 772,
832 514 914 551 777.

134 565 433 602 Commissarius
464 569 502 602 in
527 567 737 602 Societate.
758 566 916 601 Provin-

181 625 261 659 cias
286 630 325 659 et
352 625 487 660 domos
514 637 589 672 quo
617 630 729 671 pacto
753 626 916 659 lustrare

181 683 313 726 debet,
340 683 511 728 365-3733
538 683 621 729 ejus
650 683 858 718 auctoritas
878 688 917 717 et

183 741 401 787 facultates,
434 741 603 788 376-3773
637 743 789 777 litterae
816 741 917 786 ejus-

182 801 270 836 dem
307 803 367 836 vel
399 801 445 836 ad
472 802 652 836 eumdem
680 801 808 846 datae,
834 801 915 845 526,

184 859 364 904 527‚629-

134 918 363 953 Communio
382 930 505 963 sacra,
523 927 606 963 274,
625 917 707 962 331,
728 917 812 962 360,
833 917 916 962 508-

181 986 261 1022 509,
296 986 377 1022 512,
410 986 490 1021 572,
527 978 609 1020 622;
647 978 718 1012 sub
755 982 916 1022 utraque

181 1035 326 1082 specie,
347 1036 429 1079 2883
451 1036 489 1071 in
509 1036 714 1080 Paschate,
734 1035 815 1080 231,
832 1034 913 1080 237,

180 1093 264 1140 333,
284 1093 453 1138 563-564,
475 1095 514 1129 in
539 1093 772 1129 lectionibus
797 1093 915 1128 sacris

180 1153 499 1197 commendanda,
515 1152 598 1198 66ος
622 1164 729 1187 sacra
756 1151 915 1198 synaxis

179 1213 324 1248 Christi
359 1214 597 1258 sepulturam
634 1216 914 1258 repraesentat,

178 1281 261 1316 701.

133 1330 382 1375 Comoediae,
404 1339 485 1375 290,
501 1331 582 1373 565.

133 1390 382 1436 Complutum
428 1390 575 1434 (Alcala
617 1388 665 1423 de
707 1389 912 1431 Henares).

179 1449 397 1494 Collegium
416 1461 436 1483 a
463 1448 592 1482 Natali
616 1447 810 1492 invisitur,
830 1454 913 1492 744,

180 1517 262 1553 751,
283 1508 365 1552 7653
385 1507 446 1552 63>
466 1508 525 1551 64³
546 1515 602 1552 747
628 1505 709 1553 203,
730 1515 812 1551 455)
829 1504 915 1549 738*

179 1575 261 1610 751,
280 1567 365 1611 764,
385 1566 465 1610 804,
500 1565 582 1610 824;
611 1570 750 1608 rector,
785 1577 822 1600 v.
844 1564 915 1598 Lo-

180 1637 263 1671 pez,
286 1626 331 1660 P.
358 1625 604 1659 Emmanuel?

133 1684 374 1730 Compositio
394 1684 468 1719 loci
489 1685 525 1718 in
544 1683 810 1724 meditatione,
830 1690 913 1726 725.

134 1742 399 1787 Comorinum‚
417 1742 733 1788 promontorium,
759 1740 836 1775 188.

132 1801 347 1848 Conceptio
367 1802 539 1846 Virginis
560 1800 764 1846 Deiparae,
783 1812 819 1834 v.
838 1799 915 1833 Ma-

180 1861 234 1894 ria
254 1866 376 1894 mater
395 1859 484 1895 Dei.

132 1917 288 1953 Concha
307 1918 509 1961 (Cum-ma),
531 1928 622 1962 opp.
660 1915 827 1961 Collegii
847 1915 913 1950 So-

178 1976 332 2011 cietatis
352 1976 539 2019 fundatio,
560 1981 599 2009 et
617 1974 766 2009 Natalis
785 1974 913 2016 inspe—

179 2035 271 2079 ctio,
286 2033 456 2079 735-737‚
476 2042 558 2077 745-

130 2092 390 2127 Concionator
409 2092 447 2126 in
474 2091 686 2133 Societate‚
704 2101 778 2136 quo
801 2096 913 2136 pacto

178 2151 454 2193 instituendus,
471 2149 644 2193 653-659;
661 2148 913 2184 concionandi

179 2209 342 2245 facultas
381 2221 456 2255 quo
496 2209 609 2243 modo
642 2208 912 2254 comparanda,

176 2271 259 2313 645;
280 2271 350 2304 hoc
383 2268 638 2303 ministerium
667 2268 912 2313 amplectitur

179 2329 368 2372 Societas,
400 2326 571 2372 653-6593
605 2326 688 2372 237,
720 2335 802 2371 271,
828 2325 911 2371 338,

177 2386 260 2432 359,
281 2395 362 2431 521,
383 2396 462 2430 559,
485 2386 568 2429 561,
587 2384 669 2430 628;
691 2385 839 2419 Natalis
858 2385 912 2419 in-

178 2446 338 2481 structio
367 2456 430 2490 010
451 2444 800 2490 concionatoribus,
829 2453 911 2487 512-

179 2505 260 2549 513,
282 2517 317 2540 V.
340 2503 576 2539 Conciones.

129 2563 363 2606 Conciones,
393 2573 475 2608 200,
510 2571 592 2605 202,
614 2560 696 2607 237,
725 2560 806 2604 238,
829 2561 912 2606 243,

177 2632 258 2668 245..
281 2632 360 2667 259=
384 2631 465 2667 272,
499 2619 580 2665 273,
610 2627 693 2664 277,
721 2618 802 2664 362,
827 2618 913 2662 604-

177 2681 261 2723 605.

130 2738 436 2773 Concordantiae
457 2738 494 2772 in
514 2748 677 2771 examen
708 2747 728 2770 a
751 2736 792 2773 P.
821 2735 911 2769 Hof-

177 2798 262 2832 faeo
280 2797 532 2842 compositae,
554 2796 612 2830 26.

130 2856 399 2891 Confessarius
433 2856 470 2889 in
508 2855 717 2889 Societate.
764 2853 913 2887 Natalis

178 2915 396 2961 instructio,
417 2913 587 2958 462-468,
605 2912 775 2958 517-5263
797 2912 913 2946 inter-

178 2973 345 3018 roganda
365 2973 414 3006 ab
440 2972 549 3017 ipsis,
575 2969 745 3014 472-4733
777 2978 832 3014 19,
853 2978 909 3012 5ο,

1040 336 1099 373 51⁷
1119 337 1177 373 79⁹
1199 328 1257 375 83,
1282 338 1362 374 152,
1396 338 1475 375 155,
1499 330 1579 373 156>
1604 329 1771 374 176-177,

1037 385 1118 433 238,
1147 388 1229 431 246,
1260 396 1344 433 259,
1375 387 1547 431 283-284,
1580 387 1663 433 286,
1688 387 1771 432 293,

1037 444 1219 490 314-315,
1252 445 1334 491 323,
1360 444 1544 491 336-337,
1576 445 1657 491 339,
1688 445 1773 480 361-

1037 503 1120 547 362,
1147 503 1232 549 380,
1258 504 1431 550 402-403,
1463 504 1545 549 408,
1573 503 1656 549 413,
1688 504 1772 549 438,

1036 561 1117 607 439,
1140 563 1222 608 496,
1243 562 1326 607 630,
1345 562 1428 597 632.

990 620 1195 657 Confessio
1214 621 1252 656 in
1272 621 1505 656 lectionibus
1525 622 1644 656 sacris
1669 633 1771 657 com-

1039 679 1268 726 mendanda,
1281 679 1365 727 6603
1377 686 1415 714 et
1429 680 1468 715 in
1482 680 1683 727 colloquiis
1698 681 1768 726 pri-

1038 738 1153 783 vatis,
1172 739 1255 784 6643
1282 744 1370 784 post
1395 738 1678 773 confessionem
1706 750 1773 784 ge-

1038 798 1209 831 neralem
1245 796 1478 840 meditanda,
1513 805 1684 841 470-4713
1711 797 1772 843 80,

1040 856 1119 901 156,
1141 855 1221 902 232,
1249 855 1331 900 237,
1357 855 1439 902 369,
1469 855 1552 900 384,
1584 856 1666 900 385,
1686 857 1772 901 406-

1036 923 1328 961 407‚411‚422‚
1361 914 1552 960 472‚473‚
1584 915 1770 960 525‚569‚

1036 972 1121 1019 630,
1143 970 1226 1010 632'.

990 1031 1313 1077 Confessionalia,
1331 1031 1410 1077 239,
1432 1040 1514 1077 271,
1529 1032 1616 1076 627.

990 1091 1254 1135 Confirmatio,
1269 1092 1356 1137 423.

989 1150 1254 1196 Congregatio
1278 1150 1488 1196 generalis,
1513 1159 1658 1194 lx-xn,
1687 1158 1771 1193 xlv,

1035 1218 1103 1255 xv,
1128 1218 1182 1255 10,
1210 1218 1265 1254 11,
1292 1209 1348 1252 23,
1379 1209 1437 1254 34,
1467 1209 1525 1254 36,
1545 1210 1605 1254 46,
1629 1218 1689 1255 52,
1711 1208 1767 1256 53,

1034 1267 1180 1313 98-148.

988 1326 1321 1371 Congregationes
1340 1337 1410 1360 seu
1425 1325 1511 1371 piae
1526 1325 1768 1370 sodalitates,

1034 1384 1222 1430 optimum
1261 1383 1423 1429 juvandi
1461 1384 1657 1430 proximos
1693 1396 1770 1418 me-

1035 1442 1155 1487 dium,
1172 1442 1343 1488 665-6663
1364 1442 1450 1477 286.

988 1501 1250 1547 Congregatio
1266 1501 1527 1547 provincialis,
1543 1500 1625 1546 392.

959 1610 961 1613 ¹
988 1559 1572 1606 Conimbrica(Coimbra)‚opp.
1586 1560 1771 1594 Monaste-

1035 1619 1133 1653 rium
1149 1618 1497 1665 S.E11'gii(S.E10y
1509 1620 1571 1653 vel
1585 1619 1624 1655 S.
1636 1620 1769 1665 Aloy),

1038 1687 1114 1724 199,
1134 1677 1217 1721 2033
1234 1678 1444 1724 academia,
1461 1677 1545 1722 7623
1562 1678 1769 1723 collegium

1033 1749 1054 1771 a
1074 1737 1202 1772 Natali
1221 1736 1416 1780 invisitur,
1433 1737 1515 1783 7673
1534 1746 1618 1780 xm,
1636 1745 1693 1782 55,
1709 1737 1770 1780 60,

1033 1795 1769 1842 64269‚70‚71‚74‚77‚80‚190‚192‚

1038 1863 1117 1899 194,
1138 1851 1222 1899 199,
1237 1853 1319 1900 203,
1337 1863 1421 1900 205,
1438 1855 1520 1900 206,
1539 1854 1622 1900 208,
1638 1854 1721 1898 253.

986 1913 1220 1949 Consalvius
1250 1913 1298 1948 de
1334 1913 1497 1948 Camara
1532 1913 1770 1959 (Goncalves

1035 1972 1082 2006 da
1102 1971 1295 2017 Camara),
1324 1973 1367 2006 P.
1391 1972 1626 2016 Ludovicus,
1647 1973 1687 2007 S.
1709 1973 1770 2018 J.,

1033 2037 1118 2066 acta
1137 2030 1176 2066 S.
1209 2031 1347 2076 Ignatii
1380 2031 1529 2074 scribit,
1561 2040 1594 2071 2,
1623 2041 1657 2076 4,
1686 2033 1769 2077 692;

1034 2090 1256 2124 Memoriale
1275 2091 1323 2124 ab
1343 2101 1388 2124 eo
1414 2091 1673 2134 lucubratum,
1693 2090 1768 2138 6-73

1031 2146 1155 2191 63-64,
1180 2157 1259 2192 142,
1283 2156 1361 2192 192,
1379 2156 1458 2193 197,
1479 2147 1560 2185 203.

985 2205 1291 2250 Consanguinei,
1343 2206 1545 2251 Quaenam
1595 2204 1768 2240 subsidia

1032 2264 1171 2299 iisdem
1206 2276 1227 2298 a
1262 2264 1377 2299 sociis
1412 2264 1657 2310 praestanda,
1685 2263 1768 2308 539-

1032 2333 1114 2371 540,
1143 2323 1309 2358 affectus
1335 2335 1427 2368 erga
1453 2323 1539 2358 illos
1571 2323 1769 2358 moderan-

962 2379 974 2387 “
1031 2381 1117 2423 dus,
1134 2381 1215 2424 582,
1236 2380 1319 2415 628.

987 2439 1254 2484 Conscientia,
1274 2451 1350 2485 quo
1381 2445 1493 2485 pacto
1522 2439 1769 2475 moderatori-

1033 2500 1104 2534 bus
1135 2498 1357 2544 aperienda,
1389 2498 1449 2543 39,
1480 2497 1541 2543 63,
1569 2498 1653 2543 384,
1684 2498 1769 2545 393,

1032 2558 1115 2602 406)
1152 2566 1239 2601 411>
1277 2556 1447 2603 522‘5232
1484 2556 1566 2601 563,
1599 2557 1769 2602 568'569’

1031 2615 1114 2650 630.

985 2674 1210 2710 Consolatio
1229 2673 1451 2720 spiritualis,
1473 2674 1558 2719 642,
1579 2674 1662 2719 644,
1684 2673 1767 2719 678,

1031 2733 1114 2777 692;
1149 2743 1194 2766 ea
1226 2733 1327 2766 bene
1360 2731 1562 2777 utendum,
1589 2740 1672 2775 7113
1705 2744 1768 2777 pe-

1034 2791 1148 2826 tenda
1170 2802 1190 2824 a
1209 2791 1309 2833 Deo,
1325 2791 1505 2834 715-716,
1527 2789 1714 2834 844-845.

987 2848 1299 2885 Constitutiones
1368 2847 1576 2883 Societatis
1658 2850 1767 2893 Jesu.

1034 2909 1262 2954 Exemplum
1288 2907 1568 2952 authenticum,
1597 2906 1656 2952 36,
1684 2906 1766 2951 623,

1033 2973 1157 3002 errata
1183 2958 1451 3010 emendantur,
1480 2965 1536 3009 263
1564 2977 1677 3011 quam
1704 2977 1750 2999 au
