2028 3426
349 260 414 286 122
817 251 970 286 PATms
997 251 1241 286 HiERONYMI
1267 249 1419 287 NADAL

388 355 435 398 ln
459 354 631 411 primis,
658 361 899 409 postquam
923 352 1009 395 fuit
1031 352 1298 395 conclusum
1323 352 1444 407 quod
1468 366 1558 395 non
1580 361 1676 396 erat
1699 353 1744 395 in
1768 353 1939 410 Hispa-
1963 347 1965 351 ’

298 431 397 474 nias
418 432 637 483 eundum,
664 445 749 474 nec
772 430 996 472 creandus
1026 429 1238 481 vicarius,
1271 442 1357 472 nec
1390 429 1539 472 danda
1571 429 1634 472 illi
1667 430 1934 487 authoritas,
1964 454 1972 486 2

296 509 403 565 quia
432 522 522 551 non
561 515 839 564 poteramus,
881 509 972 548 nec'
1004 505 1291 561 expediebat,
1332 504 1453 548 illico
1488 520 1536 549 se
1567 515 1851 563 separarunt,
1890 513 1959 553 et'

297 594 476 630 secreto
501 600 573 629 res
596 586 908 627 tractabantur
931 598 1011 638 per
1032 597 1111 625 eos
1134 584 1306 638 absque
1328 583 1701 639 congregatione,
1725 591 1814 628 etc.
1995 579 1999 590 ⁴

386 676 427 706 2.
496 665 660 706 Postea
684 661 931 717 pueriliter,
957 661 1095 702 stulte
1118 667 1163 702 et
1186 674 1275 701 non
1300 659 1399 704 sine
1429 659 1639 715 passione
1661 661 1747 703 fuit
1769 676 1933 719 propo-
1966 713 1971 720 ⁸

296 741 451 792 situm,
477 748 525 781 vt
549 739 711 783 iterum
735 737 1110 781 comendaremus
1132 738 1231 780 Deo
1252 744 1298 780 et
1320 737 1482 779 iterum
1511 737 1932 794 determinaremus,

296 819 415 873 quod
439 817 526 860 iam
551 815 776 858 difinitum
802 815 948 858 fuerat
971 828 1050 869 per
1072 813 1493 870 congregationem.

386 908 428 949 3.
496 892 750 944 Pueriliter,
776 892 914 934 stulte
936 897 981 934 et
1014 905 1105 932 non
1133 890 1231 939 sine
1264 890 1451 947 perfidia
1483 899 1528 935 et
1559 891 1692 948 graui
1724 892 1934 949 passione
1954 907 1966 915 ··
2001 876 2003 893 ³

293 979 396 1028 post
418 969 760 1026 responsionem
786 982 901 1023 pape
925 967 1085 1010 iterum
1106 968 1292 1021 instare,
1313 975 1362 1010 vt
1379 975 1635 1024 peteremus
1653 984 1708 1013 ex
1725 970 1934 1013 consulto
1988 959 2003 1025 ζ

296 1047 524 1092 licentiam
548 1047 683 1089 eundi
709 1046 754 1087 in
779 1043 1055 1099 Hyspanias.
1091 1048 1093 1051 '
1967 1031 1970 1034 ⁴
1992 1029 2003 1054 '⁶

382 1137 423 1178 4.
491 1124 656 1167 Modus
680 1120 905 1164 tractandi
927 1123 1013 1163 hoc
1037 1136 1118 1186 per
1141 1121 1385 1177 practicam
1410 1130 1427 1147 ³
1450 1129 1494 1166 et
1517 1122 1682 1167 dilema
1704 1130 1801 1167 erat
1817 1137 1932 1179 pue—
2000 1169 2001 1176 ἶ

295 1203 405 1253 rilis,
431 1202 599 1244 stultus
620 1213 665 1242 et
688 1197 903 1254 partialis.
1965 1248 1971 1256 ι

383 1290 424 1333 5.
494 1276 748 1327 Pueriliter,
773 1276 913 1318 stulte
931 1283 976 1319 et
994 1289 1083 1318 non
1103 1275 1200 1318 sine
1217 1277 1435 1319 scandalo
1454 1277 1609 1330 fiebat,
1629 1291 1720 1319 non
1745 1277 1931 1332 acquie-
1966 1262 1969 1267 ”
1966 1290 1999 1370 5

294 1370 423 1400 scere
445 1352 875 1398 breuerendissimis
898 1352 1204 1396 cardinalibus
1242 1353 1607 1406 disuadentibus,
1638 1369 1696 1398 ne
1726 1361 1986 1410 peterent&

290 1433 354 1475 ire
378 1433 435 1475 ad
459 1431 734 1487 Hyspanias.

379 1511 422 1555 6.
489 1508 730 1552 Pueriliter
758 1514 804 1550 et
833 1508 971 1549 stulte
999 1515 1217 1563 egerunt,
1252 1515 1316 1559 vt,
1350 1508 1522 1562 absque
1551 1508 1961 1565 congregatione,
1943 1538 1966 1549 s.
1995 1491 1997 1499 Α

289 1593 585 1642 procurarent
606 1592 761 1641 petere
784 1583 847 1627 ire
870 1582 1199 1639 Portugaliam,
1221 1586 1342 1640 quod
1361 1598 1451 1627 non
1474 1592 1699 1640 poterant,
1719 1592 1806 1629 etc.

380 1676 421 1718 7.
491 1662 731 1706 Pueriliter
759 1669 803 1704 et
833 1662 973 1704 stulte
1012 1670 1224 1717 egerunt,
1265 1675 1368 1703 cum
1404 1661 1656 1704 Pontium¹
1683 1663 1742 1705 ab
1779 1663 1927 1707 officio
1978 1644 1981 1651 ,

291 1744 617 1797 deposuerunt,
644 1747 688 1783 et
711 1753 814 1782 cum
839 1738 989 1795 rigore
1013 1745 1341 1790 tractauerunt,
1367 1746 1457 1782 etc.
1812 1764 1832 1772 ο
1991 1726 1996 1748 ⁴*

378 1820 419 1861 8.
488 1818 637 1861 Stulte
661 1825 707 1859 et
728 1815 963 1872 pueriliter
985 1823 1196 1872 egerunt,
1223 1830 1326 1858 cum
1350 1816 1531 1872 flagella
1547 1823 1592 1860 et
1609 1816 1788 1860 litanias
1805 1817 1926 1860 ordi-

288 1903 480 1946 narunt,
523 1894 651 1949 quasi
690 1892 955 1936 incidissent
983 1893 1029 1935 in
1057 1907 1219 1936 manus
1250 1893 1450 1948 tyranni,
1491 1893 1674 1936 stultius
1712 1901 1922 1950 egerunt,

287 1988 390 2016 cum
415 1987 506 2014 non
530 1971 700 2027 gratias
722 1972 821 2013 Deo
844 1978 1057 2026 egerunt;
1091 1977 1136 2014 et
1166 1983 1333 2025 ponere
1362 1970 1590 2013 debebant
1617 1978 1633 1996 ⁶
1661 1971 1852 2027 polizam
1880 1971 1954 2018 in

286 2049 527 2092 sacristia·
538 2083 547 2101 ,
573 2048 691 2090 sicut
714 2062 818 2090 cum
843 2047 1092 2102 petebant
1082 2062 1147 2091 ire
1170 2047 1217 2088 in
1241 2047 1316 2102 Hy
1320 2047 1517 2102 spanias.

375 2141 417 2182 9.
486 2125 724 2168 Pueriliter
748 2132 792 2167 et
815 2125 953 2167 stulte
977 2131 1187 2177 egerunt,
1219 2138 1322 2166 cum
1355 2124 1523 2167 factum
1553 2125 1920 2181 publicauerunt,

286 2212 331 2248 et
354 2203 474 2246 dorni
497 2202 531 2254 d,
558 2210 602 2246 et
626 2201 752 2253 foris,
779 2209 823 2245 et
846 2201 966 2257 apud
990 2200 1234 2257 collegium
1259 2202 1431 2256 absque
1454 2201 1543 2244 vlla
1566 2201 1852 2247 necessitate.
1989 2257 1991 2263 Α

381 2293 446 2323 10.
515 2278 754 2323 Pueriliter
777 2286 822 2321 et
844 2279 983 2320 stulte
1006 2287 1218 2333 egerunt,
1244 2292 1347 2320 cum
1372 2292 1463 2321 non
1481 2292 1639 2322 omnes
1656 2278 1702 2321 in
1725 2293 1922 2336 congre·
1974 2278 1981 2283 ’

286 2358 470 2414 gatione
493 2356 692 2411 benigne
715 2355 973 2407 audierunt,
1009 2356 1088 2398 sed
1123 2354 1273 2398 verbis
1301 2362 1345 2399 et
1376 2355 1507 2398 factis
1538 2355 1917 2412 objurgauerunt,
1989 2385 1991 2390 ι

285 2450 426 2493 quum
450 2441 608 2476 contra
631 2432 809 2474 illorum
835 2431 1095 2487 opinionem
1120 2431 1287 2487 aliquid
1311 2433 1615 2488 proferebant.

380 2525 448 2556 11.
516 2509 756 2553 Pueriliter
785 2517 829 2552 et
859 2509 996 2552 stulte
1026 2516 1238 2565 egerunt,
1280 2523 1383 2552 cum
1416 2524 1496 2565 per
1523 2509 1734 2552 cubicula
1765 2524 1922 2556 creare
1955 2494 1982 2545 ’ἶ-

285 2589 501 2632 vicarium
532 2588 713 2641 Laynez
742 2592 786 2627 et
815 2586 922 2628 dare
951 2585 1013 2626 illi
1051 2585 1372 2629 authoritatem
1411 2585 1656 2642 praepositi
1695 2586 1920 2643 generalis

285 2666 529 2724 petierunt.
1940 2662 1942 2665 ’

299 2813 304 2817 ”
353 2827 370 2843 a
408 2814 616 2862 praticam
633 2823 704 2849 ms.
758 2813 824 2837 —b
851 2810 1077 2856 aquiescere
1097 2822 1167 2850 ms,
1220 2820 1284 2838 -c
1306 2811 1501 2847 debabaut
1517 2823 1588 2850 ms,
1640 2814 1705 2839 -d
1732 2813 1830 2848 dom·
1845 2823 1916 2849 ms,
1951 2804 1981 2844 ,ι’

356 2947 365 2967 “
550 2943 707 2979 danum.

351 3008 365 3028 ε
416 2946 554 3049 ξῇοξξῒῐ,
570 3002 732 3048 affigere
747 3001 946 3036 debebant
960 2999 1200 3044 schedulam,
1218 3005 1258 3036 ut
1273 3001 1422 3046 gratiae
1438 3003 1522 3038 Deo
1537 3009 1747 3048 agerentur
1761 3007 1916 3049 propter

282 3063 584 3112 prohibitionem
603 3060 721 3097 eundi
739 3060 777 3096 in
797 3060 1039 3107 Hispaniam.
