2028 3426
711 230 1139 268 INSTRUCTJONES-61
1620 227 1687 272 493

203 339 400 381 Possunt
429 336 610 379 missam
639 333 835 376 audituri
867 334 1050 377 flectere
1080 345 1231 387 genua
1264 329 1306 371 in
1338 328 1553 385 gradibus
1584 328 1735 371 altaris

115 414 421 457 inferioribus.
1211 398 1215 403 ¹

203 493 313 534 Post
345 496 571 533 cantatam
604 486 800 536 missam,
834 485 936 528 cani
966 499 1056 527 non
1085 490 1154 528 est
1182 495 1419 526 necessum
1453 481 1615 524 «Salue
1645 483 1734 523 Re-

114 568 266 624 gina›>;
292 581 383 609 non
406 574 474 610 est
495 564 614 608 enim
643 562 940 613 consuetudo,
967 569 1015 604 vt
1043 568 1152 603 tunc
1174 565 1378 609 canatur,
1410 558 1489 600 sed
1518 558 1735 599 absolutis

115 644 330 700 vesperis.

202 722 359 764 Altare
387 719 547 771 maius,
580 718 654 759 vbi
685 716 859 759 externi
889 713 1222 758 communicare
1249 713 1411 763 solent,
1443 710 1654 753 cancellis
1681 710 1734 751 li—

115 796 245 853 gneis
268 810 323 838 ex
345 793 629 845 columnulis,
658 800 706 836 vt
728 791 825 835 fieri
847 791 975 842 solet,
1001 790 1308 832 circumdetur
1336 787 1392 830 ad
1414 787 1606 842 gradum
1632 785 1734 827 infi-

115 887 253 925 mum;
279 873 316 914 si
339 886 445 914 vero
469 871 684 925 templum
707 875 825 912 esset
848 874 1109 923 angustum,
1136 863 1322 908 cancelli
1344 864 1400 906 de
1418 877 1506 905 vno
1523 864 1662 905 latere
1680 863 1735 903 ad

115 949 237 992 aliud
259 950 581 1005 producantur,
607 953 651 990 et
682 953 790 988 tunc
820 959 908 987 vna
942 945 1018 986 fiat
1046 943 1181 986 ianua
1208 949 1312 984 ante
1340 941 1536 983 medium
1567 939 1731 982 altaris.

113 1027 162 1071 Si
183 1033 334 1070 autem
359 1025 574 1080 templum
598 1022 704 1066 satis
733 1023 928 1077 amplum
952 1025 1033 1066 368
1062 1026 1196 1072 esset,
1222 1017 1408 1061 cancelli
1431 998 1541 1059 dicti²
1559 1016 1605 1057 in
1628 1030 1736 1070 qua-

115 1104 196 1145 dro
218 1108 555 1152 construantur,
582 1107 627 1142 et
650 1099 809 1142 ianuae
839 1098 883 1139 in
913 1104 1103 1152 Vtroque
1130 1097 1268 1139 latere
1301 1094 1469 1145 altaris,
1501 1100 1546 1136 et
1574 1107 1662 1135 vna
1691 1092 1737 1134 in

114 1179 262 1222 medio
285 1178 519 1234 aperiatur.
545 1175 759 1221 Similiter
782 1182 886 1218 ante
908 1174 992 1217 alia
1011 1172 1165 1216 altaria
1183 1171 1296 1228 erigi
1313 1177 1526 1227 poterunt
1549 1170 1736 1213 cancelli

115 1258 171 1300 de
193 1255 375 1299 arbitrio
399 1253 704 1310 prouincialis.

201 1334 251 1375 In
274 1333 395 1374 nulla
418 1331 552 1373 missa
580 1336 763 1372 vtentur
791 1328 981 1370 diacono
1013 1334 1057 1368 et
1085 1325 1378 1376 subdiacono,
1411 1323 1545 1368 etiam
1574 1323 1609 1366 si
1642 1323 1736 1365 dies

113 1409 290 1453 veneris
313 1415 496 1451 sanctus
521 1406 593 1458 sit,
619 1407 698 1449 sed
721 1406 798 1447 fiat
820 1403 1096 1455 solemnitas,
1117 1409 1165 1443 vt
1183 1400 1496 1457 praescribunt
1514 1399 1736 1442 constitu—

116 1486 260 1528 tiones
282 1492 327 1527 et
350 1499 440 1527 non
458 1483 600 1535 aliter,
624 1481 875 1538 passionem
894 1487 1046 1522 autem
1064 1478 1214 1522 dicere
1230 1484 1380 1533 potest
1397 1477 1492 1532 ipse
1508 1478 1732 1519 sacerdos.

115 1561 274 1607 Sicubi
296 1569 444 1605 tamen
467 1566 587 1604 esset
608 1558 889 1601 consuetudo
907 1555 1084 1598 diaconi
1106 1562 1152 1599 et
1173 1553 1454 1605 subdiaconi,
1476 1554 1737 1595 consulatur

116 1637 356 1695 generalis,
382 1651 464 1679 nec
486 1642 686 1678 mutetur
708 1636 851 1677 donec
873 1633 948 1674 ille
970 1630 1194 1674 statuerit.

203 1713 454 1757 Thuribulo
476 1712 541 1754 vti
569 1718 757 1767 possunt
785 1711 832 1751 in
861 1708 1117 1753 cerimoniis
1144 1706 1463 1750 ecclesiasticis
1491 1707 1735 1748 hebdoma-
1760 1749 1764 1752 ,

116 1791 185 1834 dis
207 1798 406 1841 sanctae,
433 1796 477 1833 et
501 1803 612 1831 crux
634 1786 790 1830 haberi
813 1793 960 1842 potest
983 1791 1215 1840 argentea,
1242 1790 1287 1825 et
1309 1783 1365 1826 ad
1387 1782 1567 1825 missam
1598 1782 1737 1824 maio-

117 1883 213 1912 rem
235 1867 487 1910 ministrare
511 1871 700 1921 possunt
722 1865 812 1905 duo
835 1876 938 1905 cum
962 1860 1314 1916 superpelliceis.

207 1945 443 1999 Templum
477 1941 640 1998 poterit
679 1939 904 1998 tapetibus
940 1936 1105 1989 ornari,
1146 1937 1182 1979 si
1220 1936 1294 1979 illa
1325 1936 1515 1979 ecclesia
1553 1936 1733 1988 habeat,

120 2020 243 2064 festis
260 2019 526 2076 praecipuis,
541 2018 652 2061 citra
668 2015 973 2060 curiositatem
991 2021 1035 2057 et
1053 2027 1306 2066 excessum,
1320 2013 1558 2068 praecipue
1577 2013 1621 2054 id
1639 2013 1737 2056 fieri

119 2097 280 2153 poterit
303 2097 347 2139 in
372 2097 486 2139 festo
509 2092 878 2145 circumcisionis3
911 2090 1078 2146 alioqui
1105 2099 1174 2133 sat
1202 2090 1286 2139 erit
1314 2104 1474 2134 ornare
1503 2089 1658 2132 altaria
1686 2089 1738 2130 iis

118 2173 408 2224 ornamentis,
435 2187 550 2227 quae
572 2171 692 2214 dorni
714 2171 952 2212 habentur.

209 2256 288 2297 369
324 2249 494 2293 Poterit
516 2248 649 2292 etiam
680 2246 868 2289 ecclesia
897 2244 1029 2287 ramis
1054 2244 1217 2287 ornari.
1251 2244 1301 2285 In
1330 2243 1445 2286 festo
1475 2252 1625 2287 tamen
1656 2243 1740 2284 cir-

122 2326 409 2370 cumcisionis
440 2314 654 2382 poterunt
683 2323 830 2378 aliqua
860 2321 1026 2379 tapetia
1053 2321 1336 2364 commodato
1365 2320 1521 2375 accipi,
1554 2320 1591 2362 si
1621 2320 1739 2361 domi

95 2452 99 2454 ,
121 2419 211 2447 non
235 2404 504 2447 habeantur.
686 2387 690 2390 ⁵

211 2479 532 2534 Vnusquisque
556 2479 741 2520 Patrum
765 2483 950 2531 quaerat
974 2475 1226 2517 ministrum
1249 2473 1332 2517 sibi
1352 2472 1629 2528 assignatum
1652 2473 1739 2526 [qui

124 2558 164 2601 ei
187 2556 402 2600 inseruiat
424 2555 469 2596 in
492 2553 742 2608 sacrificio),
769 2553 804 2595 si
828 2553 884 2595 ad
908 2567 954 2595 se
979 2566 1068 2594 non
1091 2551 1242 2594 veniat
1265 2565 1320 2593 ex
1342 2549 1630 2605 praescripto:
1658 2563 1739 2590 cu-

125 2634 239 2676 rabit
263 2640 411 2676 tamen
437 2633 570 2674 Pater
592 2630 666 2672 ille
688 2629 773 2685 ipsi
795 2629 890 2671 dari
913 2627 1254 2684 poenitentiam,
1281 2626 1543 2681 praesertim
1579 2625 1613 2666 si
1638 2639 1739 2667 sae-

127 2710 229 2766 pius
247 2708 531 2764 quaerendus
553 2707 654 2750 erit.

213 2787 312 2842 lpsa
333 2792 483 2835 nocte,
510 2798 599 2838 qua
615 2784 930 2826 defunctorum
949 2778 1316 2824 commemoratio
1334 2778 1430 2820 fieri
1448 2777 1616 2831 incipit,
1639 2778 1740 2831 pul-

127 2862 216 2905 sari
252 2863 419 2906 debent
455 2873 713 2916 campanae,
754 2866 801 2901 vt
823 2859 868 2900 in
892 2858 988 2900 aliis
1027 2856 1223 2898 ciuitatis
1247 2854 1421 2909 templis
1450 2854 1594 2896 solent
1618 2867 1715 2894 com
1731 2878 1741 2882 -

128 2939 338 2981 muniter.

218 3013 394 3057 Pulsari
418 3013 551 3056 etiam
576 3012 737 3068 poterit
767 3011 1128 3065 quandocunque
1158 3008 1201 3048 in
1232 3007 1327 3062 ipso
1358 3006 1521 3061 templo
1551 3005 1743 3059 aliquem
