2028 3426
352 214 422 250 490
824 204 978 240 PATms
1005 203 1248 239 HOERONYMI
1274 203 1426 240 NADAL

304 305 367 358 di,
393 320 419 348 a
447 311 635 360 rectore,
660 305 732 349 vel
760 303 1041 362 prouinciali,
1068 305 1139 348 vel
1169 305 1498 357 commissario,
1535 305 1612 361 qui
1642 320 1726 362 pro
1760 307 1934 351 ratione

305 382 375 444 sui
407 382 543 426 officii
574 382 760 427 liberius
792 382 1157 438 interrogabunt,
1192 389 1236 425 et
1268 386 1349 428 362
1383 381 1682 438 prouinciales
1705 391 1722 408 ²
1752 383 1933 439 quidem

305 460 362 502 de
386 459 657 512 rectoribus,
692 458 957 516 praepositis
990 459 1230 513 localibus,
1254 447 1299 502 et
1330 458 1562 512 ministris,
1597 460 1937 504 commissarius

305 536 441 580 etiam
465 538 520 580 de
544 536 914 593 prouincialibus.

395 614 568 658 Poterit
591 628 715 666 vero,
741 612 818 668 qui
841 611 1083 665 examinat,
1110 612 1398 668 peculiariter
1420 614 1523 669 plus
1552 612 1764 658 minusue
1793 614 1935 659 inter-

302 704 481 746 rogare,
515 691 642 734 iuxta
672 690 841 732 variam
872 689 1095 741 notitiam,
1128 704 1262 745 quam
1291 690 1347 734 de
1376 690 1569 746 singulis
1598 691 1838 746 acceperit,
1864 692 1936 735 vel

303 769 469 810 habeat
493 783 547 812 ex
571 782 635 820 se,
662 768 732 810 vel
756 782 811 811 ex
835 781 882 810 re
904 766 1119 824 presenti,
1146 767 1218 811 vel
1239 781 1294 810 ex
1318 766 1507 810 aliorum
1532 768 1690 820 relatu,
1717 783 1772 813 ex
1799 768 1933 811 ratio-

305 859 361 889 ne
384 844 453 887 sui
477 844 632 889 officii.

391 921 476 965 His
498 921 631 965 etiam
656 921 846 974 accedit,
872 929 919 964 vt
941 923 998 966 de
1020 920 1193 973 officiis,
1220 936 1336 977 quae
1359 921 1479 964 domi
1502 921 1603 976 quis
1625 921 1834 978 gesserit,
1857 937 1929 965 ro-

301 1006 451 1055 getur3
478 1007 525 1041 vt
546 999 583 1041 si
608 999 708 1056 quis
731 999 865 1043 fuerit
888 1001 1129 1055 professor,
1155 998 1192 1042 si
1215 998 1462 1054 praefuerit
1484 997 1719 1043 audiendis
1747 999 1926 1044 confes-

302 1076 517 1128 sionibus,
544 1077 616 1120 vel
638 1076 933 1120 concionatus
958 1076 1106 1128 fuerit,
1133 1077 1204 1121 vel
1221 1075 1429 1121 docuerit
1452 1075 1745 1119 christianam
1763 1077 1931 1119 doctri-

300 1168 401 1195 nam
421 1152 697 1208 probationis
714 1167 864 1197 causa.
884 1153 1105 1198 Breuiter:
1127 1154 1183 1198 de
1201 1166 1475 1210 quocunque
1492 1152 1640 1196 officio
1658 1152 1928 1206 domestico,

299 1231 419 1284 quod
443 1229 543 1284 quis
573 1230 782 1286 gesserit,
809 1230 1129 1287 interrogetur.

389 1306 652 1362 Excipietur
674 1314 825 1350 autem
847 1314 1023 1352 secreto
1045 1307 1260 1362 quicquid
1279 1313 1505 1351 secretum
1523 1306 1786 1363 postulabit,
1807 1308 1934 1362 quod

298 1393 346 1425 vt
381 1383 555 1426 facilius
583 1384 664 1426 fiat
696 1391 741 1427 et
775 1383 995 1436 securius,
1032 1383 1348 1440 responsiones
1381 1398 1538 1427 omnes
1570 1383 1763 1440 excipiet
1795 1398 1932 1440 supe-

299 1460 401 1512 rior,
428 1467 472 1504 et
495 1460 662 1505 scribet
685 1460 732 1504 in
754 1475 838 1504 suo
862 1461 1177 1517 quaternione,
1209 1462 1374 1504 referat
1396 1474 1506 1506 vero
1528 1474 1607 1516 per
1635 1474 1849 1504 numeros
1871 1461 1927 1504 ad

298 1537 481 1580 nomina
513 1552 686 1590 eorum,
722 1537 799 1594 qui
837 1537 1170 1591 examinantur,
1207 1552 1323 1594 quae
1355 1537 1442 1581 alio
1479 1538 1579 1580 loco
1611 1537 1930 1583 describentur

296 1628 487 1657 seorslm
503 1649 515 1660 .

294 1730 375 1772 363
590 1741 1049 1772 INTERROGATIONES
1084 1742 1174 1771 PRo
1208 1740 1598 1771 PROFEssomssus
1637 1728 1646 1748 ¹

383 1845 506 1900 Quid
531 1846 708 1902 legant?

381 1922 448 1964 Ex
471 1937 562 1977 quo
584 1930 786 1979 ternpore
808 1938 974 1967 munus
997 1924 1124 1967 obire
1146 1923 1339 1967 docendi
1363 1923 1615 1980 coeperint?

381 2000 531 2054 Quam
557 2000 755 2043 sentiant
776 2015 825 2043 se
846 2000 1036 2044 idoneos
1057 2009 1102 2045 et
1125 2002 1336 2045 robustos
1359 2002 1415 2045 ad
1427 2001 1483 2043 'id
1514 1999 1730 2053 muneris,
1763 2006 1841 2043 aut
1871 2015 1927 2044 ex

294 2075 362 2128 iis,
390 2090 505 2131 quae
528 2077 705 2133 legunt,
731 2085 962 2134 promotos
984 2078 1030 2121 in
1053 2078 1329 2123 eruditione?

384 2154 509 2207 Quot
532 2153 783 2210 discipulos
806 2156 1026 2198 habeant?

380 2230 529 2284 Quam
553 2231 669 2275 bene
692 2238 926 2287 promotos
949 2232 995 2274 in
1018 2232 1112 2275 suis
1136 2232 1319 2276 studiis?

381 2308 532 2362 Quam
556 2308 919 2364 obtemperantes
941 2308 978 2352 ¹³?

381 2384 455 2426 An
479 2383 595 2428 inter
619 2399 696 2428 eos
719 2384 808 2428 sint
832 2385 967 2441 aliqui
990 2386 1230 2442 praeclaris
1253 2381 1436 2429 dotibus
1460 2385 1670 2442 praediti?

381 2464 457 2504 An
479 2461 672 2505 doceant
694 2462 957 2518 diligenter?
980 2464 1100 2518 quod
1123 2479 1148 2506 a
1166 2471 1341 2507 rectore
1359 2471 1404 2506 et
1421 2464 1650 2519 praefecto
1667 2462 1925 2505 studiorum

291 2537 461 2581 certius
484 2538 600 2582 scire
623 2538 804 2594 poterit.

377 2614 450 2657 An
475 2630 590 2671 quae
612 2616 773 2672 legunt
797 2616 993 2659 referant
1022 2618 1078 2660 ad
1109 2617 1301 2674 aliquem
1332 2632 1462 2660 vsum
1492 2624 1536 2661 et
1568 2615 1740 2672 praxim
1775 2615 1921 2658 virtu-

290 2699 385 2734 tum
408 2700 452 2734 et
475 2692 655 2748 pietatis
678 2692 952 2737 christianae
974 2694 1050 2736 vbi
1073 2695 1312 2738 commode
1334 2694 1545 2751 possunt?

357 2838 374 2854 a
422 2828 739 2873 prouincialibus
758 2840 828 2864 ms.
882 2830 946 2855 -b
973 2829 1278 2876 obtemperentes
1298 2841 1368 2867 ms.

360 2954 368 2973 ¹
422 2953 529 2988 Haec
548 2952 711 2988 formula
732 2953 993 2999 interrogandi
1018 2953 1122 2989 edita
1142 2958 1203 2989 est
1227 2953 1265 2989 in
1285 2954 1412 2999 Epist.
1435 2955 1483 2989 P.
1510 2953 1660 2996 Nadal,
1682 2951 1712 3000 I,
1733 2962 1816 3001 794,
1838 2965 1916 2990 ser-

286 3021 399 3045 mone
418 3011 631 3061 hispani003
651 3011 720 3048 sed
740 3013 778 3048 in
798 3012 928 3048 multis
947 3013 996 3048 ab
1014 3013 1086 3048 hoc
1106 3014 1284 3059 exemplo
1302 3013 1509 3060 discrepat.

1996 0 2028 118 »ωε-ς
