2028 3426
659 284 1086 322 INSTRucrioNEs-—ffl
1570 281 1638 327 377

12 388 15 391 ’
61 391 146 434 erit
168 391 238 434 vel
261 388 584 440 controuersia,
611 389 681 430 vel
705 388 960 430 difficultas.
995 386 1210 430 Referent
1232 384 1358 436 item,
1385 383 1421 426 si
1461 383 1569 439 quid
1606 385 1687 426 ha-

63 468 197 510 beant
219 465 462 518 difficilius,
488 473 532 508 et
555 465 612 508 de
634 479 723 519 quo
746 463 831 506 sibi
854 478 944 506 non
973 468 1166 514 constet,
1190 460 1325 504 etiam
1345 460 1564 502 consultis
1594 459 1688 502 suis

6 564 9 569 Κ
42 541 341 594 consiliariis,
367 541 628 598 praesertim
658 540 694 583 si
720 550 809 582 tam
834 554 974 595 graue
997 554 1088 581 non
1111 537 1184 589 sit,
1210 544 1258 579 vt
1288 538 1345 579 ad
1372 537 1519 579 solum
1548 550 1687 592 gene-

21 628 26 630 ’
64 620 199 663 ralem
223 619 430 662 videatur
452 617 756 661 scribendum.
789 618 858 660 De
887 630 977 672 quo
1015 622 1182 666 tamen,
1215 613 1252 656 si
1275 613 1523 669 periculum
1552 620 1621 655 est
1644 613 1688 654 in

62 710 203 747 mora,
229 696 502 750 respondere
526 692 688 750 poterit
711 692 1061 736 commissarius:
1090 698 1287 734 rectores
1313 704 1418 732 suas
1447 689 1690 731 difficulta-

64 779 132 816 tes
155 773 321 815 referre
343 778 557 826 poterunt
579 771 635 814 ad
668 768 1022 812 commissarium
1032 783 1040 821 ;
1068 768 1146 810 sed
1174 766 1236 810 ita
1268 773 1435 817 tamen,
1462 773 1511 807 vt
1536 766 1592 807 de
1616 780 1685 807 or-

63 848 248 891 dinariis
266 849 504 891 consulant
521 846 859 903 prouincialem.
887 845 936 889 Si
959 845 1066 900 quid
1091 852 1256 896 tamen,
1282 843 1355 886 vel
1386 843 1442 886 de
1465 842 1563 897 ipso
1585 857 1690 897 pro-

67 924 246 967 uinciali
270 926 467 967 habeant
489 924 655 975 dicere,
682 924 753 965 vel
777 922 814 965 si
833 922 940 977 quid
963 921 1037 974 sit,
1064 922 1185 976 quod
1206 935 1295 964 non
1320 926 1504 975 possent
1528 919 1583 961 ab
1613 919 1689 961 illo

23 1034 26 1039 .
63 1002 295 1057 consequi,
328 1002 384 1044 de
415 1001 467 1043 iis
496 1001 616 1056 apud
645 998 1003 1043 commissarium
1037 1012 1172 1054 agere
1201 1004 1429 1053 poterunt,
1457 996 1527 1038 vel
1558 1010 1687 1051 prae-

66 1085 216 1121 sentes
238 1079 393 1130 verbo,
418 1078 491 1120 vel
513 1078 724 1121 absentes
746 1090 825 1132 per
853 1076 1025 1118 literas.

153 1155 290 1210 Quod
312 1155 417 1198 licet
454 1154 721 1206 rectoribus,
747 1152 865 1196 idem
895 1151 1160 1208 praepositis
1183 1150 1402 1193 localibus
1436 1157 1480 1193 et
1513 1149 1691 1205 praefe—

67 1231 153 1275 ctis
175 1231 492 1287 probationum
519 1229 787 1286 intelligitur
815 1229 967 1280 licere;
998 1227 1159 1283 poterit
1187 1229 1275 1269 hoc
1312 1225 1493 1270 extendi
1528 1226 1583 1267 ad
1607 1224 1690 1266 mi-

68 1309 233 1351 nistros
256 1315 300 1352 et
322 1308 621 1350 consultores.

161 1385 358 1428 Priuatis
380 1399 471 1427 non
493 1383 780 1440 permittetur
802 1382 980 1438 quoties
1003 1382 1143 1425 velint
1166 1381 1378 1433 scribere3
1405 1380 1500 1431 sed,
1526 1379 1563 1421 si
1586 1378 1694 1434 quid

70 1462 192 1518 ipsos
215 1469 375 1518 vrgeat
404 1460 654 1512 molestius,
681 1460 756 1502 vbi
785 1459 895 1501 nihil
925 1458 1149 1515 reperiant
1187 1456 1376 1500 subsidii
1405 1472 1484 1512 per
1512 1456 1553 1500 3Ι
1583 1470 1694 1498 con-

70 1538 328 1592 fessarium,
355 1545 578 1582 rectorem
602 1537 673 1579 vel
697 1535 1036 1592 prouincialem,
1063 1535 1135 1578 vel
1157 1534 1195 1577 si
1218 1534 1326 1589 quid
1355 1533 1429 1586 sit,
1456 1533 1575 1587 quod
1604 1546 1694 1574 non

70 1615 202 1658 facile
225 1615 315 1658 dici
337 1616 499 1659 debeat
522 1614 685 1657 rectori
717 1614 787 1658 vel
818 1611 1099 1669 prouinciali,
1132 1619 1257 1662 tunc,
1285 1625 1340 1653 ex
1364 1609 1550 1653 consilio
1583 1623 1693 1651 con-

69 1692 258 1744 fessarii,
284 1699 497 1748 poterunt
518 1692 575 1734 ad
597 1690 952 1734 commissarium
976 1689 1191 1732 scribere.

158 1771 285 1813 Haec
310 1769 429 1811 dicta
451 1776 557 1811 sunt
581 1769 637 1812 de
661 1769 730 1810 2.ει
755 1767 928 1810 ratione
951 1765 1261 1817 commissarii,
1288 1779 1403 1819 quae
1427 1770 1577 1807 tamen
1598 1778 1693 1806 ma-

55 1844 162 1902 'gna
184 1861 239 1890 ex
263 1853 388 1901 parte
411 1844 625 1901 pendebit
648 1860 702 1888 ex
724 1843 902 1900 propria
931 1842 1229 1885 instructione
1257 1840 1481 1897 generalis
1504 1854 1695 1895 praepo-

20 1967 23 1970 ,
72 1922 163 1976 siti,
189 1937 271 1979 pro
294 1921 523 1977 exigentia
546 1920 857 1977 negociorum,
884 1934 999 1975 quae
1033 1912 1287 1962 occurrent.
1315 1919 1363 1960 ln
1388 1917 1591 1973 gerendo
1614 1930 1695 1958 au-

73 2007 162 2041 tem
187 1999 451 2055 ministerio,
478 1998 589 2040 illud
614 1997 829 2053 imprimis
851 2005 896 2040 et
920 1998 1127 2040 aduertet
1156 2003 1200 2040 et
1229 1994 1404 2038 curabit
1433 1993 1696 2036 commissa-

27 2097 35 2112 κ
74 2076 185 2130 rius,
215 2083 263 2118 vt
286 2075 331 2117 in
355 2077 490 2119 rebus
515 2075 725 2118 omnibus
747 2081 1042 2117 conseruetur
1079 2073 1125 2114 in
1153 2080 1343 2123 summa,
1370 2071 1415 2113 id
1437 2078 1520 2122 est,
1547 2070 1593 2112 in
1616 2084 1699 2112 sua

72 2152 405 2196 existimatione
428 2159 472 2195 et
495 2151 779 2202 auctoritate,
805 2150 1087 2206 praepositus
1109 2148 1335 2205 generalis
1351 2156 1385 2193 ἃ.

24 2219 27 2221 ‚
164 2229 309 2272 Video
332 2231 449 2271 hanc
473 2236 567 2271 2.‘'³m
595 2228 813 2272 rationem
843 2226 1137 2270 commissarii
1170 2226 1312 2269 videri
1341 2239 1471 2281 posse
1500 2239 1589 2267 non
1619 2238 1699 2266 ne-

70 2305 328 2361 cessariam:
358 2312 403 2348 et
432 2319 549 2360 quae
576 2304 921 2360 prouincialium
951 2303 1198 2360 imminuat¹
1216 2302 1555 2356 authoritatem,
1582 2315 1698 2355 quae

22 2409 27 2412 -
71 2389 194 2425 esset
218 2381 368 2437 potius
391 2379 507 2439 illi[s]
531 2382 760 2437 augenda.
788 2380 893 2425 Scio
915 2382 1016 2423 boc:
1043 2381 1122 2423 sed
1145 2380 1256 2421 illud
1279 2379 1411 2422 simul
1440 2378 1696 2428 considero,

74 2472 165 2500 non
188 2465 356 2502 temere
381 2467 475 2501 2²⁸¹
498 2457 901 2514 congregationem
926 2441 1158 2512 reliquisse
1190 2457 1309 2498 hanc
1332 2455 1586 2499 libertatern
1617 2467 1675 2508 ge
1690 2479 1699 2483 -

72 2535 214 2578 nerali
248 2535 505 2591 praeposito
541 2534 801 2577 huiusmodi
838 2533 1195 2585 commissarios,
1234 2532 1311 2588 qui
1348 2531 1614 2575 continuum
1654 2536 1700 2573 et

8 2630 15 2663 '.
73 2611 205 2665 vquasi
229 2611 504 2676 ordinarium
528 2611 729 2654 officium
757 2618 986 2667 gererent,
1012 2625 1103 2654 non
1132 2625 1232 2653 esse
1261 2609 1443 2665 quidem
1474 2608 1519 2650 in
1550 2614 1700 2662 poste-

77 2701 173 2729 rum
200 2688 557 2731 constituendos:
584 2682 664 2731 sed
685 2702 818 2743 posse
849 2694 996 2730 tamen
1026 2701 1130 2729 cum
1155 2686 1402 2728 necessitas
1431 2685 1503 2728 vel
1532 2683 1701 2725 Vtilitas

75 2764 230 2820 magni
252 2764 484 2816 momenti,
509 2765 566 2808 de
593 2764 761 2807 iudicio
790 2764 1032 2820 generalis,
1058 2763 1168 2805 illud
1197 2763 1395 2805 officium
1427 2760 1699 2814 requireret,

73 2841 290 2884 constitui
313 2848 421 2895 etc.;
448 2848 496 2883 vt
519 2842 714 2885 habetur
735 2841 792 2885 32
818 2855 879 2884 xv
902 2842 1026 2885 decr.
1056 2842 1063 2861 ¹
1092 2839 1194 2882 25³st
1218 2836 1587 2895 congregationis
1617 2850 1701 2891 ge-

84 2933 358 2951 *β-,ῂ

149 2988 166 3005 a
215 2977 324 3031 Quae
343 2983 574 3025 sequuntur,
589 2977 720 3013 addita
738 2983 829 3013 sunt
847 2979 895 3013 ab
915 2978 1035 3013 altero
1055 2977 1225 3021 librario,
1246 2975 1395 3010 Natalis
1414 2974 1587 3009 nomine.

154 3090 163 3110 ²
213 3089 257 3123 In
275 3100 346 3124 ms.
366 3087 523 3134 quidem
545 3094 601 3130 153
621 3085 660 3120 in
679 3086 850 3121 editione
869 3091 999 3121 autem
1019 3086 1121 3132 typis
1141 3096 1284 3120 excusa
1299 3090 1359 3119 est
1377 3083 1481 3118 decr.
1506 3091 1559 3119 ΙΙ.
