2028 3426
254 205 323 240 262
452 236 458 245 ,
726 203 878 238 PATRls
906 203 1150 237 HtssRONYMI
1177 200 1327 236 NADAL

205 308 286 352 sed
308 305 371 349 ita
395 312 544 350 tamen
570 313 618 348 ut
648 305 766 348 illius
789 304 1031 347 conciones
1059 301 1209 345 videat
1239 303 1374 349 Pater
1403 303 1617 358 Lanoyus
1649 303 1679 357 ¹,
1713 309 1775 355 et,
1801 303 1845 346 εἰ

207 398 322 440 opus
352 382 504 435 fuerit,
536 383 762 426 emendet.
799 380 968 424 Poterit
997 378 1272 435 pedetentim
1307 380 1431 422 Patri
1461 379 1670 436 Georgio
1693 380 1708 400 ²
1733 393 1838 423 suc-

206 461 384 512 cedere,
410 459 605 516 primum
635 458 815 514 quidem
846 456 1099 508 dominicis3
1135 458 1268 499 Pater
1305 456 1538 512 Georgius
1576 456 1674 500 aliis
1712 456 1848 502 festisv

207 537 372 594 poterit
396 535 674 580 concionari.
695 537 743 577 In
761 533 1105 589 quadragesima
1123 532 1329 577 diuidant
1347 533 1610 579 concioneS.
1636 535 1839 578 Tandem

209 616 345 658 Pater
368 628 476 656 saxo
499 614 622 656 solus
645 612 702 654 sit
725 611 1032 654 concionator.
1060 609 1108 654 Si
1132 617 1283 654 autem
1307 609 1473 653 abduci
1496 610 1650 653 illhinc
1671 611 1849 667 poterit

211 693 347 735 Pater
383 690 629 746 Georgius,
671 688 882 743 Dilingae
919 688 976 729 ad
1014 687 1293 743 theologiam
1331 687 1592 731 discendam
1629 688 1840 732 collocari

210 776 376 824 posset.

298 844 516 900 Magister
537 842 766 898 Georgius
790 843 802 861 ³
830 840 1111 896 Herbipolim
1140 849 1208 885 est
1237 841 1383 884 iturus
1413 855 1515 884 cum
1546 841 1698 897 aliquo
1720 843 1850 885 bono-

210 921 472 964 coadiutore
497 923 676 975 <Petrus
698 919 782 961 erit
803 918 1025 973 idoneus).
1053 919 1250 974 Quando
1272 926 1423 962 autern
1447 919 1594 962 iturus
1615 919 1690 972 sit,
1717 920 1840 964 Her-

213 997 349 1054 bipoli
373 997 464 1040 cito
487 996 741 1039 definietur.
769 997 945 1039 Interea
973 996 1086 1038 duas
1113 995 1297 1038 habebit
1325 996 1646 1052 occupationes
1677 997 1722 1039 in
1751 998 1839 1040 hoc

212 1075 423 1130 collegio:
449 1074 604 1124 altera,
630 1080 675 1115 et
697 1072 938 1128 praecipua
957 1072 1154 1127 quidem,
1179 1072 1262 1115 erit
1285 1080 1336 1115 ut
1358 1074 1434 1116 det
1457 1087 1639 1129 operam
1664 1073 1840 1129 priuato

212 1151 363 1194 studio
388 1150 659 1206 theologiae,
695 1149 956 1205 praesertim
989 1149 1043 1192 iis
1072 1149 1285 1202 materiis,
1317 1165 1431 1206 quas
1459 1165 1550 1194 non
1579 1151 1771 1204 audiuit,
1795 1158 1842 1194 et

211 1227 550 1277 controuersiis,
576 1234 620 1270 et
643 1226 858 1282 disputet,
885 1234 951 1278 ut,
977 1233 1218 1282 antequam
1241 1228 1389 1280 abeat,
1422 1228 1677 1283 promoueri
1700 1228 1842 1285 possit

210 1305 254 1347 in
284 1304 588 1348 licenciatum.
622 1304 780 1346 Altera
807 1303 908 1355 erit,
945 1311 996 1345 ut
1032 1305 1118 1347 sub
1150 1304 1332 1348 nomine
1364 1294 1557 1347 ministri
1590 1319 1680 1348 non
1713 1312 1842 1348 curet

209 1381 390 1436 quidem
415 1396 529 1436 quae
552 1381 608 1423 ad
631 1380 827 1423 culinam
851 1388 896 1424 et
918 1395 1118 1424 mensam
1142 1381 1350 1433 attinent,
1377 1396 1493 1437 quae
1516 1382 1717 1440 Jacobus
1744 1383 1842 1425 suf-

210 1458 412 1502 ficienter
435 1466 578 1500 curat:
605 1458 685 1501 sed
707 1457 804 1500 aliis
833 1457 877 1500 in
907 1459 1043 1502 rebus
1071 1467 1200 1502 curet
1227 1458 1409 1515 collegii
1442 1458 1847 1515 gubernationem,

209 1543 259 1578 ut
281 1550 413 1578 usum
437 1535 632 1590 aliquem
661 1534 1005 1591 gubernationis
1037 1536 1203 1579 habere
1236 1535 1394 1592 possit,
1431 1536 1467 1579 si
1502 1543 1650 1579 rector
1683 1543 1842 1592 postea

209 1612 412 1655 mittatur
436 1611 734 1668 Herbipolim.

298 1689 495 1732 Mathias
517 1689 789 1732 coloniensis
811 1696 884 1733 eat
907 1691 1168 1746 Augustam
1192 1691 1223 1733 ⁴.

300 1767 560 1809 Alexander
589 1781 697 1810 saxo
719 1767 924 1810 mittatur
946 1767 1274 1824 Oenipontum,
1302 1775 1351 1810 ut
1374 1767 1496 1811 illhic
1519 1768 1748 1825 gubernet
1777 1769 1845 1812 ul-

211 1844 371 1886 timam
395 1845 599 1897 classem,
625 1851 670 1888 et
696 1844 931 1888 ordinetur
959 1844 1102 1901 primo
1130 1859 1312 1901 quoque
1342 1852 1542 1902 tempore
1571 1846 1785 1890 sacerdos
1809 1847 1841 1889 ⁵.

283 2064 291 2083 ¹
346 2063 542 2109 Nicolaus,
567 2070 695 2099 rector
713 2064 870 2110 collegii
893 2064 1157 2111 oenipontani.
1186 2064 1247 2103 Cf.
1271 2046 1468 2110 Epist.’P.
1490 2065 1641 2108 Nadal‚
1668 2067 1731 2117 113,
1761 2067 1842 2112 276.

282 2125 295 2143 2'
348 2123 391 2157 In
409 2124 587 2168 catalogo
605 2123 762 2169 collegii
781 2123 1032 2170 oenipontani
1061 2123 1110 2159 ad
1139 2135 1282 2159 annum
1310 2124 1399 2169 1565
1429 2130 1648 2172 spectante,
1679 2127 1846 2162 habetur

211 2181 278 2216 «P.
296 2181 490 2225 Georgius
510 2182 687 2229 Crispus,
705 2194 930 2228 germanus,
949 2183 1143 2219 sacerdos:
1162 2195 1304 2218 annum
1323 2183 1462 2219 aetatis
1478 2184 1559 2230 agit
1573 2193 1678 2230 29.m:
1699 2185 1846 2231 ingres-

210 2252 276 2275 sus
292 2247 351 2276 est
366 2241 601 2276 Societatem
622 2251 723 2287 1555:
741 2248 832 2277 vota
847 2242 968 2278 edidit
983 2243 1163 2289 sequenti
1177 2254 1278 2278 anno
1291 2243 1329 2278 in
1343 2242 1445 2278 festo
1459 2243 1687 2279 Nativitatis
1701 2246 1846 2280 Beatae

213 2299 400 2345 Virginis:
420 2300 551 2336 r'nultis
566 2302 677 2337 annis
691 2302 823 2337 docuit
838 2302 1069 2338 rhetoricam
1085 2308 1124 2338 et
1138 2301 1363 2338 facultatem
1378 2303 1584 2338 oratoriam
1599 2303 1773 2351 aliasque
1787 2305 1853 2340 lit—

212 2367 330 2405 teras,
346 2359 544 2406 praeditus
559 2361 731 2396 estdono
745 2360 1002 2397 concionandi
1017 2367 1056 2397 et
1071 2362 1171 2397 bene
1186 2361 1347 2407 regendi
1358 2363 1622 2407 juuentutem:
1640 2364 1745 2399 valet
1758 2375 1850 2410 pru·-

210 2418 342 2453 (lentia
362 2425 401 2453 et
426 2421 511 2454 zelo
527 2420 782 2455 convertendi
801 2420 949 2456 animas
973 2420 1143 2458 Christo:
1172 2426 1305 2467 posset
1327 2433 1415 2456 cum
1440 2420 1569 2457 fructu
1594 2422 1763 2458 nouitios
1787 2435 1846 2459 re·

208 2489 302 2522 gere
318 2483 357 2513 et
373 2479 410 2513 in
426 2479 562 2524 spiritu
579 2491 820 2525 promouere:
839 2480 886 2515 ad
901 2480 1029 2516 studia
1044 2481 1145 2515 bene
1159 2486 1272 2527 aptus
1287 2486 1385 2515 est.»
1401 2480 1462 2517 Cf.
1481 2481 1610 2528 Epist.
1628 2482 1675 2520 Ρ.
1693 2482 1844 2524 Nadal,

215 2537 278 2580 III,
304 2545 383 2582 195.

285 2597 299 2616 ³
351 2596 416 2632 «P.
438 2596 633 2642 Georgius
654 2598 792 2643 Bader,
819 2593 1006 2634 annorum
1032 2598 1160 2645 modo,
1185 2605 1227 2634 vt
1251 2605 1375 2646 putat,
1402 2608 1462 2645 29,
1488 2600 1682 2636 admissus
1707 2606 1768 2636 est
1795 2600 1845 2636 ad

212 2656 460 2701 probationes
480 2656 689 2692 Societatis
703 2659 798 2703 Jesu
817 2659 963 2693 Romae
983 2659 1021 2694 in
1040 2658 1262 2705 Septembri
1281 2671 1382 2696 anno
1404 2668 1506 2704 1557:
1537 2666 1627 2695 vota
1645 2661 1845 2696 scholasti—

209 2724 341 2748 corum
361 2715 490 2749 emisit
510 2715 667 2750 Laureti
687 2728 788 2751 anno
810 2717 898 2760 1558
918 2717 957 2752 in
981 2716 1044 2752 die
1069 2717 1299 2753 Nativitatis
1324 2718 1496 2753 Domini:
1518 2719 1624 2754 illinc
1649 2718 1850 2766 profectus

210 2772 459 2819 (foymbriam
480 2775 694 2821 Lusitanie3
715 2775 870 2820 deinde,
888 2788 1070 2812 reuersus
1084 2777 1260 2823 Romam,
1277 2777 1418 2813 missus
1433 2784 1494 2813 est
1510 2778 1722 2824 Dilingam,
1738 2779 1844 2814 illinc

213 2832 470 2878 Herbipolirn,
491 2833 556 2868 vbi
584 2834 664 2879 agit
684 2841 871 2870 rectorem
889 2837 1085 2881 collegii.»
1106 2837 1163 2871 Ex
1180 2838 1357 2883 catalogo
1376 2837 1532 2881 collegii
1557 2837 1848 2885 herbipolensis

212 2891 302 2926 anni
327 2892 428 2936 1567.

284 2953 292 2970 '⁶
344 2951 404 2985 (Ἰ.
429 2952 554 2997 Epist.
580 2953 626 2987 P.
649 2953 801 2999 Nadal,
821 2954 889 2999 111,
912 2954 996 3000 331,
1016 2954 1100 2999 430.

284 3013 296 3031 ⁵
347 3011 406 3046 Cf,
431 3010 556 3056 Epist.
581 3012 626 3046 P.
649 3012 800 3056 Nadal,
820 3013 890 3059 111,
909 3013 990 3048 330.
