<?xml version="1.0" encoding="UTF-8"?>
<!DOCTYPE html PUBLIC "-//W3C//DTD XHTML 1.0 Transitional//EN"
    "http://www.w3.org/TR/xhtml1/DTD/xhtml1-transitional.dtd">
<html xmlns="http://www.w3.org/1999/xhtml" xml:lang="en" lang="en">
 <head>
  <title>
</title>
<meta http-equiv="Content-Type" content="text/html;charset=utf-8" />
  <meta name='ocr-system' content='tesseract 3.04.00' />
  <meta name='ocr-capabilities' content='ocr_page ocr_carea ocr_par ocr_line ocrx_word'/>
</head>
<body>
  <div class='ocr_page' id='page_1' title='image "./epistolaephieron11nada_0747.png"; bbox 0 0 2028 3426; ppageno 0'>
   <div class='ocr_carea' id='block_1_1' title="bbox 537 273 1650 322">
    <p class='ocr_par' dir='ltr' id='par_1_1' title="bbox 537 273 1650 322">
     <span class='ocr_line' id='line_1_1' title="bbox 537 273 1650 322; baseline 0.001 -11"><span class='ocrx_word' id='word_1_1' title='bbox 537 273 770 311; x_wconf 80' lang='lat' dir='ltr'><strong>ORATIONIS</strong></span> <span class='ocrx_word' id='word_1_2' title='bbox 796 283 1240 320; x_wconf 82' lang='lat' dir='ltr'><strong>OBSERVATIONES—7o</strong></span> <span class='ocrx_word' id='word_1_3' title='bbox 1585 285 1650 322; x_wconf 87' lang='lat'><strong>721</strong></span> 
     </span>
    </p>
   </div>
   <div class='ocr_carea' id='block_1_2' title="bbox 19 373 1704 2194">
    <p class='ocr_par' dir='ltr' id='par_1_2' title="bbox 71 373 1701 811">
     <span class='ocr_line' id='line_1_2' title="bbox 72 373 1700 434; baseline 0.002 -18"><span class='ocrx_word' id='word_1_4' title='bbox 72 373 118 417; x_wconf 93' lang='lat' dir='ltr'><strong>in</strong></span> <span class='ocrx_word' id='word_1_5' title='bbox 141 388 323 417; x_wconf 88' lang='lat' dir='ltr'><strong>manum</strong></span> <span class='ocrx_word' id='word_1_6' title='bbox 346 373 444 418; x_wconf 90' lang='lat' dir='ltr'><strong>eius</strong></span> <span class='ocrx_word' id='word_1_7' title='bbox 467 381 511 418; x_wconf 90' lang='lat' dir='ltr'><strong>et</strong></span> <span class='ocrx_word' id='word_1_8' title='bbox 533 374 682 417; x_wconf 90' lang='lat' dir='ltr'><strong>sinum</strong></span> <span class='ocrx_word' id='word_1_9' title='bbox 705 390 754 419; x_wconf 89' lang='lat' dir='ltr'><strong>se</strong></span> <span class='ocrx_word' id='word_1_10' title='bbox 775 375 913 418; x_wconf 89' lang='lat' dir='ltr'><strong>iactat</strong></span> <span class='ocrx_word' id='word_1_11' title='bbox 935 390 990 419; x_wconf 87' lang='lat' dir='ltr'><strong>ex</strong></span> <span class='ocrx_word' id='word_1_12' title='bbox 1014 383 1108 419; x_wconf 90' lang='lat' dir='ltr'><strong>toto</strong></span> <span class='ocrx_word' id='word_1_13' title='bbox 1132 377 1268 419; x_wconf 90' lang='lat' dir='ltr'><strong>corde</strong></span> <span class='ocrx_word' id='word_1_14' title='bbox 1291 377 1590 429; x_wconf 86' lang='lat' dir='ltr'><strong>confidenter,</strong></span> <span class='ocrx_word' id='word_1_15' title='bbox 1611 392 1674 434; x_wconf 87' lang='lat' dir='ltr'><strong>gu</strong></span> <span class='ocrx_word' id='word_1_16' title='bbox 1689 402 1700 408; x_wconf 96' lang='lat'><em>-</em></span> 
     </span>
     <span class='ocr_line' id='line_1_3' title="bbox 71 450 1701 509; baseline 0.002 -16"><span class='ocrx_word' id='word_1_17' title='bbox 71 451 371 502; x_wconf 88' lang='lat' dir='ltr'><strong>bernandum‚</strong></span> <span class='ocrx_word' id='word_1_18' title='bbox 402 464 454 493; x_wconf 90' lang='lat' dir='ltr'><strong>ac</strong></span> <span class='ocrx_word' id='word_1_19' title='bbox 483 450 768 507; x_wconf 87' lang='lat' dir='ltr'><strong>dirigendum</strong></span> <span class='ocrx_word' id='word_1_20' title='bbox 797 454 853 495; x_wconf 91' lang='lat' dir='ltr'><strong>ad</strong></span> <span class='ocrx_word' id='word_1_21' title='bbox 883 453 1306 509; x_wconf 85' lang='lat' dir='ltr'><strong>per308fectionem:</strong></span> <span class='ocrx_word' id='word_1_22' title='bbox 1339 453 1447 508; x_wconf 92' lang='lat' dir='ltr'><strong>quid</strong></span> <span class='ocrx_word' id='word_1_23' title='bbox 1470 468 1559 496; x_wconf 90' lang='lat' dir='ltr'><strong>non</strong></span> <span class='ocrx_word' id='word_1_24' title='bbox 1583 461 1652 497; x_wconf 90' lang='lat' dir='ltr'><strong>est</strong></span> <span class='ocrx_word' id='word_1_25' title='bbox 1675 469 1701 496; x_wconf 90' lang='lat' dir='ltr'><strong>a</strong></span> 
     </span>
     <span class='ocr_line' id='line_1_4' title="bbox 72 526 1699 586; baseline 0.002 -17"><span class='ocrx_word' id='word_1_26' title='bbox 72 526 337 570; x_wconf 88' lang='lat' dir='ltr'><strong>clementiae</strong></span> <span class='ocrx_word' id='word_1_27' title='bbox 358 526 561 571; x_wconf 89' lang='lat' dir='ltr'><strong>infinitae</strong></span> <span class='ocrx_word' id='word_1_28' title='bbox 585 530 719 572; x_wconf 89' lang='lat' dir='ltr'><strong>Patre</strong></span> <span class='ocrx_word' id='word_1_29' title='bbox 742 529 924 572; x_wconf 90' lang='lat' dir='ltr'><strong>coelesti</strong></span> <span class='ocrx_word' id='word_1_30' title='bbox 947 530 1240 586; x_wconf 86' lang='lat' dir='ltr'><strong>sperandum?</strong></span> <span class='ocrx_word' id='word_1_31' title='bbox 1257 529 1332 572; x_wconf 91' lang='lat' dir='ltr'><strong>vbi</strong></span> <span class='ocrx_word' id='word_1_32' title='bbox 1355 544 1449 572; x_wconf 92' lang='lat' dir='ltr'><strong>non</strong></span> <span class='ocrx_word' id='word_1_33' title='bbox 1467 530 1699 574; x_wconf 87' lang='lat' dir='ltr'><strong>confiden-</strong></span> 
     </span>
     <span class='ocr_line' id='line_1_5' title="bbox 72 602 1700 662; baseline 0.002 -17"><span class='ocrx_word' id='word_1_34' title='bbox 72 603 200 645; x_wconf 87' lang='lat' dir='ltr'><strong>dum?</strong></span> <span class='ocrx_word' id='word_1_35' title='bbox 223 604 310 646; x_wconf 91' lang='lat' dir='ltr'><strong>hac</strong></span> <span class='ocrx_word' id='word_1_36' title='bbox 333 602 638 659; x_wconf 78' lang='lat' dir='ltr'>resignatione</span> <span class='ocrx_word' id='word_1_37' title='bbox 661 605 838 657; x_wconf 83' lang='lat' dir='ltr'><strong>fruaris3</strong></span> <span class='ocrx_word' id='word_1_38' title='bbox 864 606 1035 660; x_wconf 89' lang='lat' dir='ltr'><strong>reliqua</strong></span> <span class='ocrx_word' id='word_1_39' title='bbox 1059 606 1211 649; x_wconf 90' lang='lat' dir='ltr'><strong>omnia</strong></span> <span class='ocrx_word' id='word_1_40' title='bbox 1228 606 1425 662; x_wconf 87' lang='lat' dir='ltr'><strong>accipias</strong></span> <span class='ocrx_word' id='word_1_41' title='bbox 1448 621 1473 648; x_wconf 91' lang='lat' dir='ltr'><strong>a</strong></span> <span class='ocrx_word' id='word_1_42' title='bbox 1496 606 1700 661; x_wconf 88' lang='lat' dir='ltr'><strong>superio-</strong></span> 
     </span>
     <span class='ocr_line' id='line_1_6' title="bbox 73 668 1700 735; baseline 0.002 -13"><span class='ocrx_word' id='word_1_43' title='bbox 73 668 368 735; x_wconf 52' lang='lat' dir='ltr'><strong>ribus,‘quasi</strong></span> <span class='ocrx_word' id='word_1_44' title='bbox 396 696 421 723; x_wconf 90' lang='lat' dir='ltr'><strong>a</strong></span> <span class='ocrx_word' id='word_1_45' title='bbox 449 682 563 732; x_wconf 88' lang='lat' dir='ltr'><strong>DeO,</strong></span> <span class='ocrx_word' id='word_1_46' title='bbox 595 681 668 723; x_wconf 89' lang='lat' dir='ltr'><strong>cui</strong></span> <span class='ocrx_word' id='word_1_47' title='bbox 697 681 942 734; x_wconf 78' lang='lat' dir='ltr'><strong>credidisti,</strong></span> <span class='ocrx_word' id='word_1_48' title='bbox 974 683 1046 725; x_wconf 89' lang='lat' dir='ltr'><strong>cui</strong></span> <span class='ocrx_word' id='word_1_49' title='bbox 1079 690 1122 726; x_wconf 86' lang='lat' dir='ltr'><strong>te</strong></span> <span class='ocrx_word' id='word_1_50' title='bbox 1153 690 1296 725; x_wconf 90' lang='lat' dir='ltr'><strong>totum</strong></span> <span class='ocrx_word' id='word_1_51' title='bbox 1327 682 1565 725; x_wconf 83' lang='lat' dir='ltr'><strong>tradidisti:</strong></span> <span class='ocrx_word' id='word_1_52' title='bbox 1592 683 1700 725; x_wconf 92' lang='lat' dir='ltr'><strong>hinc</strong></span> 
     </span>
     <span class='ocr_line' id='line_1_7' title="bbox 73 756 1400 811; baseline 0.002 -12"><span class='ocrx_word' id='word_1_53' title='bbox 73 771 229 811; x_wconf 82' lang='lat' dir='ltr'><strong>pacem</strong></span> <span class='ocrx_word' id='word_1_54' title='bbox 251 756 457 800; x_wconf 90' lang='lat' dir='ltr'><strong>inuenies</strong></span> <span class='ocrx_word' id='word_1_55' title='bbox 479 764 525 800; x_wconf 92' lang='lat' dir='ltr'><strong>et</strong></span> <span class='ocrx_word' id='word_1_56' title='bbox 547 757 840 801; x_wconf 82' lang='lat' dir='ltr'><strong>suauissimos</strong></span> <span class='ocrx_word' id='word_1_57' title='bbox 864 759 1111 803; x_wconf 79' lang='lat' dir='ltr'><strong>fructus&#39;ex</strong></span> <span class='ocrx_word' id='word_1_58' title='bbox 1128 759 1400 803; x_wconf 87' lang='lat' dir='ltr'><strong>obedientia.</strong></span> 
     </span>
    </p>

    <p class='ocr_par' dir='ltr' id='par_1_3' title="bbox 74 833 1701 1194">
     <span class='ocr_line' id='line_1_8' title="bbox 162 833 1701 892; baseline 0 -15"><span class='ocrx_word' id='word_1_59' title='bbox 162 834 421 877; x_wconf 80' lang='lat' dir='ltr'>Offeramus</span> <span class='ocrx_word' id='word_1_60' title='bbox 444 833 626 876; x_wconf 88' lang='lat' dir='ltr'><strong>Christo</strong></span> <span class='ocrx_word' id='word_1_61' title='bbox 649 848 752 877; x_wconf 92' lang='lat' dir='ltr'><strong>cum</strong></span> <span class='ocrx_word' id='word_1_62' title='bbox 775 835 942 877; x_wconf 86' lang='lat' dir='ltr'><strong>sanctis</strong></span> <span class='ocrx_word' id='word_1_63' title='bbox 964 836 1126 892; x_wconf 89' lang='lat' dir='ltr'><strong>Magis,</strong></span> <span class='ocrx_word' id='word_1_64' title='bbox 1143 850 1248 878; x_wconf 92' lang='lat' dir='ltr'><strong>cum</strong></span> <span class='ocrx_word' id='word_1_65' title='bbox 1270 850 1424 878; x_wconf 90' lang='lat' dir='ltr'><strong>eorum</strong></span> <span class='ocrx_word' id='word_1_66' title='bbox 1443 835 1576 878; x_wconf 87' lang='lat' dir='ltr'><strong>simul</strong></span> <span class='ocrx_word' id='word_1_67' title='bbox 1598 850 1701 877; x_wconf 88' lang='lat' dir='ltr'><strong>mu—</strong></span> 
     </span>
     <span class='ocr_line' id='line_1_9' title="bbox 74 909 1699 967; baseline 0.001 -15"><span class='ocrx_word' id='word_1_68' title='bbox 74 909 273 962; x_wconf 81' lang='lat' dir='ltr'><strong>neribus,</strong></span> <span class='ocrx_word' id='word_1_69' title='bbox 314 909 360 952; x_wconf 90' lang='lat' dir='ltr'><strong>in</strong></span> <span class='ocrx_word' id='word_1_70' title='bbox 397 925 506 953; x_wconf 90' lang='lat' dir='ltr'><strong>auro</strong></span> <span class='ocrx_word' id='word_1_71' title='bbox 543 918 869 966; x_wconf 75' lang='lat' dir='ltr'><strong>paupertatem,</strong></span> <span class='ocrx_word' id='word_1_72' title='bbox 906 911 951 954; x_wconf 84' lang='lat' dir='ltr'><strong>in</strong></span> <span class='ocrx_word' id='word_1_73' title='bbox 981 914 1112 956; x_wconf 88' lang='lat' dir='ltr'><strong>thure</strong></span> <span class='ocrx_word' id='word_1_74' title='bbox 1142 912 1461 964; x_wconf 78' lang='lat' dir='ltr'><strong>obedientiam,</strong></span> <span class='ocrx_word' id='word_1_75' title='bbox 1489 921 1625 967; x_wconf 88' lang='lat' dir='ltr'><strong>atque</strong></span> <span class='ocrx_word' id='word_1_76' title='bbox 1654 912 1699 954; x_wconf 92' lang='lat' dir='ltr'><strong>in</strong></span> 
     </span>
     <span class='ocr_line' id='line_1_10' title="bbox 74 987 1697 1045; baseline 0.002 -18"><span class='ocrx_word' id='word_1_77' title='bbox 74 987 244 1030; x_wconf 85' lang='lat' dir='ltr'><strong>mirrha</strong></span> <span class='ocrx_word' id='word_1_78' title='bbox 267 987 537 1031; x_wconf 83' lang='lat' dir='ltr'><strong>castitatem:</strong></span> <span class='ocrx_word' id='word_1_79' title='bbox 564 1002 720 1030; x_wconf 91' lang='lat' dir='ltr'><strong>rursus</strong></span> <span class='ocrx_word' id='word_1_80' title='bbox 742 987 789 1029; x_wconf 90' lang='lat' dir='ltr'><strong>in</strong></span> <span class='ocrx_word' id='word_1_81' title='bbox 812 1003 922 1030; x_wconf 90' lang='lat' dir='ltr'><strong>auro</strong></span> <span class='ocrx_word' id='word_1_82' title='bbox 947 995 1037 1033; x_wconf 88' lang='lat' dir='ltr'><strong>tres</strong></span> <span class='ocrx_word' id='word_1_83' title='bbox 1061 989 1251 1033; x_wconf 89' lang='lat' dir='ltr'><strong>virtutes</strong></span> <span class='ocrx_word' id='word_1_84' title='bbox 1274 990 1524 1045; x_wconf 90' lang='lat' dir='ltr'><strong>theologas,</strong></span> <span class='ocrx_word' id='word_1_85' title='bbox 1546 989 1697 1039; x_wconf 77' lang='lat' dir='ltr'><strong>fidem,</strong></span> 
     </span>
     <span class='ocr_line' id='line_1_11' title="bbox 74 1064 1701 1121; baseline 0.001 -15"><span class='ocrx_word' id='word_1_86' title='bbox 74 1078 216 1119; x_wconf 89' lang='lat' dir='ltr'><strong>spem,</strong></span> <span class='ocrx_word' id='word_1_87' title='bbox 242 1071 287 1107; x_wconf 90' lang='lat' dir='ltr'><strong>et</strong></span> <span class='ocrx_word' id='word_1_88' title='bbox 310 1064 590 1116; x_wconf 90' lang='lat' dir='ltr'><strong>charitatem,</strong></span> <span class='ocrx_word' id='word_1_89' title='bbox 623 1072 759 1119; x_wconf 88' lang='lat' dir='ltr'><strong>atque</strong></span> <span class='ocrx_word' id='word_1_90' title='bbox 789 1080 943 1108; x_wconf 89' lang='lat' dir='ltr'><strong>earum</strong></span> <span class='ocrx_word' id='word_1_91' title='bbox 973 1067 1271 1121; x_wconf 88' lang='lat' dir='ltr'><strong>operationes;</strong></span> <span class='ocrx_word' id='word_1_92' title='bbox 1298 1066 1344 1108; x_wconf 91' lang='lat' dir='ltr'><strong>in</strong></span> <span class='ocrx_word' id='word_1_93' title='bbox 1375 1068 1509 1109; x_wconf 92' lang='lat' dir='ltr'><strong>thure</strong></span> <span class='ocrx_word' id='word_1_94' title='bbox 1536 1066 1701 1109; x_wconf 89' lang='lat' dir='ltr'><strong>oratio-</strong></span> 
     </span>
     <span class='ocr_line' id='line_1_12' title="bbox 75 1140 1393 1194; baseline 0.002 -11"><span class='ocrx_word' id='word_1_95' title='bbox 75 1155 195 1193; x_wconf 88' lang='lat' dir='ltr'><strong>nem;</strong></span> <span class='ocrx_word' id='word_1_96' title='bbox 219 1140 267 1182; x_wconf 90' lang='lat' dir='ltr'><strong>in</strong></span> <span class='ocrx_word' id='word_1_97' title='bbox 289 1141 455 1184; x_wconf 87' lang='lat' dir='ltr'><strong>mirrha</strong></span> <span class='ocrx_word' id='word_1_98' title='bbox 478 1141 884 1194; x_wconf 87' lang='lat' dir='ltr'><strong>mortificationem,</strong></span> <span class='ocrx_word' id='word_1_99' title='bbox 912 1157 1015 1184; x_wconf 90' lang='lat' dir='ltr'><strong>cum</strong></span> <span class='ocrx_word' id='word_1_100' title='bbox 1037 1143 1156 1185; x_wconf 84' lang='lat' dir='ltr'><strong>votis</strong></span> <span class='ocrx_word' id='word_1_101' title='bbox 1174 1143 1393 1187; x_wconf 89' lang='lat' dir='ltr'><strong>nostris...</strong></span> 
     </span>
    </p>

    <p class='ocr_par' dir='ltr' id='par_1_4' title="bbox 75 1217 1703 1811">
     <span class='ocr_line' id='line_1_13' title="bbox 165 1217 1702 1275; baseline 0.001 -15"><span class='ocrx_word' id='word_1_102' title='bbox 165 1217 258 1273; x_wconf 74' lang='lat' dir='ltr'><strong>Qui</strong></span> <span class='ocrx_word' id='word_1_103' title='bbox 280 1225 470 1261; x_wconf 86' lang='lat' dir='ltr'><strong>vocatur</strong></span> <span class='ocrx_word' id='word_1_104' title='bbox 492 1219 549 1260; x_wconf 91' lang='lat' dir='ltr'><strong>ad</strong></span> <span class='ocrx_word' id='word_1_105' title='bbox 572 1218 854 1274; x_wconf 75' lang='lat' dir='ltr'><strong>religionem,</strong></span> <span class='ocrx_word' id='word_1_106' title='bbox 881 1219 921 1262; x_wconf 85' lang='lat' dir='ltr'><strong>ei</strong></span> <span class='ocrx_word' id='word_1_107' title='bbox 945 1219 1085 1261; x_wconf 87' lang='lat' dir='ltr'><strong>oritur</strong></span> <span class='ocrx_word' id='word_1_108' title='bbox 1108 1219 1299 1275; x_wconf 88' lang='lat' dir='ltr'><strong>primum</strong></span> <span class='ocrx_word' id='word_1_109' title='bbox 1323 1220 1466 1271; x_wconf 90' lang='lat' dir='ltr'><strong>stella,</strong></span> <span class='ocrx_word' id='word_1_110' title='bbox 1499 1234 1550 1262; x_wconf 86' lang='lat' dir='ltr'><strong>ac</strong></span> <span class='ocrx_word' id='word_1_111' title='bbox 1578 1220 1702 1262; x_wconf 88' lang='lat' dir='ltr'><strong>ducit</strong></span> 
     </span>
     <span class='ocr_line' id='line_1_14' title="bbox 77 1284 1702 1350; baseline 0.001 -13"><span class='ocrx_word' id='word_1_112' title='bbox 77 1295 133 1337; x_wconf 87' lang='lat' dir='ltr'><strong>ad</strong></span> <span class='ocrx_word' id='word_1_113' title='bbox 163 1295 471 1349; x_wconf 89' lang='lat' dir='ltr'><strong>quaerendum</strong></span> <span class='ocrx_word' id='word_1_114' title='bbox 496 1295 745 1346; x_wconf 76' lang='lat' dir='ltr'><strong>Christum,</strong></span> <span class='ocrx_word' id='word_1_115' title='bbox 778 1295 861 1350; x_wconf 89' lang='lat' dir='ltr'><strong>ipsi</strong></span> <span class='ocrx_word' id='word_1_116' title='bbox 892 1284 1049 1339; x_wconf 78' lang='lat' dir='ltr'><strong>recens</strong></span> <span class='ocrx_word' id='word_1_117' title='bbox 1077 1303 1249 1348; x_wconf 86' lang='lat' dir='ltr'><strong>natum,</strong></span> <span class='ocrx_word' id='word_1_118' title='bbox 1285 1303 1329 1339; x_wconf 91' lang='lat' dir='ltr'><strong>et</strong></span> <span class='ocrx_word' id='word_1_119' title='bbox 1357 1297 1415 1338; x_wconf 89' lang='lat' dir='ltr'><strong>ad</strong></span> <span class='ocrx_word' id='word_1_120' title='bbox 1443 1296 1483 1338; x_wconf 90' lang='lat' dir='ltr'><strong>ei</strong></span> <span class='ocrx_word' id='word_1_121' title='bbox 1508 1298 1702 1339; x_wconf 86' lang='lat' dir='ltr'><strong>offeren—</strong></span> 
     </span>
     <span class='ocr_line' id='line_1_15' title="bbox 76 1371 1701 1427; baseline 0 -13"><span class='ocrx_word' id='word_1_122' title='bbox 76 1373 184 1414; x_wconf 89' lang='lat' dir='ltr'><strong>dum</strong></span> <span class='ocrx_word' id='word_1_123' title='bbox 216 1372 335 1414; x_wconf 91' lang='lat' dir='ltr'><strong>dona</strong></span> <span class='ocrx_word' id='word_1_124' title='bbox 367 1386 466 1424; x_wconf 87' lang='lat' dir='ltr'><strong>sua,</strong></span> <span class='ocrx_word' id='word_1_125' title='bbox 498 1371 544 1414; x_wconf 93' lang='lat' dir='ltr'><strong>id</strong></span> <span class='ocrx_word' id='word_1_126' title='bbox 575 1379 659 1423; x_wconf 89' lang='lat' dir='ltr'><strong>est,</strong></span> <span class='ocrx_word' id='word_1_127' title='bbox 692 1372 884 1427; x_wconf 87' lang='lat' dir='ltr'><strong>primum</strong></span> <span class='ocrx_word' id='word_1_128' title='bbox 913 1373 1191 1415; x_wconf 86' lang='lat' dir='ltr'><strong>voluntatem</strong></span> <span class='ocrx_word' id='word_1_129' title='bbox 1221 1380 1324 1414; x_wconf 85' lang='lat' dir='ltr'><strong>vota</strong></span> <span class='ocrx_word' id='word_1_130' title='bbox 1354 1372 1563 1424; x_wconf 87' lang='lat' dir='ltr'><strong>faciendi,</strong></span> <span class='ocrx_word' id='word_1_131' title='bbox 1596 1372 1701 1415; x_wconf 89' lang='lat' dir='ltr'><strong>dein</strong></span> 
     </span>
     <span class='ocr_line' id='line_1_16' title="bbox 75 1448 1703 1504; baseline 0.001 -15"><span class='ocrx_word' id='word_1_132' title='bbox 75 1456 180 1490; x_wconf 85' lang='lat' dir='ltr'><strong>vota</strong></span> <span class='ocrx_word' id='word_1_133' title='bbox 204 1448 338 1493; x_wconf 90' lang='lat' dir='ltr'><strong>etiam</strong></span> <span class='ocrx_word' id='word_1_134' title='bbox 362 1448 473 1504; x_wconf 81' lang='lat' dir='ltr'><strong>ipsa3</strong></span> <span class='ocrx_word' id='word_1_135' title='bbox 500 1463 578 1503; x_wconf 90' lang='lat' dir='ltr'><strong>per</strong></span> <span class='ocrx_word' id='word_1_136' title='bbox 601 1463 762 1491; x_wconf 90' lang='lat' dir='ltr'><strong>aurum</strong></span> <span class='ocrx_word' id='word_1_137' title='bbox 785 1448 904 1491; x_wconf 89' lang='lat' dir='ltr'><strong>enim</strong></span> <span class='ocrx_word' id='word_1_138' title='bbox 923 1448 1205 1504; x_wconf 84' lang='lat' dir='ltr'><strong>significatur</strong></span> <span class='ocrx_word' id='word_1_139' title='bbox 1224 1456 1478 1504; x_wconf 79' lang='lat' dir='ltr'><strong>paupertas,</strong></span> <span class='ocrx_word' id='word_1_140' title='bbox 1500 1464 1579 1504; x_wconf 92' lang='lat' dir='ltr'><strong>per</strong></span> <span class='ocrx_word' id='word_1_141' title='bbox 1598 1451 1703 1491; x_wconf 92' lang='lat' dir='ltr'><strong>thus</strong></span> 
     </span>
     <span class='ocr_line' id='line_1_17' title="bbox 76 1520 1701 1580; baseline 0 -13"><span class='ocrx_word' id='word_1_142' title='bbox 76 1524 348 1577; x_wconf 85' lang='lat' dir='ltr'><strong>obedientia,</strong></span> <span class='ocrx_word' id='word_1_143' title='bbox 384 1539 464 1580; x_wconf 91' lang='lat' dir='ltr'><strong>per</strong></span> <span class='ocrx_word' id='word_1_144' title='bbox 494 1520 709 1568; x_wconf 59' lang='lat' dir='ltr'><strong>&#39;mirrham</strong></span> <span class='ocrx_word' id='word_1_145' title='bbox 744 1525 942 1567; x_wconf 89' lang='lat' dir='ltr'><strong>castitas.</strong></span> <span class='ocrx_word' id='word_1_146' title='bbox 979 1526 1205 1580; x_wconf 88' lang='lat' dir='ltr'><strong>Sequatur</strong></span> <span class='ocrx_word' id='word_1_147' title='bbox 1238 1525 1348 1567; x_wconf 88' lang='lat' dir='ltr'><strong>illud</strong></span> <span class='ocrx_word' id='word_1_148' title='bbox 1379 1526 1530 1568; x_wconf 84' lang='lat' dir='ltr'><strong>lumen</strong></span> <span class='ocrx_word' id='word_1_149' title='bbox 1565 1539 1701 1567; x_wconf 84' lang='lat' dir='ltr'><strong>voca-</strong></span> 
     </span>
     <span class='ocr_line' id='line_1_18' title="bbox 78 1601 1702 1656; baseline 0 -13"><span class='ocrx_word' id='word_1_150' title='bbox 78 1601 227 1654; x_wconf 91' lang='lat' dir='ltr'><strong>tionis,</strong></span> <span class='ocrx_word' id='word_1_151' title='bbox 253 1601 421 1654; x_wconf 86' lang='lat' dir='ltr'><strong>veniat,</strong></span> <span class='ocrx_word' id='word_1_152' title='bbox 455 1608 657 1656; x_wconf 88' lang='lat' dir='ltr'><strong>quaerat,</strong></span> <span class='ocrx_word' id='word_1_153' title='bbox 683 1616 772 1644; x_wconf 90' lang='lat' dir='ltr'><strong>non</strong></span> <span class='ocrx_word' id='word_1_154' title='bbox 796 1602 883 1644; x_wconf 89' lang='lat' dir='ltr'><strong>iam</strong></span> <span class='ocrx_word' id='word_1_155' title='bbox 915 1602 970 1644; x_wconf 90' lang='lat' dir='ltr'><strong>ab</strong></span> <span class='ocrx_word' id='word_1_156' title='bbox 994 1603 1178 1645; x_wconf 88' lang='lat' dir='ltr'><strong>Herode</strong></span> <span class='ocrx_word' id='word_1_157' title='bbox 1207 1609 1250 1645; x_wconf 90' lang='lat' dir='ltr'><strong>et</strong></span> <span class='ocrx_word' id='word_1_158' title='bbox 1268 1602 1462 1656; x_wconf 84' lang='lat' dir='ltr'><strong>judaeis,</strong></span> <span class='ocrx_word' id='word_1_159' title='bbox 1493 1601 1538 1644; x_wconf 90' lang='lat' dir='ltr'><strong>id</strong></span> <span class='ocrx_word' id='word_1_160' title='bbox 1561 1609 1645 1654; x_wconf 89' lang='lat' dir='ltr'><strong>est,</strong></span> <span class='ocrx_word' id='word_1_161' title='bbox 1678 1617 1702 1643; x_wconf 91' lang='lat' dir='ltr'><strong>a</strong></span> 
     </span>
     <span class='ocr_line' id='line_1_19' title="bbox 77 1678 1702 1733; baseline -0.001 -13"><span class='ocrx_word' id='word_1_162' title='bbox 77 1678 319 1733; x_wconf 88' lang='lat' dir='ltr'><strong>prophanis</strong></span> <span class='ocrx_word' id='word_1_163' title='bbox 341 1685 386 1721; x_wconf 91' lang='lat' dir='ltr'><strong>et</strong></span> <span class='ocrx_word' id='word_1_164' title='bbox 409 1678 694 1730; x_wconf 88' lang='lat' dir='ltr'><strong>aduersariis,</strong></span> <span class='ocrx_word' id='word_1_165' title='bbox 720 1679 800 1721; x_wconf 88' lang='lat' dir='ltr'><strong>sed</strong></span> <span class='ocrx_word' id='word_1_166' title='bbox 824 1680 879 1721; x_wconf 86' lang='lat' dir='ltr'><strong>ab</strong></span> <span class='ocrx_word' id='word_1_167' title='bbox 909 1678 994 1730; x_wconf 72' lang='lat' dir='ltr'><strong>his,</strong></span> <span class='ocrx_word' id='word_1_168' title='bbox 1019 1683 1088 1724; x_wconf 81' lang='grc'><strong>310</strong></span> <span class='ocrx_word' id='word_1_169' title='bbox 1117 1678 1280 1733; x_wconf 82' lang='lat' dir='ltr'><strong>quibus</strong></span> <span class='ocrx_word' id='word_1_170' title='bbox 1309 1678 1432 1720; x_wconf 88' lang='lat' dir='ltr'><strong>dedit</strong></span> <span class='ocrx_word' id='word_1_171' title='bbox 1460 1678 1702 1733; x_wconf 77' lang='lat' dir='ltr'><strong>negocium</strong></span> 
     </span>
     <span class='ocr_line' id='line_1_20' title="bbox 79 1755 1698 1811; baseline 0 -14"><span class='ocrx_word' id='word_1_172' title='bbox 79 1756 204 1799; x_wconf 92' lang='lat' dir='ltr'><strong>Deus</strong></span> <span class='ocrx_word' id='word_1_173' title='bbox 222 1755 266 1797; x_wconf 90' lang='lat' dir='ltr'><strong>in</strong></span> <span class='ocrx_word' id='word_1_174' title='bbox 284 1755 475 1798; x_wconf 90' lang='lat' dir='ltr'><strong>ecclesia</strong></span> <span class='ocrx_word' id='word_1_175' title='bbox 491 1762 540 1797; x_wconf 90' lang='lat' dir='ltr'><strong>vt</strong></span> <span class='ocrx_word' id='word_1_176' title='bbox 557 1755 679 1797; x_wconf 89' lang='lat' dir='ltr'><strong>illam</strong></span> <span class='ocrx_word' id='word_1_177' title='bbox 697 1755 905 1811; x_wconf 81' lang='lat' dir='ltr'><strong>gratiam,</strong></span> <span class='ocrx_word' id='word_1_178' title='bbox 928 1756 1037 1798; x_wconf 87' lang='lat' dir='ltr'><strong>illud</strong></span> <span class='ocrx_word' id='word_1_179' title='bbox 1055 1755 1311 1798; x_wconf 82' lang='lat' dir='ltr'><strong>institutum</strong></span> <span class='ocrx_word' id='word_1_180' title='bbox 1329 1762 1698 1797; x_wconf 84' lang='lat' dir='ltr'><strong>commonstrent.</strong></span> 
     </span>
    </p>

    <p class='ocr_par' dir='ltr' id='par_1_5' title="bbox 19 1831 1703 2041">
     <span class='ocr_line' id='line_1_21' title="bbox 168 1831 1702 1887; baseline -0.001 -13"><span class='ocrx_word' id='word_1_181' title='bbox 168 1833 234 1874; x_wconf 83' lang='lat' dir='ltr'><strong>Ex</strong></span> <span class='ocrx_word' id='word_1_182' title='bbox 256 1831 450 1875; x_wconf 88' lang='lat' dir='ltr'><strong>lectione</strong></span> <span class='ocrx_word' id='word_1_183' title='bbox 471 1846 699 1875; x_wconf 87' lang='lat' dir='ltr'><strong>sacrarum</strong></span> <span class='ocrx_word' id='word_1_184' title='bbox 725 1832 1047 1887; x_wconf 86' lang='lat' dir='ltr'><strong>scripturarum</strong></span> <span class='ocrx_word' id='word_1_185' title='bbox 1072 1840 1116 1875; x_wconf 88' lang='lat' dir='ltr'><strong>et</strong></span> <span class='ocrx_word' id='word_1_186' title='bbox 1144 1834 1355 1874; x_wconf 82' lang='lat' dir='ltr'><strong>horarum</strong></span> <span class='ocrx_word' id='word_1_187' title='bbox 1385 1832 1702 1874; x_wconf 89' lang='lat' dir='ltr'><strong>canonicarum</strong></span> 
     </span>
     <span class='ocr_line' id='line_1_22' title="bbox 78 1908 1703 1964; baseline -0.001 -13"><span class='ocrx_word' id='word_1_188' title='bbox 78 1909 278 1964; x_wconf 89' lang='lat' dir='ltr'><strong>petunda</strong></span> <span class='ocrx_word' id='word_1_189' title='bbox 300 1909 500 1960; x_wconf 91' lang='lat' dir='ltr'><strong>deuotio,</strong></span> <span class='ocrx_word' id='word_1_190' title='bbox 527 1915 571 1952; x_wconf 92' lang='lat' dir='ltr'><strong>et</strong></span> <span class='ocrx_word' id='word_1_191' title='bbox 594 1924 743 1952; x_wconf 89' lang='lat' dir='ltr'><strong>rerum</strong></span> <span class='ocrx_word' id='word_1_192' title='bbox 773 1908 1070 1964; x_wconf 86' lang='lat' dir='ltr'><strong>spiritualium</strong></span> <span class='ocrx_word' id='word_1_193' title='bbox 1102 1923 1153 1951; x_wconf 88' lang='lat' dir='ltr'><strong>ac</strong></span> <span class='ocrx_word' id='word_1_194' title='bbox 1181 1909 1313 1951; x_wconf 88' lang='lat' dir='ltr'><strong>etiam</strong></span> <span class='ocrx_word' id='word_1_195' title='bbox 1344 1909 1596 1950; x_wconf 85' lang='lat' dir='ltr'><strong>diuinarum</strong></span> <span class='ocrx_word' id='word_1_196' title='bbox 1619 1923 1703 1950; x_wconf 76' lang='lat' dir='ltr'><strong>co-</strong></span> 
     </span>
     <span class='ocr_line' id='line_1_23' title="bbox 19 1984 1469 2041; baseline -0.001 -14"><span class='ocrx_word' id='word_1_197' title='bbox 19 1985 22 1987; x_wconf 63' lang='grc'><strong><em>’</em></strong></span> <span class='ocrx_word' id='word_1_198' title='bbox 82 1985 241 2041; x_wconf 88' lang='lat' dir='ltr'><strong>gnitio,</strong></span> <span class='ocrx_word' id='word_1_199' title='bbox 268 2000 382 2041; x_wconf 90' lang='lat' dir='ltr'><strong>quae</strong></span> <span class='ocrx_word' id='word_1_200' title='bbox 406 1984 527 2027; x_wconf 89' lang='lat' dir='ltr'><strong>illinc</strong></span> <span class='ocrx_word' id='word_1_201' title='bbox 551 1986 664 2027; x_wconf 83' lang='lat' dir='ltr'><strong>solet</strong></span> <span class='ocrx_word' id='word_1_202' title='bbox 686 1986 914 2041; x_wconf 77' lang='lat' dir='ltr'><strong>refulgere</strong></span> <span class='ocrx_word' id='word_1_203' title='bbox 938 2000 990 2028; x_wconf 90' lang='lat' dir='ltr'><strong>ac</strong></span> <span class='ocrx_word' id='word_1_204' title='bbox 1014 1993 1209 2028; x_wconf 86' lang='lat' dir='ltr'><strong>mentem</strong></span> <span class='ocrx_word' id='word_1_205' title='bbox 1234 1985 1469 2027; x_wconf 67' lang='lat' dir='ltr'><strong>illustrare</strong></span> 
     </span>
    </p>

    <p class='ocr_par' dir='ltr' id='par_1_6' title="bbox 83 2061 1704 2194">
     <span class='ocr_line' id='line_1_24' title="bbox 173 2061 1704 2117; baseline -0.002 -12"><span class='ocrx_word' id='word_1_206' title='bbox 173 2063 489 2117; x_wconf 89' lang='lat' dir='ltr'><strong>Contemplare</strong></span> <span class='ocrx_word' id='word_1_207' title='bbox 522 2069 566 2105; x_wconf 91' lang='lat' dir='ltr'><strong>et</strong></span> <span class='ocrx_word' id='word_1_208' title='bbox 599 2062 735 2104; x_wconf 87' lang='lat' dir='ltr'><strong>adora</strong></span> <span class='ocrx_word' id='word_1_209' title='bbox 768 2069 1100 2104; x_wconf 87' lang='lat' dir='ltr'><strong>sacrosanctam</strong></span> <span class='ocrx_word' id='word_1_210' title='bbox 1134 2062 1355 2117; x_wconf 85' lang='lat' dir='ltr'><strong>virginem</strong></span> <span class='ocrx_word' id='word_1_211' title='bbox 1381 2061 1584 2111; x_wconf 88' lang='lat' dir='ltr'><strong>Mariam,</strong></span> <span class='ocrx_word' id='word_1_212' title='bbox 1612 2076 1704 2103; x_wconf 86' lang='lat' dir='ltr'><strong>ma—</strong></span> 
     </span>
     <span class='ocr_line' id='line_1_25' title="bbox 83 2138 1703 2194; baseline -0.001 -14"><span class='ocrx_word' id='word_1_213' title='bbox 83 2146 196 2181; x_wconf 90' lang='lat' dir='ltr'><strong>trem</strong></span> <span class='ocrx_word' id='word_1_214' title='bbox 230 2139 331 2191; x_wconf 91' lang='lat' dir='ltr'><strong>Dei;</strong></span> <span class='ocrx_word' id='word_1_215' title='bbox 367 2138 474 2182; x_wconf 87' lang='lat' dir='ltr'><strong>inde</strong></span> <span class='ocrx_word' id='word_1_216' title='bbox 502 2138 730 2194; x_wconf 88' lang='lat' dir='ltr'><strong>intelliges</strong></span> <span class='ocrx_word' id='word_1_217' title='bbox 759 2145 804 2181; x_wconf 88' lang='lat' dir='ltr'><strong>et</strong></span> <span class='ocrx_word' id='word_1_218' title='bbox 833 2138 1039 2193; x_wconf 89' lang='lat' dir='ltr'><strong>gustabis</strong></span> <span class='ocrx_word' id='word_1_219' title='bbox 1068 2138 1228 2193; x_wconf 88' lang='lat' dir='ltr'><strong>spiritu</strong></span> <span class='ocrx_word' id='word_1_220' title='bbox 1264 2138 1426 2181; x_wconf 87' lang='lat' dir='ltr'><strong>mentis</strong></span> <span class='ocrx_word' id='word_1_221' title='bbox 1460 2145 1562 2181; x_wconf 89' lang='lat' dir='ltr'><strong>tuae</strong></span> <span class='ocrx_word' id='word_1_222' title='bbox 1586 2138 1703 2179; x_wconf 87' lang='lat' dir='ltr'><strong>illam</strong></span> 
     </span>
    </p>
   </div>
   <div class='ocr_carea' id='block_1_3' title="bbox 19 2213 1706 2269">
    <p class='ocr_par' dir='ltr' id='par_1_7' title="bbox 19 2213 1706 2269">
     <span class='ocr_line' id='line_1_26' title="bbox 19 2213 1706 2269; baseline -0.002 -11"><span class='ocrx_word' id='word_1_223' title='bbox 19 2243 22 2247; x_wconf 66' lang='lat'><em>›</em></span> <span class='ocrx_word' id='word_1_224' title='bbox 83 2229 181 2258; x_wconf 88' lang='lat' dir='ltr'><strong>esse</strong></span> <span class='ocrx_word' id='word_1_225' title='bbox 215 2222 401 2259; x_wconf 87' lang='lat' dir='ltr'><strong>matrem</strong></span> <span class='ocrx_word' id='word_1_226' title='bbox 436 2214 782 2267; x_wconf 88' lang='lat' dir='ltr'><strong>misericordiae,</strong></span> <span class='ocrx_word' id='word_1_227' title='bbox 825 2214 1002 2269; x_wconf 89' lang='lat' dir='ltr'><strong>pietatis</strong></span> <span class='ocrx_word' id='word_1_228' title='bbox 1035 2215 1232 2265; x_wconf 85' lang='lat' dir='ltr'><strong>diuinae,</strong></span> <span class='ocrx_word' id='word_1_229' title='bbox 1265 2214 1513 2266; x_wconf 87' lang='lat' dir='ltr'><strong>charitatis,</strong></span> <span class='ocrx_word' id='word_1_230' title='bbox 1550 2213 1706 2256; x_wconf 88' lang='lat' dir='ltr'><strong>salutis</strong></span> 
     </span>
    </p>
   </div>
   <div class='ocr_carea' id='block_1_4' title="bbox 0 2017 53 3426">
    <p class='ocr_par' dir='ltr' id='par_1_8' title="bbox 0 2017 53 3426">
     <span class='ocr_line' id='line_1_27' title="bbox 0 2017 53 3426; baseline 0 0"><span class='ocrx_word' id='word_1_231' title='bbox 0 2017 53 3426; x_wconf 95' lang='lat' dir='ltr'><strong> </strong></span> 
     </span>
    </p>
   </div>
   <div class='ocr_carea' id='block_1_5' title="bbox 23 2291 1709 3036">
    <p class='ocr_par' dir='ltr' id='par_1_9' title="bbox 20 2291 1708 2872">
     <span class='ocr_line' id='line_1_28' title="bbox 85 2291 1704 2347; baseline -0.002 -13"><span class='ocrx_word' id='word_1_232' title='bbox 85 2299 281 2343; x_wconf 89' lang='lat' dir='ltr'><strong>nostrae,</strong></span> <span class='ocrx_word' id='word_1_233' title='bbox 319 2291 655 2347; x_wconf 85' lang='lat' dir='ltr'><strong>redemptionis,</strong></span> <span class='ocrx_word' id='word_1_234' title='bbox 690 2291 997 2343; x_wconf 86' lang='lat' dir='ltr'><strong>beatitudinis,</strong></span> <span class='ocrx_word' id='word_1_235' title='bbox 1030 2299 1137 2343; x_wconf 90' lang='lat' dir='ltr'><strong>etc.,</strong></span> <span class='ocrx_word' id='word_1_236' title='bbox 1170 2292 1274 2346; x_wconf 81' lang='lat' dir='ltr'><strong>quia</strong></span> <span class='ocrx_word' id='word_1_237' title='bbox 1304 2292 1388 2334; x_wconf 85' lang='lat' dir='ltr'><strong>Dei</strong></span> <span class='ocrx_word' id='word_1_238' title='bbox 1421 2298 1578 2334; x_wconf 87' lang='lat' dir='ltr'><strong>mater:</strong></span> <span class='ocrx_word' id='word_1_239' title='bbox 1612 2297 1704 2332; x_wconf 88' lang='lat' dir='ltr'><strong>tum</strong></span> 
     </span>
     <span class='ocr_line' id='line_1_29' title="bbox 23 2368 1705 2423; baseline -0.001 -13"><span class='ocrx_word' id='word_1_240' title='bbox 23 2399 30 2420; x_wconf 79' lang='lat'><em>;</em></span> <span class='ocrx_word' id='word_1_241' title='bbox 85 2376 273 2412; x_wconf 88' lang='lat' dir='ltr'><strong>matrem</strong></span> <span class='ocrx_word' id='word_1_242' title='bbox 296 2383 394 2412; x_wconf 89' lang='lat' dir='ltr'><strong>esse</strong></span> <span class='ocrx_word' id='word_1_243' title='bbox 416 2375 615 2410; x_wconf 89' lang='lat' dir='ltr'><strong>nostram</strong></span> <span class='ocrx_word' id='word_1_244' title='bbox 634 2382 710 2423; x_wconf 90' lang='lat' dir='ltr'><strong>per</strong></span> <span class='ocrx_word' id='word_1_245' title='bbox 727 2368 1078 2423; x_wconf 49' lang='lat' dir='ltr'><strong>adoptionemffn</strong></span> <span class='ocrx_word' id='word_1_246' title='bbox 1096 2368 1223 2410; x_wconf 87' lang='lat' dir='ltr'><strong>Filio.</strong></span> <span class='ocrx_word' id='word_1_247' title='bbox 1246 2369 1376 2411; x_wconf 82' lang='lat' dir='ltr'><strong>Vnde</strong></span> <span class='ocrx_word' id='word_1_248' title='bbox 1394 2381 1705 2422; x_wconf 86' lang='lat' dir='ltr'><strong>quaecumque</strong></span> 
     </span>
     <span class='ocr_line' id='line_1_30' title="bbox 86 2444 1706 2501; baseline -0.003 -13.196"><span class='ocrx_word' id='word_1_249' title='bbox 86 2445 216 2488; x_wconf 90' lang='lat' dir='ltr'><strong>nobis</strong></span> <span class='ocrx_word' id='word_1_250' title='bbox 239 2447 384 2501; x_wconf 88' lang='lat' dir='ltr'><strong>Xpus.</strong></span> <span class='ocrx_word' id='word_1_251' title='bbox 412 2444 673 2500; x_wconf 90' lang='lat' dir='ltr'><strong>promeruit,</strong></span> <span class='ocrx_word' id='word_1_252' title='bbox 699 2444 783 2500; x_wconf 85' lang='lat' dir='ltr'><strong>ipsi</strong></span> <span class='ocrx_word' id='word_1_253' title='bbox 806 2452 990 2499; x_wconf 88' lang='lat' dir='ltr'><strong>accepta</strong></span> <span class='ocrx_word' id='word_1_254' title='bbox 1013 2445 1169 2488; x_wconf 86' lang='lat' dir='ltr'><strong>referri</strong></span> <span class='ocrx_word' id='word_1_255' title='bbox 1186 2452 1389 2500; x_wconf 85' lang='lat' dir='ltr'><strong>possunt,</strong></span> <span class='ocrx_word' id='word_1_256' title='bbox 1412 2452 1457 2485; x_wconf 76' lang='lat' dir='ltr'><strong>vt</strong></span> <span class='ocrx_word' id='word_1_257' title='bbox 1477 2458 1556 2499; x_wconf 85' lang='lat' dir='ltr'><strong>per</strong></span> <span class='ocrx_word' id='word_1_258' title='bbox 1574 2457 1706 2498; x_wconf 86' lang='lat' dir='ltr'><strong>quam</strong></span> 
     </span>
     <span class='ocr_line' id='line_1_31' title="bbox 89 2519 1705 2577; baseline -0.003 -12"><span class='ocrx_word' id='word_1_259' title='bbox 89 2522 320 2565; x_wconf 88' lang='lat' dir='ltr'><strong>Christum</strong></span> <span class='ocrx_word' id='word_1_260' title='bbox 350 2528 622 2577; x_wconf 89' lang='lat' dir='ltr'><strong>acceperunt</strong></span> <span class='ocrx_word' id='word_1_261' title='bbox 651 2521 879 2563; x_wconf 85' lang='lat' dir='ltr'><strong>mortales.</strong></span> <span class='ocrx_word' id='word_1_262' title='bbox 918 2522 959 2564; x_wconf 89' lang='lat' dir='ltr'>O</span> <span class='ocrx_word' id='word_1_263' title='bbox 989 2521 1407 2564; x_wconf 79' lang='lat' dir='ltr'><strong>excellentissimam</strong></span> <span class='ocrx_word' id='word_1_264' title='bbox 1438 2520 1606 2563; x_wconf 83' lang='lat' dir='ltr'><strong>Mariae</strong></span> <span class='ocrx_word' id='word_1_265' title='bbox 1638 2519 1705 2560; x_wconf 92' lang='lat' dir='ltr'><strong>di-</strong></span> 
     </span>
     <span class='ocr_line' id='line_1_32' title="bbox 90 2595 1705 2654; baseline -0.004 -13"><span class='ocrx_word' id='word_1_266' title='bbox 90 2599 325 2654; x_wconf 88' lang='lat' dir='ltr'><strong>gnitatem,</strong></span> <span class='ocrx_word' id='word_1_267' title='bbox 358 2598 567 2641; x_wconf 87' lang='lat' dir='ltr'><strong>omnibus</strong></span> <span class='ocrx_word' id='word_1_268' title='bbox 600 2605 645 2641; x_wconf 87' lang='lat' dir='ltr'><strong>et</strong></span> <span class='ocrx_word' id='word_1_269' title='bbox 682 2598 947 2653; x_wconf 85' lang='lat' dir='ltr'><strong>angelorum</strong></span> <span class='ocrx_word' id='word_1_270' title='bbox 980 2605 1024 2640; x_wconf 92' lang='lat' dir='ltr'><strong>et</strong></span> <span class='ocrx_word' id='word_1_271' title='bbox 1057 2598 1291 2640; x_wconf 86' lang='lat' dir='ltr'><strong>hominum</strong></span> <span class='ocrx_word' id='word_1_272' title='bbox 1324 2597 1492 2652; x_wconf 85' lang='lat' dir='ltr'><strong>linguis</strong></span> <span class='ocrx_word' id='word_1_273' title='bbox 1530 2595 1705 2651; x_wconf 88' lang='lat' dir='ltr'><strong>praedi-</strong></span> 
     </span>
     <span class='ocr_line' id='line_1_33' title="bbox 53 2675 299 2722; baseline -0.008 -4"><span class='ocrx_word' id='word_1_274' title='bbox 53 2720 55 2722; x_wconf 10' lang='lat'><em>*</em></span> <span class='ocrx_word' id='word_1_275' title='bbox 91 2675 299 2718; x_wconf 86' lang='lat' dir='ltr'><strong>eandam!</strong></span> 
     </span>
     <span class='ocr_line' id='line_1_34' title="bbox 181 2749 1708 2806; baseline -0.003 -12"><span class='ocrx_word' id='word_1_276' title='bbox 181 2752 394 2795; x_wconf 90' lang='lat' dir='ltr'><strong>Orandus</strong></span> <span class='ocrx_word' id='word_1_277' title='bbox 415 2753 541 2794; x_wconf 88' lang='lat' dir='ltr'><strong>Deus</strong></span> <span class='ocrx_word' id='word_1_278' title='bbox 564 2765 647 2806; x_wconf 93' lang='lat' dir='ltr'><strong>pro</strong></span> <span class='ocrx_word' id='word_1_279' title='bbox 671 2749 916 2794; x_wconf 87' lang='lat' dir='ltr'><strong>Germania</strong></span> <span class='ocrx_word' id='word_1_280' title='bbox 939 2757 983 2794; x_wconf 87' lang='lat' dir='ltr'><strong>et</strong></span> <span class='ocrx_word' id='word_1_281' title='bbox 1006 2750 1245 2794; x_wconf 80' lang='lat' dir='ltr'><strong>haereticis</strong></span> <span class='ocrx_word' id='word_1_282' title='bbox 1269 2749 1493 2792; x_wconf 82' lang='lat' dir='ltr'><strong>omnibus:</strong></span> <span class='ocrx_word' id='word_1_283' title='bbox 1517 2756 1582 2792; x_wconf 89' lang='lat' dir='ltr'><strong>est</strong></span> <span class='ocrx_word' id='word_1_284' title='bbox 1606 2763 1708 2803; x_wconf 81' lang='lat' dir='ltr'><strong>spes</strong></span> 
     </span>
     <span class='ocr_line' id='line_1_35' title="bbox 36 2827 701 2872; baseline -0.005 0"><span class='ocrx_word' id='word_1_285' title='bbox 36 2862 41 2864; x_wconf 85' lang='lat'><em>-</em></span> <span class='ocrx_word' id='word_1_286' title='bbox 93 2837 215 2872; x_wconf 88' lang='lat' dir='ltr'><strong>certa</strong></span> <span class='ocrx_word' id='word_1_287' title='bbox 237 2827 507 2872; x_wconf 87' lang='lat' dir='ltr'><strong>Germaniae</strong></span> <span class='ocrx_word' id='word_1_288' title='bbox 530 2827 701 2869; x_wconf 89' lang='lat' dir='ltr'><strong>salutis.</strong></span> 
     </span>
    </p>

    <p class='ocr_par' dir='ltr' id='par_1_10' title="bbox 94 2900 1709 3036">
     <span class='ocr_line' id='line_1_36' title="bbox 180 2900 1709 2961; baseline -0.004 -14"><span class='ocrx_word' id='word_1_289' title='bbox 180 2907 230 2948; x_wconf 91' lang='lat' dir='ltr'><strong>In</strong></span> <span class='ocrx_word' id='word_1_290' title='bbox 258 2904 474 2961; x_wconf 86' lang='lat' dir='ltr'><strong>patientia</strong></span> <span class='ocrx_word' id='word_1_291' title='bbox 510 2903 701 2959; x_wconf 90' lang='lat' dir='ltr'><strong>simplici</strong></span> <span class='ocrx_word' id='word_1_292' title='bbox 730 2912 774 2947; x_wconf 90' lang='lat' dir='ltr'><strong>et</strong></span> <span class='ocrx_word' id='word_1_293' title='bbox 802 2917 915 2958; x_wconf 88' lang='lat' dir='ltr'><strong>pura</strong></span> <span class='ocrx_word' id='word_1_294' title='bbox 947 2902 1319 2955; x_wconf 76' lang='lat' dir='ltr'><strong>tri3nbulationis‚</strong></span> <span class='ocrx_word' id='word_1_295' title='bbox 1351 2900 1610 2957; x_wconf 86' lang='lat' dir='ltr'><strong>praesertim</strong></span> <span class='ocrx_word' id='word_1_296' title='bbox 1640 2900 1709 2941; x_wconf 88' lang='lat' dir='ltr'><strong>in—</strong></span> 
     </span>
     <span class='ocr_line' id='line_1_37' title="bbox 94 2973 1090 3036; baseline -0.002 -13"><span class='ocrx_word' id='word_1_297' title='bbox 94 2987 265 3034; x_wconf 89' lang='lat' dir='ltr'><strong>ternae,</strong></span> <span class='ocrx_word' id='word_1_298' title='bbox 291 2995 456 3036; x_wconf 88' lang='lat' dir='ltr'><strong>magna</strong></span> <span class='ocrx_word' id='word_1_299' title='bbox 477 2973 638 3033; x_wconf 85' lang='lat' dir='ltr'><strong>virtus,</strong></span> <span class='ocrx_word' id='word_1_300' title='bbox 665 2979 907 3035; x_wconf 88' lang='lat' dir='ltr'><strong>singularis</strong></span> <span class='ocrx_word' id='word_1_301' title='bbox 930 2979 1090 3035; x_wconf 87' lang='lat' dir='ltr'><strong>gratia.</strong></span> 
     </span>
    </p>
   </div>
   <div class='ocr_carea' id='block_1_6' title="bbox 183 3051 1710 3166">
    <p class='ocr_par' dir='ltr' id='par_1_11' title="bbox 183 3051 1710 3166">
     <span class='ocr_line' id='line_1_38' title="bbox 183 3051 1710 3112; baseline -0.005 -11"><span class='ocrx_word' id='word_1_302' title='bbox 183 3057 453 3101; x_wconf 87' lang='lat' dir='ltr'><strong>Conscende</strong></span> <span class='ocrx_word' id='word_1_303' title='bbox 476 3056 635 3112; x_wconf 91' lang='lat' dir='ltr'><strong>spiritu</strong></span> <span class='ocrx_word' id='word_1_304' title='bbox 659 3064 704 3100; x_wconf 90' lang='lat' dir='ltr'><strong>et</strong></span> <span class='ocrx_word' id='word_1_305' title='bbox 726 3063 876 3098; x_wconf 89' lang='lat' dir='ltr'><strong>mente</strong></span> <span class='ocrx_word' id='word_1_306' title='bbox 899 3055 943 3097; x_wconf 88' lang='lat' dir='ltr'><strong>in</strong></span> <span class='ocrx_word' id='word_1_307' title='bbox 967 3058 1128 3107; x_wconf 89' lang='lat' dir='ltr'><strong>Deum,</strong></span> <span class='ocrx_word' id='word_1_308' title='bbox 1156 3055 1370 3098; x_wconf 80' lang='lat' dir='ltr'><strong>consistat</strong></span> <span class='ocrx_word' id='word_1_309' title='bbox 1394 3054 1460 3096; x_wconf 88' lang='lat' dir='ltr'><strong>vis</strong></span> <span class='ocrx_word' id='word_1_310' title='bbox 1483 3053 1629 3096; x_wconf 89' lang='lat' dir='ltr'><strong>cordis</strong></span> <span class='ocrx_word' id='word_1_311' title='bbox 1648 3051 1710 3094; x_wconf 91' lang='lat' dir='ltr'><strong>tui</strong></span> 
     </span>
     <span class='ocr_line' id='line_1_39' title="bbox 270 3130 1538 3166; baseline -0.005 -5"><span class='ocrx_word' id='word_1_312' title='bbox 270 3134 388 3162; x_wconf 70' lang='lat' dir='ltr'><strong>Emsr.</strong></span> <span class='ocrx_word' id='word_1_313' title='bbox 412 3132 448 3160; x_wconf 86' lang='lat' dir='ltr'><strong>P.</strong></span> <span class='ocrx_word' id='word_1_314' title='bbox 470 3132 603 3166; x_wconf 52' lang='lat' dir='ltr'><strong>Naxon,</strong></span> <span class='ocrx_word' id='word_1_315' title='bbox 624 3139 703 3160; x_wconf 78' lang='grc' dir='ltr'><strong>τοΜ.</strong></span> <span class='ocrx_word' id='word_1_316' title='bbox 727 3132 790 3159; x_wconf 89' lang='lat' dir='ltr'><strong>IV.</strong></span> <span class='ocrx_word' id='word_1_317' title='bbox 1503 3130 1538 3157; x_wconf 80' lang='grc'><strong>47</strong></span> 
     </span>
    </p>
   </div>
  </div>
 </body>
</html>
