<?xml version="1.0" encoding="UTF-8"?>
<!DOCTYPE html PUBLIC "-//W3C//DTD XHTML 1.0 Transitional//EN"
    "http://www.w3.org/TR/xhtml1/DTD/xhtml1-transitional.dtd">
<html xmlns="http://www.w3.org/1999/xhtml" xml:lang="en" lang="en">
 <head>
  <title>
</title>
<meta http-equiv="Content-Type" content="text/html;charset=utf-8" />
  <meta name='ocr-system' content='tesseract 3.04.00' />
  <meta name='ocr-capabilities' content='ocr_page ocr_carea ocr_par ocr_line ocrx_word'/>
</head>
<body>
  <div class='ocr_page' id='page_1' title='image "./epistolaephieron11nada_0682.png"; bbox 0 0 2028 3426; ppageno 0'>
   <div class='ocr_carea' id='block_1_1' title="bbox 379 181 1455 227">
    <p class='ocr_par' dir='ltr' id='par_1_1' title="bbox 379 181 1455 227">
     <span class='ocr_line' id='line_1_1' title="bbox 379 181 1455 227; baseline -0.001 -10"><span class='ocrx_word' id='word_1_1' title='bbox 379 181 450 227; x_wconf 80' lang='lat'>656</span> <span class='ocrx_word' id='word_1_2' title='bbox 852 181 1006 216; x_wconf 73' lang='lat' dir='ltr'>PA‘rms</span> <span class='ocrx_word' id='word_1_3' title='bbox 1032 181 1276 217; x_wconf 68' lang='lat' dir='ltr'>HIERONYMI</span> <span class='ocrx_word' id='word_1_4' title='bbox 1302 181 1455 217; x_wconf 77' lang='lat' dir='ltr'>NADAL</span> 
     </span>
    </p>
   </div>
   <div class='ocr_carea' id='block_1_2' title="bbox 326 282 1972 1421">
    <p class='ocr_par' dir='ltr' id='par_1_2' title="bbox 328 282 1972 1022">
     <span class='ocr_line' id='line_1_2' title="bbox 334 282 1972 330; baseline 0.001 -3"><span class='ocrx_word' id='word_1_5' title='bbox 334 299 436 327; x_wconf 89' lang='lat' dir='ltr'>nam</span> <span class='ocrx_word' id='word_1_6' title='bbox 467 284 616 327; x_wconf 88' lang='lat' dir='ltr'>studia</span> <span class='ocrx_word' id='word_1_7' title='bbox 648 285 830 327; x_wconf 87' lang='lat' dir='ltr'>futurus</span> <span class='ocrx_word' id='word_1_8' title='bbox 868 291 1022 326; x_wconf 88' lang='lat' dir='ltr'>noster</span> <span class='ocrx_word' id='word_1_9' title='bbox 1059 282 1358 326; x_wconf 85' lang='lat' dir='ltr'>concionator</span> <span class='ocrx_word' id='word_1_10' title='bbox 1395 283 1559 327; x_wconf 91' lang='lat' dir='ltr'>debeat</span> <span class='ocrx_word' id='word_1_11' title='bbox 1597 283 1878 330; x_wconf 79' lang='lat' dir='ltr'><strong>incumbere.</strong></span> <span class='ocrx_word' id='word_1_12' title='bbox 1914 288 1972 329; x_wconf 86' lang='lat' dir='ltr'>Et</span> 
     </span>
     <span class='ocr_line' id='line_1_3' title="bbox 334 359 1970 418; baseline 0.002 -15"><span class='ocrx_word' id='word_1_13' title='bbox 334 361 527 418; x_wconf 88' lang='lat' dir='ltr'>primum</span> <span class='ocrx_word' id='word_1_14' title='bbox 553 361 732 416; x_wconf 87' lang='lat' dir='ltr'>quidem</span> <span class='ocrx_word' id='word_1_15' title='bbox 760 376 785 402; x_wconf 88' lang='lat' dir='ltr'>a</span> <span class='ocrx_word' id='word_1_16' title='bbox 816 359 1125 415; x_wconf 85' lang='lat' dir='ltr'>superioribus</span> <span class='ocrx_word' id='word_1_17' title='bbox 1156 360 1382 416; x_wconf 84' lang='lat' dir='ltr'>explorari</span> <span class='ocrx_word' id='word_1_18' title='bbox 1404 361 1555 404; x_wconf 90' lang='lat' dir='ltr'>debet:</span> <span class='ocrx_word' id='word_1_19' title='bbox 1582 361 1739 413; x_wconf 82' lang='lat' dir='ltr'>nostri,</span> <span class='ocrx_word' id='word_1_20' title='bbox 1773 362 1807 405; x_wconf 90' lang='lat' dir='ltr'>si</span> <span class='ocrx_word' id='word_1_21' title='bbox 1835 377 1970 418; x_wconf 87' lang='lat' dir='ltr'>quam</span> 
     </span>
     <span class='ocr_line' id='line_1_4' title="bbox 333 437 1963 494; baseline 0.001 -14"><span class='ocrx_word' id='word_1_22' title='bbox 333 439 591 482; x_wconf 83' lang='lat' dir='ltr'>naturalem</span> <span class='ocrx_word' id='word_1_23' title='bbox 633 439 893 481; x_wconf 79' lang='lat' dir='ltr'>facultatem</span> <span class='ocrx_word' id='word_1_24' title='bbox 929 437 1129 479; x_wconf 86' lang='lat' dir='ltr'>habeant</span> <span class='ocrx_word' id='word_1_25' title='bbox 1157 438 1213 479; x_wconf 86' lang='lat' dir='ltr'>ad</span> <span class='ocrx_word' id='word_1_26' title='bbox 1251 437 1495 480; x_wconf 84' lang='lat' dir='ltr'>conciones</span> <span class='ocrx_word' id='word_1_27' title='bbox 1532 445 1577 482; x_wconf 91' lang='lat' dir='ltr'>et</span> <span class='ocrx_word' id='word_1_28' title='bbox 1605 437 1963 494; x_wconf 81' lang='lat' dir='ltr'>inclinationem3</span> 
     </span>
     <span class='ocr_line' id='line_1_5' title="bbox 331 502 1970 571; baseline 0.001 -13"><span class='ocrx_word' id='word_1_29' title='bbox 331 516 454 571; x_wconf 91' lang='lat' dir='ltr'>quod</span> <span class='ocrx_word' id='word_1_30' title='bbox 477 515 613 558; x_wconf 89' lang='lat' dir='ltr'>etiam</span> <span class='ocrx_word' id='word_1_31' title='bbox 639 502 681 557; x_wconf 88' lang='lat' dir='ltr'>in</span> <span class='ocrx_word' id='word_1_32' title='bbox 707 513 932 556; x_wconf 88' lang='lat' dir='ltr'>nouitiatu</span> <span class='ocrx_word' id='word_1_33' title='bbox 958 513 1192 557; x_wconf 88' lang='lat' dir='ltr'>obseruari</span> <span class='ocrx_word' id='word_1_34' title='bbox 1216 514 1385 570; x_wconf 91' lang='lat' dir='ltr'>poterit</span> <span class='ocrx_word' id='word_1_35' title='bbox 1402 521 1448 557; x_wconf 92' lang='lat' dir='ltr'>et</span> <span class='ocrx_word' id='word_1_36' title='bbox 1465 514 1666 568; x_wconf 82' lang='lat' dir='ltr'>debebit3</span> <span class='ocrx_word' id='word_1_37' title='bbox 1687 516 1970 571; x_wconf 80' lang='lat' dir='ltr'>experientia</span> 
     </span>
     <span class='ocr_line' id='line_1_6' title="bbox 330 590 1969 647; baseline 0 -11"><span class='ocrx_word' id='word_1_38' title='bbox 330 592 449 637; x_wconf 91' lang='lat' dir='ltr'>enim</span> <span class='ocrx_word' id='word_1_39' title='bbox 474 607 557 635; x_wconf 89' lang='lat' dir='ltr'>nos</span> <span class='ocrx_word' id='word_1_40' title='bbox 589 593 721 635; x_wconf 88' lang='lat' dir='ltr'>docet</span> <span class='ocrx_word' id='word_1_41' title='bbox 757 590 934 645; x_wconf 84' lang='lat' dir='ltr'>aliquos</span> <span class='ocrx_word' id='word_1_42' title='bbox 962 605 1062 635; x_wconf 89' lang='lat' dir='ltr'>esse</span> <span class='ocrx_word' id='word_1_43' title='bbox 1091 590 1153 633; x_wconf 92' lang='lat' dir='ltr'>ita</span> <span class='ocrx_word' id='word_1_44' title='bbox 1189 590 1369 647; x_wconf 89' lang='lat' dir='ltr'>ineptos</span> <span class='ocrx_word' id='word_1_45' title='bbox 1397 598 1559 634; x_wconf 87' lang='lat' dir='ltr'>natura</span> <span class='ocrx_word' id='word_1_46' title='bbox 1596 593 1654 634; x_wconf 89' lang='lat' dir='ltr'>ad</span> <span class='ocrx_word' id='word_1_47' title='bbox 1691 592 1969 636; x_wconf 87' lang='lat' dir='ltr'>concionan-</span> 
     </span>
     <span class='ocr_line' id='line_1_7' title="bbox 330 667 1969 725; baseline 0.001 -13"><span class='ocrx_word' id='word_1_48' title='bbox 330 670 456 722; x_wconf 91' lang='lat' dir='ltr'>dum,</span> <span class='ocrx_word' id='word_1_49' title='bbox 483 677 532 711; x_wconf 91' lang='lat' dir='ltr'>vt</span> <span class='ocrx_word' id='word_1_50' title='bbox 556 670 679 711; x_wconf 88' lang='lat' dir='ltr'>nulla</span> <span class='ocrx_word' id='word_1_51' title='bbox 703 667 943 719; x_wconf 88' lang='lat' dir='ltr'>industria,</span> <span class='ocrx_word' id='word_1_52' title='bbox 970 668 1092 710; x_wconf 88' lang='lat' dir='ltr'>nulla</span> <span class='ocrx_word' id='word_1_53' title='bbox 1121 667 1386 712; x_wconf 87' lang='lat' dir='ltr'>exercitatio</span> <span class='ocrx_word' id='word_1_54' title='bbox 1414 667 1515 711; x_wconf 90' lang='lat' dir='ltr'>illos</span> <span class='ocrx_word' id='word_1_55' title='bbox 1552 668 1711 713; x_wconf 90' lang='lat' dir='ltr'>iuuare</span> <span class='ocrx_word' id='word_1_56' title='bbox 1739 684 1871 725; x_wconf 86' lang='lat' dir='ltr'>posse</span> <span class='ocrx_word' id='word_1_57' title='bbox 1901 671 1969 713; x_wconf 90' lang='lat' dir='ltr'>vi-</span> 
     </span>
     <span class='ocr_line' id='line_1_8' title="bbox 331 744 1970 803; baseline 0.001 -14"><span class='ocrx_word' id='word_1_58' title='bbox 331 747 508 790; x_wconf 91' lang='lat' dir='ltr'>deatur:</span> <span class='ocrx_word' id='word_1_59' title='bbox 537 746 649 789; x_wconf 91' lang='lat' dir='ltr'>alios</span> <span class='ocrx_word' id='word_1_60' title='bbox 671 753 829 788; x_wconf 89' lang='lat' dir='ltr'>contra</span> <span class='ocrx_word' id='word_1_61' title='bbox 853 744 915 788; x_wconf 91' lang='lat' dir='ltr'>ita</span> <span class='ocrx_word' id='word_1_62' title='bbox 948 752 1092 801; x_wconf 89' lang='lat' dir='ltr'>aptos,</span> <span class='ocrx_word' id='word_1_63' title='bbox 1118 753 1167 787; x_wconf 90' lang='lat' dir='ltr'>vt</span> <span class='ocrx_word' id='word_1_64' title='bbox 1189 758 1333 801; x_wconf 91' lang='lat' dir='ltr'>paruo</span> <span class='ocrx_word' id='word_1_65' title='bbox 1363 745 1552 802; x_wconf 88' lang='lat' dir='ltr'>negotio</span> <span class='ocrx_word' id='word_1_66' title='bbox 1581 760 1773 803; x_wconf 83' lang='lat' dir='ltr'>magnos</span> <span class='ocrx_word' id='word_1_67' title='bbox 1801 747 1970 791; x_wconf 81' lang='lat' dir='ltr'>faciant</span> 
     </span>
     <span class='ocr_line' id='line_1_9' title="bbox 329 822 1969 878; baseline 0.001 -13"><span class='ocrx_word' id='word_1_68' title='bbox 329 824 375 866; x_wconf 93' lang='lat' dir='ltr'>in</span> <span class='ocrx_word' id='word_1_69' title='bbox 406 839 458 868; x_wconf 90' lang='lat' dir='ltr'>ea</span> <span class='ocrx_word' id='word_1_70' title='bbox 483 824 699 866; x_wconf 80' lang='lat' dir='ltr'>facultate</span> <span class='ocrx_word' id='word_1_71' title='bbox 723 836 1012 878; x_wconf 87' lang='lat' dir='ltr'>progressus:</span> <span class='ocrx_word' id='word_1_72' title='bbox 1047 822 1120 866; x_wconf 89' lang='lat' dir='ltr'>alii</span> <span class='ocrx_word' id='word_1_73' title='bbox 1144 829 1251 865; x_wconf 91' lang='lat' dir='ltr'>sunt</span> <span class='ocrx_word' id='word_1_74' title='bbox 1268 822 1385 866; x_wconf 90' lang='lat' dir='ltr'>inter</span> <span class='ocrx_word' id='word_1_75' title='bbox 1408 824 1492 866; x_wconf 90' lang='lat' dir='ltr'>hos</span> <span class='ocrx_word' id='word_1_76' title='bbox 1515 823 1667 875; x_wconf 90' lang='lat' dir='ltr'>medii,</span> <span class='ocrx_word' id='word_1_77' title='bbox 1694 823 1770 878; x_wconf 91' lang='lat' dir='ltr'>qui</span> <span class='ocrx_word' id='word_1_78' title='bbox 1794 825 1969 868; x_wconf 87' lang='lat' dir='ltr'>etiamsi</span> 
     </span>
     <span class='ocr_line' id='line_1_10' title="bbox 328 900 1968 956; baseline 0.001 -13"><span class='ocrx_word' id='word_1_79' title='bbox 328 915 431 943; x_wconf 91' lang='lat' dir='ltr'>cum</span> <span class='ocrx_word' id='word_1_80' title='bbox 455 901 722 951; x_wconf 86' lang='lat' dir='ltr'>dificultate,</span> <span class='ocrx_word' id='word_1_81' title='bbox 751 907 901 944; x_wconf 91' lang='lat' dir='ltr'>tamen</span> <span class='ocrx_word' id='word_1_82' title='bbox 925 900 1077 955; x_wconf 89' lang='lat' dir='ltr'>aliquo</span> <span class='ocrx_word' id='word_1_83' title='bbox 1097 900 1198 943; x_wconf 92' lang='lat' dir='ltr'>loco</span> <span class='ocrx_word' id='word_1_84' title='bbox 1222 907 1414 956; x_wconf 84' lang='lat' dir='ltr'>possunt</span> <span class='ocrx_word' id='word_1_85' title='bbox 1436 900 1543 956; x_wconf 90' lang='lat' dir='ltr'>poni</span> <span class='ocrx_word' id='word_1_86' title='bbox 1573 900 1690 944; x_wconf 90' lang='lat' dir='ltr'>inter</span> <span class='ocrx_word' id='word_1_87' title='bbox 1718 902 1968 945; x_wconf 92' lang='lat' dir='ltr'>conciona-</span> 
     </span>
     <span class='ocr_line' id='line_1_11' title="bbox 329 986 463 1022; baseline -0.007 -2"><span class='ocrx_word' id='word_1_88' title='bbox 329 986 463 1022; x_wconf 89' lang='lat' dir='ltr'>tores.</span> 
     </span>
    </p>

    <p class='ocr_par' dir='ltr' id='par_1_3' title="bbox 326 1054 1968 1421">
     <span class='ocr_line' id='line_1_12' title="bbox 416 1054 1963 1110; baseline 0.001 -12"><span class='ocrx_word' id='word_1_89' title='bbox 416 1057 463 1098; x_wconf 91' lang='lat' dir='ltr'>In</span> <span class='ocrx_word' id='word_1_90' title='bbox 503 1054 658 1110; x_wconf 87' lang='lat' dir='ltr'>primis</span> <span class='ocrx_word' id='word_1_91' title='bbox 696 1069 832 1110; x_wconf 88' lang='lat' dir='ltr'>opera</span> <span class='ocrx_word' id='word_1_92' title='bbox 872 1069 962 1096; x_wconf 92' lang='lat' dir='ltr'>non</span> <span class='ocrx_word' id='word_1_93' title='bbox 1001 1062 1070 1098; x_wconf 88' lang='lat' dir='ltr'>est</span> <span class='ocrx_word' id='word_1_94' title='bbox 1107 1055 1307 1098; x_wconf 90' lang='lat' dir='ltr'>ludenda</span> <span class='ocrx_word' id='word_1_95' title='bbox 1338 1055 1422 1098; x_wconf 91' lang='lat' dir='ltr'>nisi</span> <span class='ocrx_word' id='word_1_96' title='bbox 1457 1056 1512 1098; x_wconf 90' lang='lat' dir='ltr'>ad</span> <span class='ocrx_word' id='word_1_97' title='bbox 1552 1055 1963 1110; x_wconf 88' lang='lat' dir='ltr'>mortificationem;</span> 
     </span>
     <span class='ocr_line' id='line_1_13' title="bbox 327 1131 1968 1188; baseline 0.001 -12"><span class='ocrx_word' id='word_1_98' title='bbox 327 1140 462 1188; x_wconf 87' lang='lat' dir='ltr'>atque</span> <span class='ocrx_word' id='word_1_99' title='bbox 485 1132 618 1175; x_wconf 85' lang='lat' dir='ltr'>etiarn</span> <span class='ocrx_word' id='word_1_100' title='bbox 653 1131 727 1181; x_wconf 84' lang='lat' dir='ltr'>vbi</span> <span class='ocrx_word' id='word_1_101' title='bbox 757 1146 846 1174; x_wconf 93' lang='lat' dir='ltr'>non</span> <span class='ocrx_word' id='word_1_102' title='bbox 887 1139 955 1174; x_wconf 92' lang='lat' dir='ltr'>sat</span> <span class='ocrx_word' id='word_1_103' title='bbox 994 1139 1173 1175; x_wconf 89' lang='lat' dir='ltr'>constet</span> <span class='ocrx_word' id='word_1_104' title='bbox 1210 1132 1268 1176; x_wconf 91' lang='lat' dir='ltr'>de</span> <span class='ocrx_word' id='word_1_105' title='bbox 1305 1131 1623 1188; x_wconf 85' lang='lat' dir='ltr'>ineptitudine.</span> <span class='ocrx_word' id='word_1_106' title='bbox 1660 1134 1707 1175; x_wconf 93' lang='lat' dir='ltr'>In</span> <span class='ocrx_word' id='word_1_107' title='bbox 1740 1135 1968 1177; x_wconf 92' lang='lat' dir='ltr'>secundos</span> 
     </span>
     <span class='ocr_line' id='line_1_14' title="bbox 326 1207 1968 1254; baseline 0.001 -2"><span class='ocrx_word' id='word_1_108' title='bbox 326 1217 433 1252; x_wconf 89' lang='lat' dir='ltr'>sunt</span> <span class='ocrx_word' id='word_1_109' title='bbox 456 1210 542 1252; x_wconf 91' lang='lat' dir='ltr'>iam</span> <span class='ocrx_word' id='word_1_110' title='bbox 567 1209 672 1253; x_wconf 87' lang='lat' dir='ltr'>inde</span> <span class='ocrx_word' id='word_1_111' title='bbox 695 1224 720 1252; x_wconf 94' lang='lat' dir='ltr'>a</span> <span class='ocrx_word' id='word_1_112' title='bbox 743 1207 969 1252; x_wconf 89' lang='lat' dir='ltr'>nouitiatu</span> <span class='ocrx_word' id='word_1_113' title='bbox 994 1209 1115 1251; x_wconf 87' lang='lat' dir='ltr'>oculi</span> <span class='ocrx_word' id='word_1_114' title='bbox 1138 1208 1408 1252; x_wconf 87' lang='lat' dir='ltr'>coniiciendi</span> <span class='ocrx_word' id='word_1_115' title='bbox 1433 1216 1478 1253; x_wconf 89' lang='lat' dir='ltr'>et</span> <span class='ocrx_word' id='word_1_116' title='bbox 1501 1218 1719 1252; x_wconf 88' lang='lat' dir='ltr'>accurata</span> <span class='ocrx_word' id='word_1_117' title='bbox 1742 1210 1968 1254; x_wconf 89' lang='lat' dir='ltr'>institutio</span> 
     </span>
     <span class='ocr_line' id='line_1_15' title="bbox 327 1286 1967 1342; baseline 0.001 -13"><span class='ocrx_word' id='word_1_118' title='bbox 327 1287 597 1330; x_wconf 86' lang='lat' dir='ltr'>adhibenda.</span> <span class='ocrx_word' id='word_1_119' title='bbox 626 1286 792 1331; x_wconf 76' lang='lat' dir='ltr'>Tertiis</span> <span class='ocrx_word' id='word_1_120' title='bbox 815 1286 922 1330; x_wconf 91' lang='lat' dir='ltr'>item</span> <span class='ocrx_word' id='word_1_121' title='bbox 946 1286 1183 1342; x_wconf 82' lang='lat' dir='ltr'>diligentia</span> <span class='ocrx_word' id='word_1_122' title='bbox 1207 1294 1276 1330; x_wconf 91' lang='lat' dir='ltr'>est</span> <span class='ocrx_word' id='word_1_123' title='bbox 1299 1287 1604 1340; x_wconf 86' lang='lat' dir='ltr'>admouenda,</span> <span class='ocrx_word' id='word_1_124' title='bbox 1631 1295 1679 1330; x_wconf 92' lang='lat' dir='ltr'>vt</span> <span class='ocrx_word' id='word_1_125' title='bbox 1703 1302 1859 1330; x_wconf 85' lang='lat' dir='ltr'>eorum</span> <span class='ocrx_word' id='word_1_126' title='bbox 1886 1303 1967 1330; x_wconf 90' lang='lat' dir='ltr'>na-</span> 
     </span>
     <span class='ocr_line' id='line_1_16' title="bbox 331 1363 1964 1421; baseline 0.002 -16"><span class='ocrx_word' id='word_1_127' title='bbox 331 1363 488 1406; x_wconf 91' lang='lat' dir='ltr'>turalis</span> <span class='ocrx_word' id='word_1_128' title='bbox 521 1364 747 1406; x_wconf 88' lang='lat' dir='ltr'>dificultas</span> <span class='ocrx_word' id='word_1_129' title='bbox 779 1365 851 1408; x_wconf 85' lang='lat' dir='ltr'>vel</span> <span class='ocrx_word' id='word_1_130' title='bbox 883 1363 1145 1406; x_wconf 87' lang='lat' dir='ltr'>inhabilitas</span> <span class='ocrx_word' id='word_1_131' title='bbox 1177 1363 1398 1419; x_wconf 89' lang='lat' dir='ltr'>deposcit,</span> <span class='ocrx_word' id='word_1_132' title='bbox 1423 1365 1583 1408; x_wconf 90' lang='lat' dir='ltr'>saltem</span> <span class='ocrx_word' id='word_1_133' title='bbox 1619 1365 1855 1421; x_wconf 74' lang='lat' dir='ltr'>tantisper,</span> <span class='ocrx_word' id='word_1_134' title='bbox 1885 1368 1964 1408; x_wconf 87' lang='lat' dir='ltr'>do-</span> 
     </span>
    </p>
   </div>
   <div class='ocr_carea' id='block_1_3' title="bbox 327 1441 1306 1497">
    <p class='ocr_par' dir='ltr' id='par_1_4' title="bbox 327 1441 1306 1497">
     <span class='ocr_line' id='line_1_17' title="bbox 327 1441 1306 1497; baseline 0 -14"><span class='ocrx_word' id='word_1_135' title='bbox 327 1455 413 1484; x_wconf 91' lang='lat' dir='ltr'>nec</span> <span class='ocrx_word' id='word_1_136' title='bbox 437 1456 540 1496; x_wconf 88' lang='lat' dir='ltr'>spes</span> <span class='ocrx_word' id='word_1_137' title='bbox 564 1441 713 1497; x_wconf 87' lang='lat' dir='ltr'>aliqua</span> <span class='ocrx_word' id='word_1_138' title='bbox 737 1442 968 1497; x_wconf 89' lang='lat' dir='ltr'>profectus</span> <span class='ocrx_word' id='word_1_139' title='bbox 987 1441 1253 1484; x_wconf 86' lang='lat' dir='ltr'>ostendetur</span> <span class='ocrx_word' id='word_1_140' title='bbox 1281 1442 1306 1483; x_wconf 89' lang='lat'>¹.</span> 
     </span>
    </p>
   </div>
   <div class='ocr_carea' id='block_1_4' title="bbox 322 1517 1967 2882">
    <p class='ocr_par' dir='ltr' id='par_1_5' title="bbox 322 1517 1967 2806">
     <span class='ocr_line' id='line_1_18' title="bbox 419 1517 1967 1574; baseline 0.001 -13"><span class='ocrx_word' id='word_1_141' title='bbox 419 1520 588 1574; x_wconf 86' lang='lat' dir='ltr'>Magna</span> <span class='ocrx_word' id='word_1_142' title='bbox 611 1526 762 1561; x_wconf 89' lang='lat' dir='ltr'>autern</span> <span class='ocrx_word' id='word_1_143' title='bbox 787 1531 897 1561; x_wconf 91' lang='lat' dir='ltr'>cura</span> <span class='ocrx_word' id='word_1_144' title='bbox 920 1532 1093 1570; x_wconf 92' lang='lat' dir='ltr'>eorum,</span> <span class='ocrx_word' id='word_1_145' title='bbox 1120 1517 1196 1572; x_wconf 89' lang='lat' dir='ltr'>qui</span> <span class='ocrx_word' id='word_1_146' title='bbox 1220 1518 1276 1560; x_wconf 87' lang='lat' dir='ltr'>ad</span> <span class='ocrx_word' id='word_1_147' title='bbox 1299 1518 1542 1561; x_wconf 82' lang='lat' dir='ltr'>conciones</span> <span class='ocrx_word' id='word_1_148' title='bbox 1564 1519 1865 1570; x_wconf 69' lang='lat' dir='ltr'>destinantur,</span> <span class='ocrx_word' id='word_1_149' title='bbox 1893 1520 1967 1563; x_wconf 89' lang='lat' dir='ltr'>illa</span> 
     </span>
     <span class='ocr_line' id='line_1_19' title="bbox 326 1594 1966 1652; baseline 0.001 -14"><span class='ocrx_word' id='word_1_150' title='bbox 326 1609 426 1638; x_wconf 89' lang='lat' dir='ltr'>esse</span> <span class='ocrx_word' id='word_1_151' title='bbox 444 1595 596 1646; x_wconf 87' lang='lat' dir='ltr'>debet,</span> <span class='ocrx_word' id='word_1_152' title='bbox 623 1602 674 1637; x_wconf 90' lang='lat' dir='ltr'>vt</span> <span class='ocrx_word' id='word_1_153' title='bbox 691 1594 1038 1651; x_wconf 85' lang='lat' dir='ltr'>diligentissime</span> <span class='ocrx_word' id='word_1_154' title='bbox 1060 1594 1105 1636; x_wconf 92' lang='lat' dir='ltr'>in</span> <span class='ocrx_word' id='word_1_155' title='bbox 1125 1594 1353 1638; x_wconf 88' lang='lat' dir='ltr'>nouitiatu</span> <span class='ocrx_word' id='word_1_156' title='bbox 1370 1602 1683 1647; x_wconf 86' lang='lat' dir='ltr'>exerceantur,</span> <span class='ocrx_word' id='word_1_157' title='bbox 1706 1595 1896 1652; x_wconf 81' lang='lat' dir='ltr'>primum</span> <span class='ocrx_word' id='word_1_158' title='bbox 1918 1606 1966 1640; x_wconf 90' lang='lat' dir='ltr'>vt</span> 
     </span>
     <span class='ocr_line' id='line_1_20' title="bbox 325 1670 1967 1727; baseline 0.003 -15"><span class='ocrx_word' id='word_1_159' title='bbox 325 1671 531 1714; x_wconf 87' lang='lat' dir='ltr'>funditus</span> <span class='ocrx_word' id='word_1_160' title='bbox 549 1671 779 1727; x_wconf 84' lang='lat' dir='ltr'>extirpent</span> <span class='ocrx_word' id='word_1_161' title='bbox 801 1679 1002 1715; x_wconf 85' lang='lat' dir='ltr'>veterem</span> <span class='ocrx_word' id='word_1_162' title='bbox 1027 1670 1272 1724; x_wconf 89' lang='lat' dir='ltr'>hominem,</span> <span class='ocrx_word' id='word_1_163' title='bbox 1293 1680 1337 1714; x_wconf 91' lang='lat' dir='ltr'>et</span> <span class='ocrx_word' id='word_1_164' title='bbox 1361 1679 1586 1715; x_wconf 89' lang='lat' dir='ltr'>amatores</span> <span class='ocrx_word' id='word_1_165' title='bbox 1605 1674 1803 1716; x_wconf 88' lang='lat' dir='ltr'>euadant</span> <span class='ocrx_word' id='word_1_166' title='bbox 1820 1674 1967 1718; x_wconf 84' lang='lat' dir='ltr'>omnis</span> 
     </span>
     <span class='ocr_line' id='line_1_21' title="bbox 325 1747 1966 1805; baseline 0.002 -15"><span class='ocrx_word' id='word_1_167' title='bbox 325 1747 703 1801; x_wconf 89' lang='lat' dir='ltr'>mortificationis,</span> <span class='ocrx_word' id='word_1_168' title='bbox 729 1756 778 1791; x_wconf 89' lang='lat' dir='ltr'>vt</span> <span class='ocrx_word' id='word_1_169' title='bbox 801 1748 846 1791; x_wconf 91' lang='lat' dir='ltr'>in</span> <span class='ocrx_word' id='word_1_170' title='bbox 869 1748 1126 1793; x_wconf 86' lang='lat' dir='ltr'>obedientia</span> <span class='ocrx_word' id='word_1_171' title='bbox 1155 1748 1246 1791; x_wconf 91' lang='lat' dir='ltr'>sint</span> <span class='ocrx_word' id='word_1_172' title='bbox 1274 1748 1493 1805; x_wconf 86' lang='lat' dir='ltr'>insignes,</span> <span class='ocrx_word' id='word_1_173' title='bbox 1520 1749 1564 1791; x_wconf 92' lang='lat' dir='ltr'>in</span> <span class='ocrx_word' id='word_1_174' title='bbox 1599 1749 1815 1793; x_wconf 87' lang='lat' dir='ltr'>orationis</span> <span class='ocrx_word' id='word_1_175' title='bbox 1843 1751 1966 1794; x_wconf 90' lang='lat' dir='ltr'>omni</span> 
     </span>
     <span class='ocr_line' id='line_1_22' title="bbox 325 1825 1965 1882; baseline 0.001 -14"><span class='ocrx_word' id='word_1_176' title='bbox 325 1840 495 1881; x_wconf 89' lang='lat' dir='ltr'>genere</span> <span class='ocrx_word' id='word_1_177' title='bbox 518 1827 813 1877; x_wconf 85' lang='lat' dir='ltr'>excellentes,</span> <span class='ocrx_word' id='word_1_178' title='bbox 839 1840 1015 1869; x_wconf 90' lang='lat' dir='ltr'>summa</span> <span class='ocrx_word' id='word_1_179' title='bbox 1038 1827 1235 1870; x_wconf 90' lang='lat' dir='ltr'>euadant</span> <span class='ocrx_word' id='word_1_180' title='bbox 1257 1825 1547 1882; x_wconf 89' lang='lat' dir='ltr'>simplicitate</span> <span class='ocrx_word' id='word_1_181' title='bbox 1577 1827 1726 1870; x_wconf 91' lang='lat' dir='ltr'>cordis</span> <span class='ocrx_word' id='word_1_182' title='bbox 1747 1835 1793 1870; x_wconf 91' lang='lat' dir='ltr'>et</span> <span class='ocrx_word' id='word_1_183' title='bbox 1815 1827 1965 1870; x_wconf 91' lang='lat' dir='ltr'>humi—</span> 
     </span>
     <span class='ocr_line' id='line_1_23' title="bbox 324 1903 1960 1959; baseline 0.002 -15"><span class='ocrx_word' id='word_1_184' title='bbox 324 1903 466 1948; x_wconf 89' lang='lat' dir='ltr'>litate.</span> <span class='ocrx_word' id='word_1_185' title='bbox 494 1903 717 1946; x_wconf 86' lang='lat' dir='ltr'>Breuiter:</span> <span class='ocrx_word' id='word_1_186' title='bbox 745 1903 956 1946; x_wconf 89' lang='lat' dir='ltr'>omnibus</span> <span class='ocrx_word' id='word_1_187' title='bbox 978 1903 1225 1947; x_wconf 90' lang='lat' dir='ltr'>virtutibus</span> <span class='ocrx_word' id='word_1_188' title='bbox 1249 1903 1472 1959; x_wconf 83' lang='lat' dir='ltr'>religiosis</span> <span class='ocrx_word' id='word_1_189' title='bbox 1488 1911 1537 1946; x_wconf 92' lang='lat' dir='ltr'>vt</span> <span class='ocrx_word' id='word_1_190' title='bbox 1559 1903 1648 1946; x_wconf 92' lang='lat' dir='ltr'>sint</span> <span class='ocrx_word' id='word_1_191' title='bbox 1672 1904 1960 1948; x_wconf 86' lang='lat' dir='ltr'>ornatissimi.</span> 
     </span>
     <span class='ocr_line' id='line_1_24' title="bbox 325 1980 1962 2036; baseline 0.001 -14"><span class='ocrx_word' id='word_1_192' title='bbox 325 1981 381 2022; x_wconf 90' lang='lat' dir='ltr'>Et</span> <span class='ocrx_word' id='word_1_193' title='bbox 411 1980 522 2022; x_wconf 90' lang='lat' dir='ltr'>illud</span> <span class='ocrx_word' id='word_1_194' title='bbox 553 1982 767 2023; x_wconf 86' lang='lat' dir='ltr'>studeant</span> <span class='ocrx_word' id='word_1_195' title='bbox 796 1980 1052 2036; x_wconf 87' lang='lat' dir='ltr'>superiores</span> <span class='ocrx_word' id='word_1_196' title='bbox 1080 1981 1125 2023; x_wconf 92' lang='lat' dir='ltr'>in</span> <span class='ocrx_word' id='word_1_197' title='bbox 1155 1980 1311 2036; x_wconf 89' lang='lat' dir='ltr'>primis</span> <span class='ocrx_word' id='word_1_198' title='bbox 1339 1981 1438 2024; x_wconf 90' lang='lat' dir='ltr'>illos</span> <span class='ocrx_word' id='word_1_199' title='bbox 1466 1982 1645 2034; x_wconf 86' lang='lat' dir='ltr'>docere,</span> <span class='ocrx_word' id='word_1_200' title='bbox 1671 1983 1962 2036; x_wconf 88' lang='lat' dir='ltr'>quemadmo-</span> 
     </span>
     <span class='ocr_line' id='line_1_25' title="bbox 323 2057 1964 2114; baseline 0.002 -15"><span class='ocrx_word' id='word_1_201' title='bbox 323 2058 431 2099; x_wconf 89' lang='lat' dir='ltr'>dum</span> <span class='ocrx_word' id='word_1_202' title='bbox 450 2057 691 2100; x_wconf 85' lang='lat' dir='ltr'>Societatis</span> <span class='ocrx_word' id='word_1_203' title='bbox 715 2057 972 2100; x_wconf 91' lang='lat' dir='ltr'>institutum</span> <span class='ocrx_word' id='word_1_204' title='bbox 999 2065 1300 2113; x_wconf 82' lang='lat' dir='ltr'>cognoscant,</span> <span class='ocrx_word' id='word_1_205' title='bbox 1326 2065 1371 2100; x_wconf 90' lang='lat' dir='ltr'>et</span> <span class='ocrx_word' id='word_1_206' title='bbox 1393 2059 1529 2101; x_wconf 85' lang='lat' dir='ltr'>finem</span> <span class='ocrx_word' id='word_1_207' title='bbox 1552 2065 1758 2101; x_wconf 90' lang='lat' dir='ltr'>nostrum</span> <span class='ocrx_word' id='word_1_208' title='bbox 1783 2059 1964 2114; x_wconf 89' lang='lat' dir='ltr'>penitus</span> 
     </span>
     <span class='ocr_line' id='line_1_26' title="bbox 323 2134 1960 2191; baseline 0.002 -16"><span class='ocrx_word' id='word_1_209' title='bbox 323 2135 522 2176; x_wconf 88' lang='lat' dir='ltr'>habeant</span> <span class='ocrx_word' id='word_1_210' title='bbox 561 2134 687 2176; x_wconf 89' lang='lat' dir='ltr'>cordi</span> <span class='ocrx_word' id='word_1_211' title='bbox 726 2134 1010 2190; x_wconf 90' lang='lat' dir='ltr'>impressum.</span> <span class='ocrx_word' id='word_1_212' title='bbox 1053 2135 1182 2177; x_wconf 89' lang='lat' dir='ltr'>Haec</span> <span class='ocrx_word' id='word_1_213' title='bbox 1213 2134 1331 2179; x_wconf 90' lang='lat' dir='ltr'>enim</span> <span class='ocrx_word' id='word_1_214' title='bbox 1347 2168 1356 2186; x_wconf 95' lang='lat'>,</span> <span class='ocrx_word' id='word_1_215' title='bbox 1389 2149 1505 2190; x_wconf 88' lang='lat' dir='ltr'>quae</span> <span class='ocrx_word' id='word_1_216' title='bbox 1543 2149 1664 2178; x_wconf 90' lang='lat' dir='ltr'>nunc</span> <span class='ocrx_word' id='word_1_217' title='bbox 1703 2136 1960 2191; x_wconf 83' lang='lat' dir='ltr'>perstrinxi,</span> 
     </span>
     <span class='ocr_line' id='line_1_27' title="bbox 323 2210 1962 2267; baseline 0.001 -15"><span class='ocrx_word' id='word_1_218' title='bbox 323 2210 536 2254; x_wconf 91' lang='lat' dir='ltr'>omnibus</span> <span class='ocrx_word' id='word_1_219' title='bbox 558 2210 738 2266; x_wconf 88' lang='lat' dir='ltr'>quidem</span> <span class='ocrx_word' id='word_1_220' title='bbox 771 2211 954 2254; x_wconf 89' lang='lat' dir='ltr'>nouitiis</span> <span class='ocrx_word' id='word_1_221' title='bbox 982 2219 1090 2255; x_wconf 88' lang='lat' dir='ltr'>sunt</span> <span class='ocrx_word' id='word_1_222' title='bbox 1113 2212 1399 2267; x_wconf 88' lang='lat' dir='ltr'>procuranda</span> <span class='ocrx_word' id='word_1_223' title='bbox 1427 2211 1685 2267; x_wconf 82' lang='lat' dir='ltr'>diligenter3</span> <span class='ocrx_word' id='word_1_224' title='bbox 1712 2213 1791 2256; x_wconf 91' lang='lat' dir='ltr'>sed</span> <span class='ocrx_word' id='word_1_225' title='bbox 1821 2212 1962 2256; x_wconf 86' lang='lat' dir='ltr'>desti-</span> 
     </span>
     <span class='ocr_line' id='line_1_28' title="bbox 324 2287 1961 2340; baseline 0.001 -10"><span class='ocrx_word' id='word_1_226' title='bbox 324 2287 443 2330; x_wconf 88' lang='lat' dir='ltr'>natis</span> <span class='ocrx_word' id='word_1_227' title='bbox 466 2288 522 2330; x_wconf 90' lang='lat' dir='ltr'>ad</span> <span class='ocrx_word' id='word_1_228' title='bbox 547 2287 791 2331; x_wconf 89' lang='lat' dir='ltr'>conciones</span> <span class='ocrx_word' id='word_1_229' title='bbox 809 2296 858 2330; x_wconf 86' lang='lat' dir='ltr'>vt</span> <span class='ocrx_word' id='word_1_230' title='bbox 881 2288 1039 2331; x_wconf 89' lang='lat' dir='ltr'>maiori</span> <span class='ocrx_word' id='word_1_231' title='bbox 1062 2288 1302 2332; x_wconf 88' lang='lat' dir='ltr'>sedulitate</span> <span class='ocrx_word' id='word_1_232' title='bbox 1321 2295 1365 2332; x_wconf 91' lang='lat' dir='ltr'>et</span> <span class='ocrx_word' id='word_1_233' title='bbox 1387 2288 1539 2331; x_wconf 86' lang='lat' dir='ltr'>studio</span> <span class='ocrx_word' id='word_1_234' title='bbox 1555 2288 1871 2340; x_wconf 85' lang='lat' dir='ltr'>adhibeantur,</span> <span class='ocrx_word' id='word_1_235' title='bbox 1895 2290 1961 2331; x_wconf 86' lang='lat' dir='ltr'>fa-</span> 
     </span>
     <span class='ocr_line' id='line_1_29' title="bbox 323 2364 1962 2421; baseline 0.002 -15"><span class='ocrx_word' id='word_1_236' title='bbox 323 2364 387 2407; x_wconf 91' lang='lat' dir='ltr'>cit</span> <span class='ocrx_word' id='word_1_237' title='bbox 410 2364 551 2407; x_wconf 90' lang='lat' dir='ltr'>maior</span> <span class='ocrx_word' id='word_1_238' title='bbox 575 2365 767 2415; x_wconf 87' lang='lat' dir='ltr'>fructus,</span> <span class='ocrx_word' id='word_1_239' title='bbox 795 2365 870 2419; x_wconf 86' lang='lat' dir='ltr'>qui</span> <span class='ocrx_word' id='word_1_240' title='bbox 895 2366 950 2407; x_wconf 89' lang='lat' dir='ltr'>ab</span> <span class='ocrx_word' id='word_1_241' title='bbox 975 2365 1046 2408; x_wconf 89' lang='lat' dir='ltr'>his</span> <span class='ocrx_word' id='word_1_242' title='bbox 1068 2372 1292 2421; x_wconf 87' lang='lat' dir='ltr'>speratur,</span> <span class='ocrx_word' id='word_1_243' title='bbox 1313 2372 1358 2408; x_wconf 92' lang='lat' dir='ltr'>et</span> <span class='ocrx_word' id='word_1_244' title='bbox 1376 2365 1522 2408; x_wconf 90' lang='lat' dir='ltr'>maius</span> <span class='ocrx_word' id='word_1_245' title='bbox 1539 2372 1696 2408; x_wconf 90' lang='lat' dir='ltr'>contra</span> <span class='ocrx_word' id='word_1_246' title='bbox 1719 2365 1962 2409; x_wconf 81' lang='lat' dir='ltr'>detrimen·</span> 
     </span>
     <span class='ocr_line' id='line_1_30' title="bbox 323 2441 1960 2498; baseline 0.001 -15"><span class='ocrx_word' id='word_1_247' title='bbox 323 2448 435 2493; x_wconf 91' lang='lat' dir='ltr'>tum,</span> <span class='ocrx_word' id='word_1_248' title='bbox 463 2443 584 2496; x_wconf 88' lang='lat' dir='ltr'>quod</span> <span class='ocrx_word' id='word_1_249' title='bbox 608 2443 664 2483; x_wconf 90' lang='lat' dir='ltr'>ab</span> <span class='ocrx_word' id='word_1_250' title='bbox 687 2441 775 2483; x_wconf 89' lang='lat' dir='ltr'>illis</span> <span class='ocrx_word' id='word_1_251' title='bbox 794 2442 1002 2486; x_wconf 88' lang='lat' dir='ltr'>accidere</span> <span class='ocrx_word' id='word_1_252' title='bbox 1025 2450 1190 2498; x_wconf 89' lang='lat' dir='ltr'>potest,</span> <span class='ocrx_word' id='word_1_253' title='bbox 1217 2442 1253 2484; x_wconf 90' lang='lat' dir='ltr'>si</span> <span class='ocrx_word' id='word_1_254' title='bbox 1285 2442 1471 2498; x_wconf 87' lang='lat' dir='ltr'>perfecti</span> <span class='ocrx_word' id='word_1_255' title='bbox 1501 2457 1595 2485; x_wconf 91' lang='lat' dir='ltr'>non</span> <span class='ocrx_word' id='word_1_256' title='bbox 1624 2443 1826 2486; x_wconf 88' lang='lat' dir='ltr'>euadunt</span> <span class='ocrx_word' id='word_1_257' title='bbox 1856 2443 1960 2486; x_wconf 88' lang='lat' dir='ltr'>reli-</span> 
     </span>
     <span class='ocr_line' id='line_1_31' title="bbox 322 2518 1960 2575; baseline 0.002 -16"><span class='ocrx_word' id='word_1_258' title='bbox 322 2518 454 2574; x_wconf 88' lang='lat' dir='ltr'>giosi,</span> <span class='ocrx_word' id='word_1_259' title='bbox 484 2519 865 2573; x_wconf 86' lang='lat' dir='ltr'>quemadmodum</span> <span class='ocrx_word' id='word_1_260' title='bbox 890 2519 967 2573; x_wconf 87' lang='lat' dir='ltr'>qui</span> <span class='ocrx_word' id='word_1_261' title='bbox 990 2518 1229 2563; x_wconf 85' lang='lat' dir='ltr'>excellenti</span> <span class='ocrx_word' id='word_1_262' title='bbox 1253 2526 1361 2562; x_wconf 91' lang='lat' dir='ltr'>sunt</span> <span class='ocrx_word' id='word_1_263' title='bbox 1383 2518 1569 2575; x_wconf 86' lang='lat' dir='ltr'>ingenio</span> <span class='ocrx_word' id='word_1_264' title='bbox 1592 2520 1663 2563; x_wconf 90' lang='lat' dir='ltr'>vel</span> <span class='ocrx_word' id='word_1_265' title='bbox 1687 2519 1853 2575; x_wconf 87' lang='lat' dir='ltr'>insigni</span> <span class='ocrx_word' id='word_1_266' title='bbox 1880 2519 1960 2562; x_wconf 87' lang='lat' dir='ltr'>ali-</span> 
     </span>
     <span class='ocr_line' id='line_1_32' title="bbox 323 2595 1960 2651; baseline 0.001 -13"><span class='ocrx_word' id='word_1_267' title='bbox 323 2610 411 2650; x_wconf 90' lang='lat' dir='ltr'>qua</span> <span class='ocrx_word' id='word_1_268' title='bbox 434 2595 670 2639; x_wconf 85' lang='lat' dir='ltr'>habilitate</span> <span class='ocrx_word' id='word_1_269' title='bbox 693 2595 901 2651; x_wconf 86' lang='lat' dir='ltr'>praediti,</span> <span class='ocrx_word' id='word_1_270' title='bbox 923 2611 1090 2651; x_wconf 82' lang='lat' dir='ltr'>magna</span> <span class='ocrx_word' id='word_1_271' title='bbox 1109 2610 1218 2639; x_wconf 87' lang='lat' dir='ltr'>cura</span> <span class='ocrx_word' id='word_1_272' title='bbox 1238 2603 1344 2639; x_wconf 91' lang='lat' dir='ltr'>sunt</span> <span class='ocrx_word' id='word_1_273' title='bbox 1362 2595 1646 2639; x_wconf 89' lang='lat' dir='ltr'>instituendi.</span> <span class='ocrx_word' id='word_1_274' title='bbox 1673 2597 1833 2651; x_wconf 87' lang='lat' dir='ltr'>Neque</span> <span class='ocrx_word' id='word_1_275' title='bbox 1853 2610 1960 2639; x_wconf 89' lang='lat' dir='ltr'>vero</span> 
     </span>
     <span class='ocr_line' id='line_1_33' title="bbox 322 2671 1959 2729; baseline 0.001 -15"><span class='ocrx_word' id='word_1_276' title='bbox 322 2673 407 2715; x_wconf 90' lang='lat' dir='ltr'>erit</span> <span class='ocrx_word' id='word_1_277' title='bbox 430 2686 614 2728; x_wconf 88' lang='lat' dir='ltr'>scopus,</span> <span class='ocrx_word' id='word_1_278' title='bbox 640 2686 730 2728; x_wconf 88' lang='lat' dir='ltr'>quo</span> <span class='ocrx_word' id='word_1_279' title='bbox 752 2671 947 2714; x_wconf 87' lang='lat' dir='ltr'>intendit</span> <span class='ocrx_word' id='word_1_280' title='bbox 970 2673 1193 2728; x_wconf 84' lang='lat' dir='ltr'>superior,</span> <span class='ocrx_word' id='word_1_281' title='bbox 1220 2672 1319 2715; x_wconf 83' lang='lat' dir='ltr'>vllis</span> <span class='ocrx_word' id='word_1_282' title='bbox 1348 2672 1636 2729; x_wconf 84' lang='lat' dir='ltr'>aperiendus,</span> <span class='ocrx_word' id='word_1_283' title='bbox 1663 2674 1821 2716; x_wconf 86' lang='lat' dir='ltr'>saltem</span> <span class='ocrx_word' id='word_1_284' title='bbox 1853 2680 1959 2716; x_wconf 87' lang='lat' dir='ltr'>ante</span> 
     </span>
     <span class='ocr_line' id='line_1_34' title="bbox 322 2749 1658 2806; baseline 0.001 -16"><span class='ocrx_word' id='word_1_285' title='bbox 322 2749 469 2792; x_wconf 78' lang='lat' dir='ltr'>studia</span> <span class='ocrx_word' id='word_1_286' title='bbox 494 2749 705 2802; x_wconf 86' lang='lat' dir='ltr'>literaria;</span> <span class='ocrx_word' id='word_1_287' title='bbox 728 2756 902 2791; x_wconf 91' lang='lat' dir='ltr'>tantum</span> <span class='ocrx_word' id='word_1_288' title='bbox 927 2749 1077 2791; x_wconf 88' lang='lat' dir='ltr'>animo</span> <span class='ocrx_word' id='word_1_289' title='bbox 1101 2757 1170 2794; x_wconf 91' lang='lat' dir='ltr'>est</span> <span class='ocrx_word' id='word_1_290' title='bbox 1192 2749 1265 2792; x_wconf 91' lang='lat' dir='ltr'>ille</span> <span class='ocrx_word' id='word_1_291' title='bbox 1289 2749 1390 2792; x_wconf 84' lang='lat' dir='ltr'>finis</span> <span class='ocrx_word' id='word_1_292' title='bbox 1413 2750 1658 2806; x_wconf 86' lang='lat' dir='ltr'>gerendus.</span> 
     </span>
    </p>

    <p class='ocr_par' dir='ltr' id='par_1_6' title="bbox 412 2825 1962 2882">
     <span class='ocr_line' id='line_1_35' title="bbox 412 2825 1962 2882; baseline 0 -14"><span class='ocrx_word' id='word_1_293' title='bbox 412 2828 539 2869; x_wconf 87' lang='lat' dir='ltr'>Haec</span> <span class='ocrx_word' id='word_1_294' title='bbox 568 2840 703 2882; x_wconf 89' lang='lat' dir='ltr'>porro</span> <span class='ocrx_word' id='word_1_295' title='bbox 731 2825 880 2868; x_wconf 91' lang='lat' dir='ltr'>studia</span> <span class='ocrx_word' id='word_1_296' title='bbox 918 2826 1165 2881; x_wconf 88' lang='lat' dir='ltr'>spiritualia</span> <span class='ocrx_word' id='word_1_297' title='bbox 1195 2841 1282 2869; x_wconf 91' lang='lat' dir='ltr'>non</span> <span class='ocrx_word' id='word_1_298' title='bbox 1314 2833 1420 2868; x_wconf 84' lang='lat' dir='ltr'>sunt</span> <span class='ocrx_word' id='word_1_299' title='bbox 1450 2833 1626 2869; x_wconf 89' lang='lat' dir='ltr'>tantum</span> <span class='ocrx_word' id='word_1_300' title='bbox 1656 2826 1701 2868; x_wconf 92' lang='lat' dir='ltr'>in</span> <span class='ocrx_word' id='word_1_301' title='bbox 1732 2826 1962 2869; x_wconf 84' lang='lat' dir='ltr'>nouitiatu</span> 
     </span>
    </p>
   </div>
   <div class='ocr_carea' id='block_1_5' title="bbox 322 2932 584 2938">
    <p class='ocr_par' dir='ltr' id='par_1_7' title="bbox 322 2932 584 2938">
     <span class='ocr_line' id='line_1_36' title="bbox 322 2932 584 2938; baseline 0 0"><span class='ocrx_word' id='word_1_302' title='bbox 322 2932 584 2938; x_wconf 95' lang='lat' dir='ltr'> </span> 
     </span>
    </p>
   </div>
   <div class='ocr_carea' id='block_1_6' title="bbox 393 2990 1287 3034">
    <p class='ocr_par' dir='ltr' id='par_1_8' title="bbox 393 2990 1287 3034">
     <span class='ocr_line' id='line_1_37' title="bbox 393 2990 1287 3034; baseline 0.001 -9"><span class='ocrx_word' id='word_1_303' title='bbox 393 2992 400 3012; x_wconf 82' lang='lat'><strong>¹</strong></span> <span class='ocrx_word' id='word_1_304' title='bbox 456 2992 565 3027; x_wconf 87' lang='lat' dir='ltr'>Prius</span> <span class='ocrx_word' id='word_1_305' title='bbox 585 2991 823 3034; x_wconf 78' lang='lat' dir='ltr'>ostenditur,</span> <span class='ocrx_word' id='word_1_306' title='bbox 839 2990 929 3026; x_wconf 89' lang='lat' dir='ltr'>dein</span> <span class='ocrx_word' id='word_1_307' title='bbox 950 2992 965 3026; x_wconf 87' lang='lat' dir='ltr'>i</span> <span class='ocrx_word' id='word_1_308' title='bbox 989 3002 1178 3026; x_wconf 86' lang='lat' dir='ltr'>conversa</span> <span class='ocrx_word' id='word_1_309' title='bbox 1198 2991 1236 3026; x_wconf 89' lang='lat' dir='ltr'>in</span> <span class='ocrx_word' id='word_1_310' title='bbox 1256 3004 1287 3026; x_wconf 81' lang='lat' dir='ltr'>e.</span> 
     </span>
    </p>
   </div>
  </div>
 </body>
</html>
