2028 3426
18 0 65 54 W

673 188 1011 225 INSTRUc‘rloNEs
1019 189 1102 222 --61
1587 185 1657 231 543

32 302 37 306 ”
77 290 155 333 fiat
177 305 232 335 ex
254 290 350 332 eius
373 289 539 332 iudicio
561 289 686 332 iuxta
719 296 921 332 nostram
950 296 1274 346 paupertatem.
1309 288 1468 342 Neque
1497 301 1605 330 vero
1628 303 1703 330 so-

76 369 167 410 lum
191 366 390 411 medicus
414 365 624 421 respiciat
647 373 866 421 quantum
895 365 1124 408 facultatis
1151 365 1400 408 habeamus
1433 365 1489 406 ad
1519 364 1704 420 dispen⁴

78 444 284 494 sandum,
306 443 384 485 sed
402 442 659 485 admonitus
677 443 734 486 de
752 442 925 485 ratione
942 442 1095 484 nostra
1112 439 1295 484 viuendi
1313 439 1537 496 religiosa,
1561 441 1678 482 anim
1690 466 1702 471 -

76 521 282 564 aduertat
305 519 411 574 quid
440 519 563 561 iuxta
587 518 910 562 conscientiam
934 519 1066 561 simul
1095 525 1139 562 et
1169 524 1310 561 artem
1334 531 1461 559 suam
1484 516 1703 572 praescri-

80 598 184 641 bere
205 598 386 648 debeat3
413 597 498 638 hac
520 595 693 639 ratione
716 595 917 639 medicus
945 602 1181 639 moneatur
1203 608 1255 637 ac
1282 584 1560 636 consulatur:
1593 607 1703 635 con—

78 672 260 716 sultatio
282 687 389 716 vero
418 673 532 715 haec
560 672 617 714 sit
653 679 841 715 secreta.
881 671 1136 727 Superioris
1159 678 1310 714 autem
1333 668 1418 713 erit
1440 682 1623 712 censere
1649 684 1706 710 an

81 749 284 792 medicus
307 763 397 791 non
425 748 678 792 necessario
706 747 957 803 indulgeat,
990 756 1035 790 et
1064 754 1170 804 agat
1192 747 1311 803 apud
1339 746 1486 802 ipsum
1516 752 1564 786 vt
1587 745 1707 787 illam

37 841 39 846 ·
80 825 407 881 indulgentiam
433 832 665 880 temperet.

166 904 200 945 F
205 903 376 944 acultas
399 902 531 944 datur
553 901 599 943 in
617 901 820 944 absentia
838 909 1063 944 rectorum
1081 899 1447 951 vicerectoribus,
1469 907 1518 940 vt
1535 899 1581 940 in
1600 913 1704 954 pro-

82 977 237 1021 hibitis
258 978 370 1021 cibis
392 986 410 1003 a
431 986 476 1020 et
499 977 716 1021 ecclesiae
740 977 918 1021 ieiuniis
940 977 1199 1033 dispensare
1222 976 1391 1019 tamdiu
1415 975 1602 1031 possint,
1623 976 1681 1017 do
1696 1000 1707 1006 -

85 1069 169 1099 nec
191 1055 253 1096 illi
275 1054 516 1097 abfuerint.

169 1131 217 1176 Si
238 1131 283 1173 in
306 1130 577 1173 abstinentia
607 1131 694 1173 diei
725 1131 901 1173 veneris
929 1135 1015 1176 480
1040 1130 1136 1174 fieri
1160 1130 1321 1172 debeat
1351 1129 1499 1184 aliqua
1528 1129 1708 1184 dispen-

80 1209 196 1251 satio
219 1223 322 1250 cum
344 1206 715 1263 praeceptoribus
739 1208 808 1251 vel
831 1207 1223 1249 concionatoribus
1245 1206 1318 1250 vel
1340 1205 1474 1250 etiam
1498 1204 1707 1261 superio—

84 1285 223 1338 ribus,
244 1300 296 1328 ea
319 1300 376 1328 ne
392 1285 469 1327 fiat
486 1291 668 1339 propter
690 1291 858 1326 statum
881 1298 1036 1328 eorum
1057 1284 1129 1325 vel
1152 1282 1364 1334 officium,
1387 1282 1508 1337 quod
1526 1289 1707 1337 gerunt,

82 1363 162 1404 sed
186 1369 360 1404 tanturn
381 1370 564 1417 propter
592 1361 923 1412 necessitatem,
949 1375 1004 1403 ex
1026 1359 1212 1402 consilio
1235 1358 1414 1412 medici,
1447 1358 1708 1414 praesertim

84 1453 225 1494 quum
249 1438 304 1480 ad
322 1451 508 1480 coenam
531 1437 616 1479 illis
638 1437 805 1491 aliquid
827 1437 1104 1492 indulgetur.

175 1514 221 1558 Si
246 1514 345 1569 quis
368 1519 541 1569 peteret
564 1514 648 1556 sibi
687 1513 874 1556 concedi
896 1521 944 1555 vt
982 1513 1175 1569 singulis
1203 1512 1364 1556 diebus
1393 1512 1570 1556 veneris
1593 1511 1705 1556 ieiu-

87 1598 164 1635 net
191 1592 406 1646 perfecte,
439 1605 529 1633 non
561 1598 736 1633 tantum
766 1589 1085 1633 abstinentiam
1125 1589 1258 1632 faciat
1289 1605 1342 1633 ex
1378 1589 1711 1632 consuetudine

84 1667 342 1719 Societatis,
367 1667 477 1709 illud
516 1667 704 1711 concedi
744 1681 833 1710 non
870 1667 1072 1719 deberet3
1112 1666 1217 1721 quia
1254 1667 1311 1709 ad
1348 1665 1710 1722 singularitatem

87 1751 292 1800 spectare
314 1743 558 1796 videretur3
586 1758 678 1786 non
702 1744 754 1796 si,
780 1743 877 1786 aliis
898 1757 990 1786 non
1026 1743 1351 1795 ieiunantibus,
1384 1742 1710 1786 concederetur

87 1821 333 1876 aliquando
357 1829 404 1862 vt
426 1820 586 1875 aliquis
609 1820 845 1864 ieiunaret.

177 1899 233 1939 Et
256 1897 437 1952 quidem
476 1897 512 1939 si
549 1897 794 1940 necessitas
833 1897 1068 1941 obueniret
1105 1896 1239 1939 alicui
1268 1897 1515 1948 ieiunandi,
1558 1903 1713 1952 posset

90 1973 200 2016 illud
223 1975 279 2016 ad
304 1981 480 2029 tempus
504 1974 692 2017 concedi
718 1975 787 2016 vel
815 1989 840 2016 a
869 1973 1161 2026 confessario,
1192 1974 1410 2029 probante
1433 1973 1478 2015 id
1506 1972 1713 2028 superio-

89 2065 152 2103 re,
178 2051 250 2094 vel
272 2050 406 2093 etiam
430 2065 454 2092 a
477 2051 572 2093 solo
594 2050 690 2106 ipso
714 2050 957 2105 superiore.
985 2049 1032 2094 Si
1054 2050 1154 2104 quis
1182 2064 1290 2094 vero
1319 2051 1377 2092 ob
1407 2050 1548 2091 solam
1571 2049 1713 2092 deuo—

90 2126 256 2170 tionem
279 2126 497 2170 ieiunium
520 2127 604 2169 sibi
627 2126 814 2169 concedi
832 2134 1032 2182 cuperet,
1054 2126 1228 2169 etiarnsi
1244 2126 1433 2170 concedi
1452 2125 1609 2181 possit,
1631 2124 1714 2166 dif-

89 2203 252 2245 ficilius
281 2211 432 2247 tamen
469 2203 809 2246 concedendurn
847 2211 931 2253 est,
973 2203 1354 2257 quemadmodum
1378 2203 1433 2245 de
1464 2201 1716 2257 frequentia

89 2279 419 2322 communionis
443 2280 606 2322 dicitur
630 2279 701 2333 4²*
725 2288 851 2336 parte
879 2282 905 2322 ¹.

177 2361 247 2402 481
273 2357 361 2399 Vbi
399 2356 572 2412 capitur
611 2356 864 2412 vespertina
902 2358 965 2413 (vt
993 2356 1172 2411 dicitur)
1205 2346 1400 2407 collatio,
1428 2369 1516 2411 quo
1543 2355 1615 2398 die
1647 2360 1716 2396 est

37 2448 41 2452 ·
90 2431 307 2474 ieiunium
336 2433 570 2485 ecclesiae,
595 2432 956 2477 benedictionem
978 2441 1023 2475 et
1045 2433 1291 2488 gratiarum
1315 2432 1541 2475 actionem
1565 2430 1716 2473 dicant

93 2508 252 2551 fratres
282 2515 455 2551 secrete
483 2516 527 2552 et
556 2509 772 2562 breuiter,
804 2517 849 2553 et
885 2509 1005 2552 illam
1042 2508 1076 2562 b,
1118 2524 1251 2565 quam
1289 2510 1461 2551 solebat
1500 2507 1717 2550 adhibere

95 2586 147 2627 Ρ.
173 2583 394 2641 Ignatius:
424 2586 544 2628 «Nos
573 2593 618 2630 et
641 2601 708 2637 ea,
735 2600 850 2641 quae
873 2601 1028 2629 sumus
1058 2586 1295 2641 sumpturi,
1327 2584 1564 2627 benedicat
1593 2585 1718 2626 Deus

95 2660 239 2703 trinus
262 2669 307 2704 et
329 2676 463 2714 unus,
486 2664 636 2714 Pater,
658 2662 797 2705 Filius
820 2670 864 2706 et
888 2662 1082 2718 Spiritus
1099 2669 1298 2704 sanctus.
1322 2663 1514 2703 Amen.»
1537 2658 1720 2701 Gratia-

23 2766 42 2774 γ.
94 2751 193 2779 rum
216 2737 346 2780 actio.
379 2739 525 2781 «Laus
549 2740 662 2782 Deo.
690 2740 783 2781 Pax
816 2739 945 2783 vivis.
977 2738 1172 2793 Requies
1202 2736 1442 2780 defunctis.
1480 2738 1612 2777 Pater
1641 2749 1721 2775 no-

165 2882 182 2898 a
207 2872 313 2908 cibus
332 2883 403 2907 ms.
457 2875 524 2900 —b
550 2874 626 2909 illa
646 2885 717 2912 ms.

170 2978 176 2998 ¹
230 2979 377 3024 Quarta
395 2984 502 3025 parte
521 2985 665 3024 const.‚
685 2991 768 3026 cap,
791 2980 857 3025 IV,
877 2981 899 3024 ξ
918 2979 951 3023 3,
972 2979 1071 3014 decl.
1092 2980 1135 3014 Β.
