2028 3426
671 236 1106 278 SUPPLEMENTUM—25
1583 234 1650 278 827

71 335 195 377 circa
218 349 291 377 res
313 339 488 378 creatas
510 351 677 387 01117163,ἱ
701 338 822 392 quod
844 337 907 380 sic
925 336 1221 392 intelligimus
1247 344 1294 378 ut
1312 336 1520 378 uniamus
1538 336 1699 377 volun-

73 418 210 454 tatem
237 396 435 454 nostram
466 414 522 455 ad
544 415 692 456 Deum
716 413 1004 457 benedictum
1035 421 1079 457 et
1108 414 1164 456 ad
1193 414 1551 462 fundamentum,
1578 412 1699 465 quod

72 487 318 531 inmediate
341 498 446 532 ante
469 489 716 544 posuimus,
739 498 783 533 et
806 490 866 532 ita
889 490 1176 546 egrediamur
1199 490 1254 532 ad
1272 496 1501 531 creaturas
1523 502 1693 539 omnes,

71 578 162 605 non
182 566 374 607 amando
398 565 494 607 illas
519 567 589 609 vel
612 566 837 621 eligendo,
865 580 947 609 nec
969 581 994 609 e
1017 566 1257 616 contrario,
1284 565 1368 608 nisi
1391 581 1446 608 ex
1465 566 1696 606 voluntate

70 648 116 683 et
137 642 422 696 beneplacito
440 642 542 686 Dei.
573 643 578 698 1
606 642 810 685 Dicimus
832 644 1028 697 «absque
1046 642 1403 693 differentia...»,
1419 644 1503 683 hoc
1522 649 1606 694 est,
1626 641 1694 683 in-

69 707 328 760 differenter
351 719 568 761 debemus
593 719 765 762 moueri
794 720 850 761 ad
879 721 994 761 hanc
1024 720 1097 762 vel
1124 720 1179 761 ad
1205 719 1324 761 illam
1351 726 1618 769 creaturam,
1647 725 1695 759 vt

69 795 237 836 nullam
277 793 573 838 differentiam
609 796 654 837 in
687 796 904 839 creaturis
938 796 1155 838 faciamus
1188 811 1243 838 ex
1276 802 1402 850 parte
1435 802 1585 837 nostra
1623 795 1695 838 vel

44 862 47 863 ⁷
69 877 396 923 creaturarum,
424 871 537 923 siue,
565 880 783 926 quantum
807 872 851 913 in
875 872 1007 914 nobis
1031 873 1101 916 vel
1124 872 1170 914 in
1192 871 1278 914 illis
1300 879 1384 922 est,
1411 872 1531 925 quod
1555 885 1693 925 expo-

70 946 217 988 nimus
242 947 467 1000 videlicet,
495 957 714 1002 quantum
745 956 898 990 nostro
927 948 1066 991 libero
1096 948 1278 990 arbitrio
1307 961 1572 990 concessum
1606 954 1689 997 est,

67 1030 113 1066 et
143 1038 232 1065 non
258 1031 473 1079 negatum
498 1040 577 1079 per
601 1033 888 1080 praeceptum
919 1025 1116 1079 aliquod;
1152 1025 1256 1078 quia
1285 1024 1358 1066 illa
1387 1024 1550 1073 omnia,
1578 1038 1692 1077 quae

69 1108 246 1155 praeter
265 1102 375 1143 haec
393 1110 514 1153 sunt,
531 1102 674 1143 voluit
683 1103 808 1144 Deus
826 1101 1092 1160 benedictus
1109 1116 1207 1143 esse
1225 1101 1525 1142 indifferentia
1541 1101 1691 1153 quoad

68 1177 171 1228 hoc3
198 1184 242 1219 et
265 1176 327 1218 ita
349 1176 540 1220 dicimus
563 1193 653 1219 non
676 1178 842 1221 debere
864 1191 966 1219 cum
990 1177 1242 1220 differentia
1266 1191 1347 1218 nos
1370 1177 1425 1217 ad
1453 1175 1528 1218 illa
1551 1176 1688 1217 habe-

68 1268 132 1304 re,
167 1267 282 1307 quae
311 1255 437 1297 Deus
467 1254 775 1297 indifferenter
803 1254 998 1308 reliquit,
1033 1262 1077 1295 vt
1110 1268 1196 1295 vna
1223 1268 1270 1295 re
1293 1253 1363 1295 vel
1386 1253 1525 1294 altera
1548 1252 1685 1307 possi-

67 1344 182 1381 mus,
209 1330 304 1374 sine
329 1331 401 1375 166
425 1346 506 1373 sua
529 1333 715 1383 offensa,
737 1332 871 1373 immo
894 1345 997 1373 cum
1023 1331 1179 1373 merito
1202 1338 1246 1373 et
1268 1331 1386 1372 bona
1408 1329 1505 1373 eius
1530 1330 1683 1371 volun-

67 1413 176 1458 tate,
202 1408 280 1449 vti.

154 1484 498 1526 Declarauimus
531 1485 867 1527 conclusionem
897 1493 1110 1536 nostram,
1147 1499 1279 1539 quam
1311 1484 1426 1526 inter
1453 1484 1687 1527 declaran-

65 1560 173 1602 dum
197 1559 328 1602 etiam
353 1560 502 1614 aliquo
526 1562 657 1602 modo
681 1561 986 1616 probauimus,
1009 1569 1319 1604 verumtamen
1336 1561 1391 1603 de
1410 1575 1534 1602 more
1552 1561 1688 1602 scho-

65 1637 149 1680 lae.
176 1638 310 1679 Nunc
333 1637 388 1678 de
412 1651 531 1678 nouo
556 1637 859 1692 probabimus:
884 1637 1078 1693 primum
1101 1652 1181 1692 per
1204 1637 1469 1692 scripturam
1494 1650 1684 1680 sacram.

63 1713 130 1755 2.⁰
154 1728 234 1768 per
255 1713 546 1756 auctoritates
568 1721 842 1756 sanctorum.
871 1716 938 1769 3.⁰
961 1730 1040 1770 per
1063 1714 1296 1758 rationem.
1319 1714 1409 1758 Sed
1428 1713 1571 1768 primo
1587 1713 1686 1755 loco
1737 1752 1741 1755 .

60 1790 295 1833 ostendam
332 1791 558 1844 quomodo
596 1806 651 1834 ex
688 1790 996 1845 superioribus
1033 1790 1254 1845 sequitur3
1295 1790 1528 1845 posuimus
1566 1790 1684 1831 enim

60 1865 349 1921 principium,
376 1867 495 1920 quod
518 1874 701 1917 creatus,
721 1874 789 1910 est
811 1868 946 1909 homo
969 1875 1016 1908 vt
1041 1869 1189 1910 Deum
1212 1868 1365 1910 laudet
1388 1880 1440 1908 ac
1474 1880 1685 1909 reuerea-

61 1950 150 1993 tur,
185 1942 317 1997 eique
349 1943 552 1986 seruiens
585 1944 739 1985 saluus
770 1944 863 1995 fiat,
900 1945 1024 1998 quod
1056 1943 1264 1998 quamuis
1297 1942 1562 1998 probatione
1594 1956 1683 1983 non

58 2029 207 2073 egeat,
237 2027 385 2061 tamen
410 2019 625 2074 probatur
648 2034 703 2062 ex
731 2034 784 2062 eo
818 2021 937 2075 quod
970 2021 1163 2062 habetur
1190 2020 1196 2077 Ι
1225 2022 1414 2063 Deuter.
1439 2027 1457 2043 ²
1486 2019 1512 2061 6
1540 2025 1585 2060 et
1615 2031 1679 2060 10.

58 2095 168 2137 Item
193 2097 321 2137 Matt.
349 2108 391 2148 4.
423 2095 692 2137 «Dominum
716 2098 862 2139 Deum
887 2104 1014 2138 tuum
1047 2095 1269 2147 adorabis,
1306 2104 1350 2138 et
1382 2095 1443 2137 illi
1475 2095 1557 2137 soli
1589 2109 1684 2138 ser-

58 2171 199 2214 uies.»
233 2173 289 2213 Et
323 2173 511 2214 Prouer.
553 2173 619 2216 16.
650 2172 842 2215 «Omnia
865 2181 1045 2228 propter
1069 2172 1360 2227 semetipsum
1384 2179 1593 2227 operatus
1614 2179 1682 2213 est

57 2249 280 2290 Dominus
302 2247 364 2289 b.»
393 2249 501 2290 Item
525 2263 580 2291 ex
606 2249 724 2291 Psal.
758 2262 772 2291 1
788 2250 853 2291 18.
884 2249 1129 2291 «Inclinaui
1151 2250 1207 2291 ad
1230 2249 1458 2291 faciendas
1487 2251 1492 2268 ¹
1520 2248 1680 2290 iustifi-

54 2325 258 2368 cationes
288 2333 388 2367 tuas
421 2325 466 2366 in
497 2332 729 2367 aeternum
753 2332 934 2380 propter
957 2325 1298 2387 retributionem
1309 2340 1346 2377 »3
1374 2327 1460 2367 hoc
1483 2333 1551 2367 est
1575 2339 1679 2380 pro-

57 2409 155 2456 pter
178 2408 406 2444 aeternam
432 2398 792 2453 retributionem,
818 2402 938 2456 quod
961 2409 1030 2444 est
1053 2402 1262 2445 hebraice
1291 2418 1370 2459 :pv
1405 2403 1528 2451 nbwb
1559 2400 1678 2443 Hinc

52 2479 176 2532 quod
215 2477 283 2520 2.⁰
316 2478 417 2520 loco
450 2477 645 2520 diximus
679 2485 747 2521 est
780 2485 954 2530 notum,
989 2477 1163 2520 scilicet
1192 2478 1312 2532 quod
1344 2478 1532 2532 reliqua,
1565 2491 1678 2531 quae

53 2562 159 2596 sunt
193 2568 328 2609 super
358 2562 520 2598 terram
551 2553 651 2606 sita,
687 2561 840 2596 creata
872 2554 962 2596 sint
997 2554 1192 2596 hominis
1226 2553 1367 2609 ipsius
1400 2568 1550 2605 causa,
1585 2561 1672 2595 etc.

55 2631 157 2673 Hoc
179 2632 297 2673 clare
314 2630 423 2672 dicit
446 2631 693 2685 apostolus,
722 2643 737 2673 1
761 2631 817 2672 ad
835 2631 940 2673 Cor.
969 2643 1012 2684 3.
1042 2630 1236 2673 «Omnia
1258 2638 1406 2672 vestra
1430 2637 1552 2683 sunt,
1576 2630 1673 2672 siue

57 2707 243 2759 Paulus,
270 2707 367 2749 siue
390 2708 573 2763 Apollo,
599 2706 696 2750 siue
721 2707 919 2762 Cephas,
953 2706 1051 2750 siue
1075 2707 1288 2759 mundus,
1314 2708 1411 2748 siue
1438 2707 1545 2758 vita,
1581 2705 1677 2749 siue

123 2823 140 2839 a
189 2813 255 2848 Bis
273 2814 346 2848 hoc
373 2815 483 2848 verb.
513 2819 572 2848 est
600 2814 639 2848 in
665 2825 734 2849 rnS.
790 2815 853 2839 —b
882 2814 990 2848 Haec
1017 2812 1227 2848 auctoritas
1248 2812 1287 2847 in
1313 2823 1433 2858 marg.
1462 2812 1592 2847 addita
1618 2819 1677 2847 est

52 2882 73 2904 a
93 2871 185 2906 Nat.

120 2967 128 2986 ¹
181 2967 311 3003 Editio
344 2969 514 3013 Vulgata
547 2970 666 3012 (vers.
702 2969 783 3012 112)
809 2968 939 3002 habet:
968 2967 1180 3002 «Inclinavi
1206 2978 1272 3001 cor
1302 2978 1429 3001 meum
1461 2966 1507 3001 ad
1532 2965 1675 3001 facien-

54 3024 147 3060 das»
167 3031 243 3062 ete.
