2028 3426
655 205 1078 241 INSTRucnoNEs-61
1564 205 1633 254 433

29 311 34 316 '
55 305 238 350 uatione
260 306 587 362 deprehendat,
612 306 657 348 in
682 305 768 359 his,
794 320 910 361 quae
938 305 1022 348 sibi
1051 312 1253 350 reseruat
1280 305 1675 361 superintendens,

55 382 315 426 desiderari.
596 370 599 374 ’

144 460 430 503 Conferenda
453 466 604 503 autem
627 466 694 502 est
723 459 966 515 exequutio
995 459 1128 502 officii
1151 458 1222 503 168
1244 459 1314 501 sui
1343 473 1446 501 cum
1470 459 1654 515 superin
1669 484 1679 489 -

57 537 270 579 tendente
292 535 508 591 quotidie;
539 535 586 578 in
609 550 775 591 genere
804 536 984 591 quidem
1007 537 1064 580 de
1093 535 1318 588 omnibus,
1343 535 1389 578 in
1418 536 1680 592 particulari

53 620 222 667 autern,
246 613 284 655 si
305 613 413 668 quid
435 612 493 655 sit
522 612 585 655 rei
607 612 843 669 grauioris.

143 690 497 745 Superintendat
534 697 682 732 rector
714 689 970 734 immediate
1007 690 1050 732 in
1086 690 1339 733 ministrum
1372 697 1417 732 et
1449 689 1547 733 eius
1580 691 1680 732 offi-

55 765 191 818 cium,
216 768 338 808 hunc
361 765 480 809 enim
502 767 639 808 habet
662 766 969 808 immediatum
992 775 1037 809 et
1060 767 1332 822 peculiarem
1354 774 1682 821 exequutorem

57 857 224 894 rerum,
259 857 371 897 quas
404 842 499 898 ipse
531 842 772 894 ordinabit,
809 843 909 885 illae
942 858 1049 887 vero
1080 850 1230 896 erunt,
1262 857 1558 898 quascunque
1590 858 1682 885 non

55 919 140 962 sibi
163 919 412 962 reseruabit
440 918 834 975 superintendens.

145 995 499 1052 Superintendet
520 996 654 1038 etiam
673 995 717 1038 in
736 996 1077 1039 subministrum
1101 1004 1146 1040 et
1169 997 1279 1039 alios
1301 997 1535 1050 officiales,
1561 998 1682 1053 quod

56 1062 230 1117 etiamsi
250 1087 325 1128 per
344 1073 454 1115 alios
472 1073 605 1116 faciet
623 1073 863 1125 ordinarie,
884 1073 980 1128 ipse
998 1081 1147 1117 tamen
1166 1073 1423 1130 inuigilabit
1440 1073 1486 1115 in
1505 1088 1679 1126 omnes,

55 1164 149 1192 non
172 1151 317 1194 solum
340 1149 573 1202 officiales,
597 1151 677 1194 sed
705 1150 840 1193 etiam
866 1150 1065 1205 priuatos
1087 1165 1258 1194 omnes.

146 1226 422 1270 Obseruabit
444 1226 481 1269 si
504 1226 612 1282 quid
634 1242 725 1269 non
749 1243 803 1270 ex
828 1227 985 1270 ordine
1001 1228 1095 1279 fiat,
1116 1227 1152 1270 si
1172 1227 1247 1282 qui
1271 1228 1360 1270 sint
1378 1227 1584 1282 inquieti,
1610 1227 1683 1271 vel

57 1303 232 1346 tentati:
253 1317 308 1345 ex
326 1302 479 1345 officio
498 1317 605 1346 vero
623 1303 676 1345 iis
695 1304 829 1346 rebus
847 1303 1117 1359 prouidebit,
1138 1304 1223 1346 nisi
1240 1304 1479 1346 videantur
1496 1304 1679 1360 grauio-

59 1394 144 1432 reS,
170 1394 304 1434 quam
329 1387 377 1422 vt
400 1380 522 1423 solus
545 1394 621 1423 eas
643 1381 805 1423 debeat
828 1394 980 1436 agere.

147 1498 218 1542 169
597 1512 714 1542 vsus
739 1513 915 1542 OFFicu
941 1513 1158 1542 MINISTRI

146 1611 353 1656 Minister
384 1611 496 1654 sciat
529 1625 576 1654 se
609 1626 708 1655 esse
745 1611 1094 1679 instrumentum
1127 1612 1435 1656 immediatum
1470 1613 1672 1666 rectoris,

40 1702 141 1730 >nec
166 1702 266 1732 esse
288 1687 472 1742 aliquid,
499 1689 620 1743 quod
648 1688 731 1744 ipsi
754 1703 810 1730 ex
841 1688 992 1730 officio
1021 1688 1266 1740 incumbat,
1300 1688 1385 1731 nisi
1416 1704 1532 1744 quae
1561 1690 1681 1732 acci-

31 1764 149 1820 -piet
181 1765 382 1808 curanda
413 1780 438 1808 a
470 1765 871 1821 superintendente
905 1766 976 1808 vel
1009 1772 1200 1817 rectore3
1236 1780 1339 1808 cum
1377 1766 1496 1809 enim
1535 1767 1683 1809 omnia

30 1855 42 1874 ·-
58 1848 164 1897 agat
187 1841 562 1897 superintendens
584 1857 664 1897 per
686 1850 908 1885 rectorem
931 1841 1206 1894 immediate,
1233 1849 1278 1886 et
1302 1843 1578 1885 ordinarium
1612 1859 1682 1886 re-

59 1918 172 1961 ctori
195 1919 350 1962 datum
373 1918 431 1961 sit
453 1918 670 1970 officium,
707 1918 926 1970 actiones,
962 1933 1073 1973 quas
1105 1918 1178 1960 hic
1211 1934 1290 1974 per
1323 1935 1372 1963 se
1405 1919 1567 1974 exequi
1590 1935 1683 1962 non

26 1979 40 2031 ζ’
59 2002 224 2051 potest,
257 2010 334 2039 eas
355 1995 612 2039 immediate
635 2003 763 2051 geret
785 2010 864 2051 per
895 1995 1163 2038 ministrum.
1191 1996 1364 2051 Itaque,
1391 2011 1507 2051 quae
1535 2004 1683 2040 rector

22 2088 36 2095 ·‘
59 2086 148 2114 non
187 2072 350 2127 poterit
387 2073 459 2115 vel
491 2072 674 2116 debebit
707 2072 868 2127 exequi
903 2087 980 2128 per
1012 2087 1076 2124 se,
1113 2087 1165 2115 ea
1199 2073 1449 2117 committet
1481 2075 1682 2129 gerenda

58 2148 280 2191 ministro.

25 2212 35 2289 ζ
144 2225 345 2271 Habebit
378 2239 541 2277 rector,
577 2240 692 2280 quae
725 2225 947 2268 ordinarie
976 2240 1055 2281 per
1083 2226 1336 2269 ministrum
1365 2235 1509 2283 geret,
1542 2235 1589 2269 vt
1612 2242 1683 2270 res

31 2287 354 2365 {particulares
376 2303 536 2344 domus
559 2316 715 2346 omnes
745 2303 1006 2355 obseruare,
1039 2302 1308 2346 officialibus
1337 2303 1573 2346 ordinariis
1600 2305 1683 2345 do—

61 2391 162 2420 mus
190 2378 578 2434 superintendere,
611 2385 659 2420 vt
689 2393 772 2420 suo
800 2378 951 2421 officio
981 2378 1232 2435 fungantur
1254 2393 1429 2431 curare,
1455 2388 1499 2422 et
1522 2395 1615 2422 non
1638 2380 1682 2422 id

59 2455 221 2506 solum,
247 2455 326 2498 sed
350 2469 506 2498 omnes
529 2462 677 2510 partes
705 2456 865 2497 domus
894 2456 1154 2507 obseruare,
1186 2462 1231 2499 et
1253 2470 1411 2498 omnes
1435 2471 1582 2500 rerum
1607 2471 1682 2498 va-

36 2529 259 2583 rietates,
287 2533 460 2582 Patres,
486 2532 558 2574 vel
581 2532 756 2584 fratres,
782 2546 889 2574 num
914 2546 998 2574 suo
1022 2532 1172 2575 officio
1194 2540 1239 2575 et
1269 2533 1494 2576 exercitiis
1525 2547 1682 2575 omnes

61 2605 326 2663 fungantur,
362 2614 409 2648 vt
439 2607 580 2662 possit
611 2622 667 2650 ex
699 2607 770 2650 his
803 2609 970 2651 referre
999 2608 1069 2652 170
1091 2610 1148 2651 ad
1170 2616 1407 2659 rectorem,
1444 2610 1515 2651 vel
1545 2623 1681 2663 agere

22 2679 44 2734 'f
63 2697 178 2738 quae
199 2683 284 2726 sibi
307 2699 362 2727 ex
385 2683 702 2728 commissione
722 2684 894 2729 licebit.

45 2816 49 2819 Ἴ
149 2761 287 2803 Extra
309 2752 511 2803 ordinem
534 2760 681 2815 aliqua
704 2761 868 2816 poterit
898 2762 1002 2817 (quo
1031 2761 1187 2803 maiori
1216 2762 1301 2804 erit
1331 2762 1499 2804 talento
1526 2768 1572 2802 et
1601 2763 1681 2802 ha-

33 2844 41 2873 l
61 2835 232 2879 bilitate
254 2836 482 2892 praeditus
504 2836 720 2891 minister)
743 2836 806 2879 illi
828 2837 1108 2880 committere
1131 2845 1291 2887 rector,
1319 2851 1434 2892 quae
1457 2836 1680 2880 ordinarie

30 2914 44 2950 .'
61 2906 264 2967 spectare
285 2913 560 2956 videbuntur
580 2913 745 2968 alioqui
768 2913 913 2968 magis
936 2914 993 2955 ad
1015 2913 1214 2956 officium
1239 2913 1441 2956 rectoris.

149 2988 412 3032 Ordinarias
435 2989 734 3044 poenitentias
755 2989 922 3045 poterit
941 2990 1056 3051 ‘dare
1088 2989 1289 3033 minister
1323 3004 1377 3032 ex
1411 2988 1680 3032 comissione

236 3064 351 3097 Emsr,
374 3064 411 3093 P.
433 3064 567 3099 Naum,
587 3071 667 3092 τοΜ.
690 3064 754 3092 lv.
1471 3064 1506 3091 29
