2028 3426
10 0 53 92 22Q

708 249 1138 285 INSTRUcruoNEs—61
1624 254 1690 299 535

115 349 246 391 etiam
272 355 483 404 poterunt
504 349 608 392 illic:
629 364 786 392 verum
809 350 1012 393 securius
1035 351 1118 393 erit
1136 350 1172 393 si
1196 365 1248 394 eo
1270 352 1342 394 die
1366 368 1389 394 a
1408 355 1593 407 prandio
1617 356 1738 397 domi

115 425 288 476 ludant,
314 440 397 469 nec
420 433 524 468 eant
546 426 602 468 ad
625 427 822 468 hortum.

204 503 340 557 Quod
362 502 526 545 dicitur
548 518 606 548 ne
626 504 785 546 nouitii
806 513 1085 561 occupentur
1114 506 1160 548 in
1189 508 1347 550 officiis
1376 509 1648 561 domesticis,
1675 510 1736 552 ita

114 573 398 634 intelligitur,
424 594 480 622 ne
501 581 617 623 vltra
639 588 831 637 tempus,
859 583 979 636 quod
1001 583 1169 626 debent
1191 583 1277 626 illis
1300 584 1457 627 officiis
1485 586 1590 628 dare
1613 601 1736 629 com—

113 655 324 708 muniter,
351 652 645 712 occupentur,
671 659 933 713 praesertim
957 660 993 701 si
1024 660 1081 702 sit
1112 661 1389 704 conueniens
1418 676 1632 705 numerus
1661 677 1737 705 co—

113 732 367 775 adiutorurn
407 734 717 789 temporalium
757 736 812 777 ad
851 736 1069 791 obsequia
1098 737 1282 789 domus,
1316 752 1448 781 secus
1483 737 1601 781 enim
1630 753 1739 794 sup-

114 810 234 864 plere
258 809 342 865 ipsi
364 817 592 864 poterunt3
619 811 698 854 sed
721 813 970 854 curandum
1001 820 1069 856 est
1098 828 1155 856 ne
1183 813 1245 856 ita
1277 821 1574 869 occupentur,
1609 822 1657 856 vt
1693 815 1738 857 in

114 885 337 928 nouitiatu
361 887 579 941 proficere
602 871 691 928 non
716 887 903 942 possint.
1182 890 1188 897 '

202 964 339 1018 Quod
361 963 417 1005 ad
441 970 617 1018 tempus
639 963 815 1017 attinet,
843 979 931 1018 quo
948 965 991 1006 in
1011 966 1273 1020 probatione
1291 966 1431 1008 futuri
1449 974 1555 1009 sunt
1578 967 1738 1009 nouitii

114 1046 355 1094 antequam
380 1040 436 1081 ad
458 1039 606 1082 studia
628 1040 879 1093 mittantur,
905 1042 997 1084 duo
1021 1050 1142 1093 sunt,
1169 1057 1284 1097 quae
1302 1043 1535 1098 prouideri
1553 1044 1734 1086 debent:

112 1116 323 1171 primum,
344 1123 392 1158 vt
409 1116 686 1159 satisfaciant
699 1117 955 1170 deuotione,
976 1118 1244 1171 humilitate,
1267 1120 1498 1175 patientia,
1520 1120 1737 1163 obedien—

113 1192 189 1244 tia,
214 1191 428 1236 firmitate
450 1192 698 1235 vocationis
727 1201 771 1237 et
799 1193 920 1235 omni
949 1194 1296 1238 conuersatione
1324 1195 1535 1251 religiosa
1567 1195 1623 1247 ei,
1660 1197 1737 1250 qui

78 1324 80 1326 v
111 1268 304 1325 collegio
332 1269 539 1324 praeerit,
565 1269 642 1324 qui
671 1283 723 1312 ea
745 1270 801 1313 de
829 1285 877 1314 re
898 1275 984 1316 460
1008 1273 1209 1315 conferet
1231 1286 1334 1314 cum
1357 1273 1576 1328 magistro
1607 1273 1738 1315 noui·

113 1345 276 1388 tiorum
319 1353 364 1388 et
405 1346 762 1397 consultoribus,
808 1355 856 1389 vt
898 1347 1066 1391 iudicet
1103 1348 1219 1392 sitne
1257 1348 1539 1392 adhibendus
1578 1349 1739 1392 studiis

112 1436 272 1475 necne3
299 1437 391 1465 rem
413 1422 547 1465 etiam
570 1423 771 1466 conferet
794 1424 849 1466 ad
873 1423 1210 1479 prouincialem,
1237 1424 1274 1468 si
1297 1427 1352 1467 ab
1371 1440 1424 1469 eo
1442 1426 1497 1467 ad
1520 1439 1618 1468 eam
1645 1439 1739 1468 rem

111 1498 476 1549 commissionem
505 1513 596 1541 non
625 1499 863 1554 acceperit.
897 1499 1089 1559 Videtur
1120 1510 1270 1544 autem
1299 1516 1421 1544 nunc
1452 1516 1540 1544 non
1571 1503 1736 1546 debere

111 1574 316 1630 probatio
341 1575 487 1617 minor
508 1590 608 1619 esse
636 1590 769 1630 quam
800 1590 878 1619 sex
908 1577 1131 1619 mensium
1165 1579 1236 1621 vel
1269 1578 1404 1621 etiam
1442 1578 1575 1620 Vnius
1612 1579 1734 1621 anni.

112 1653 211 1695 Hac
236 1659 384 1696 tamen
403 1653 459 1696 de
483 1652 559 1709 [re]
585 1661 602 1678 ³
618 1662 774 1709 postea
791 1655 1022 1698 decretum
1045 1662 1113 1697 est
1135 1655 1305 1697 editum
1330 1655 1375 1697 in
1395 1654 1463 1697 2.a
1482 1670 1738 1712 congrega-

112 1727 235 1772 tione
258 1729 459 1784 generali
491 1731 518 1772 ¹.
552 1729 890 1772 prouidendum
922 1745 1030 1774 vero
1058 1731 1143 1774 erit
1176 1733 1383 1784 alterum,
1416 1739 1462 1773 vt
1501 1733 1652 1774 nullus
1684 1733 1740 1776 ad
1782 1747 1786 1750 ·

109 1804 259 1848 studia
282 1807 467 1848 accedat
484 1806 570 1848 nisi
588 1813 692 1848 vota
710 1807 918 1860 ediderit;
939 1808 1193 1851 voluntarie
1212 1808 1410 1864 quidem,
1434 1808 1470 1850 si
1489 1816 1593 1850 ante
1611 1809 1738 1852 bien-

109 1882 232 1924 nium
256 1881 274 1905 b
297 1883 353 1924 ad
374 1882 523 1925 studia
545 1883 764 1936 mittatur,
791 1885 911 1938 quod
929 1884 979 1926 fit
997 1899 1052 1926 ex
1078 1887 1127 1927 P.
1153 1886 1318 1941 Ignatii
1342 1886 1600 1930 traditione.
1621 1888 1736 1930 Nam

109 1966 211 2013 post
242 1958 491 2010 biennium,
524 1959 561 2001 si
588 1960 644 2002 ad
680 1960 829 2003 studia
867 1960 1087 2012 mittatur,
1128 1961 1214 2004 iam
1255 1963 1441 2006 habebit
1479 1963 1736 2007 necessario

109 2042 215 2078 vota
237 2035 311 2077 illa
334 2036 724 2078 scholasticorum.

197 2114 320 2156 Ante
343 2113 457 2155 duos
479 2127 622 2155 annos
644 2114 796 2156 nullus
818 2113 1019 2157 nouitius
1040 2114 1145 2170 cogi
1168 2123 1316 2170 potest
1338 2116 1394 2158 ad
1416 2122 1520 2158 vota
1542 2116 1731 2166 edenda,

107 2190 186 2231 sed
209 2189 461 2244 praeteritis
483 2190 584 2240 illis,
617 2204 773 2233 omnes
802 2190 1119 2246 astringuntur
1147 2200 1192 2234 et
1220 2192 1323 2248 cogi
1353 2194 1520 2235 debent
1549 2209 1573 2235 a
1603 2180 1735 2248 supe-

40 2273 43 2275 ’
107 2265 298 2308 rioribus
320 2274 368 2307 vt
390 2273 495 2308 vota
516 2266 746 2309 emittant:
766 2268 903 2322 Quod
926 2268 962 2309 si
986 2269 1101 2310 forte
1124 2283 1230 2311 casu
1255 2269 1405 2323 aliquo
1435 2284 1525 2311 non
1554 2268 1734 2312 emitte—

106 2349 223 2394 rent,
249 2342 333 2385 nisi
356 2343 605 2387 intercedat
624 2343 901 2398 protestatio,
922 2344 984 2387 ita
1007 2345 1227 2387 tractandi
1250 2354 1382 2388 erunt
1407 2360 1458 2388 ac
1482 2346 1517 2387 si
1541 2352 1644 2387 vota
1662 2350 1731 2390 461

106 2418 366 2472 edidissent,
392 2419 603 2473 quoniam
626 2420 799 2463 censeri
820 2421 987 2463 debent
1009 2420 1083 2464 illa
1100 2421 1310 2472 edidisse,
1337 2423 1456 2476 quod
1481 2422 1732 2465 secundum

107 2494 455 2540 constitutiones
476 2503 653 2539 nostras
677 2497 823 2539 facere
852 2498 1035 2549 debent,
1065 2497 1170 2540 licet
1208 2513 1367 2541 reuera
1406 2513 1495 2540 non
1537 2499 1735 2538 habeant

104 2578 226 2624 vota,
253 2579 297 2615 et
319 2572 612 2615 nihilominus
633 2574 686 2615 ad
711 2580 816 2615 vota
839 2574 1052 2629 adigendi
1076 2582 1198 2616 sunt.
1226 2574 1273 2618 Si
1298 2589 1405 2616 vero
1441 2574 1599 2628 aliquis
1630 2588 1733 2628 pro-

39 2679 41 2682 <
106 2647 391 2692 testationem
414 2648 733 2704 interponeret,
765 2650 810 2691 in
839 2650 1023 2692 arbitrio
1051 2658 1170 2694 esset
1200 2650 1442 2705 superioris
1471 2650 1540 2692 vel
1571 2650 1732 2693 eiicere

36 2733 69 2772 ¹2,
104 2722 245 2776 illum,
272 2725 345 2769 uel
369 2725 563 2769 retinere
583 2727 639 2768 ad
661 2726 831 2780 aliquot
853 2725 965 2779 dies,
985 2727 1092 2769 dum
1116 2727 1436 2782 prouincialem
1457 2725 1667 2776 consulit,
1694 2726 1731 2767 si

174 2840 192 2857 a
240 2829 386 2866 Omiss.
407 2830 446 2866 in
465 2832 536 2866 r'ns.
587 2852 614 2856 -
635 2833 653 2859 b
680 2831 857 2867 biennem
878 2843 950 2866 ms.

175 2925 184 2945 ¹
235 2926 393 2960 Decret.
414 2927 502 2961 scil.
526 2934 584 2971 14,
598 2938 674 2973 quo
689 2926 858 2961 novitios
873 2926 1024 2961 duobus
1039 2926 1149 2961 annis
1164 2925 1396 2971 probandos3
1413 2924 1583 2959 seeundo
1599 2931 1728 2960 tamen

104 2994 204 3018 anno
222 2983 323 3019 circa
341 2984 469 3019 studia
488 2984 703 3031 dispensari
721 2997 834 3031 posse
853 2998 874 3020 a
898 2985 1124 3032 provinciali
1150 2996 1196 3018 ex
1221 2984 1416 3029 generalis
1437 2984 1726 3026 commissione,

103 3041 341 3078 decernitur.
368 3043 428 3079 Cf.
450 3044 581 3080 Instit.
604 3045 803 3090 Scasesu
819 3045 933 3089 (edit.
954 3044 1052 3088 cit.),
1074 3044 1120 3088 ΙΙ,
1144 3052 1227 3087 197.
