2028 3426
683 230 1115 266 INSTRUCTloNES—-61
1597 229 1665 274 587

89 343 326 391 postquam
350 336 593 376 humanam
615 346 797 374 carnem
820 330 1065 386 assumpsit
1087 344 1230 384 Vsque
1254 331 1309 371 ad
1332 330 1713 374 resurrectionem

88 410 336 462 exclusiue,
364 417 458 452 tum
483 409 600 452 vitae
623 415 801 451 creatae
822 407 1100 458 immortalis,
1126 406 1410 461 infrascripto
1434 408 1565 447 modo
1594 409 1619 448 ¹.

178 490 321 529 Pater
339 491 502 538 noster,
521 494 608 530 etc.
635 486 794 529 Gloria
814 485 951 526 Patri
973 487 1012 526 et
1029 484 1144 525 Filio
1167 487 1205 524 et
1223 483 1419 538 Spiritui
1436 487 1600 534 sancto,
1624 490 1712 525 etc.

90 565 398 607 —Considera
415 562 680 618 mysterium
699 570 911 604 aeternae
929 559 1235 616 generationis
1251 561 1362 615 Jesu
1381 559 1552 604 Christi
1571 559 1713 600 domi-

92 641 137 683 ni
155 641 312 693 nostri,
338 640 414 695 qui
437 638 722 682 aeternaliter
744 653 770 680 a
792 638 1066 692 sempiterno
1085 637 1219 678 Patre
1241 644 1308 678 est
1328 635 1526 690 genitus.
1550 634 1716 677 «Filius

93 732 219 760 meus
241 732 289 759 es
314 726 378 768 tu,
404 731 491 772 ego
514 715 648 757 hodie
671 714 811 770 genui
836 723 878 757 te
900 715 962 766 Ξ»;
989 720 1033 756 et
1057 727 1148 755 non
1174 712 1389 756 recitatur
1411 712 1483 753 hic
1507 710 1715 752 salutatio

93 795 314 850 angelica,
348 794 402 836 ad
432 792 781 848 significandum
806 790 1039 833 Christum
1070 789 1301 831 dominum
1335 788 1380 830 in
1405 790 1490 830 hac
1523 801 1715 843 genera—

95 871 216 914 tione
238 885 329 912 non
353 871 521 913 habere
543 876 746 911 matrem.

182 949 326 989 Pater
358 950 524 988 noster.
566 947 663 987 Aue
694 942 1186 987 illaria—Considera
1224 941 1579 984 incarnationem
1608 942 1717 996 Jesu

96 1023 281 1076 Christi,
317 1022 486 1065 domini
516 1021 672 1064 nostri.
706 1021 938 1064 Elisabeth
971 1034 996 1061 a
1029 1026 1320 1061 sacrosancta
1352 1017 1530 1073 virgine
1562 1017 1693 1058 visita

35 1155 37 1157 ι
97 1110 185 1144 tam
209 1108 296 1143 etc.
322 1113 464 1155 Vsque
488 1100 544 1141 ad
567 1097 868 1141 natiuitatem.

184 1177 273 1221 585
302 1178 446 1219 Pater
475 1180 638 1217 noster.
671 1178 769 1217 Aue
798 1174 969 1228 Maria,
993 1172 1284 1216 eto—Pueri
1313 1170 1550 1214 saluatoris
1579 1170 1720 1212 nostri

97 1254 380 1298 natiuitatem
413 1261 458 1297 et
488 1253 656 1306 reliqua
686 1251 815 1307 primi
848 1251 953 1293 anni
986 1250 1083 1293 eius
1112 1250 1230 1292 vitae
1261 1248 1460 1291 mortalis
1489 1246 1717 1302 mysteria,

96 1339 346 1387 pastorum,
372 1329 559 1382 scilicet,
585 1328 956 1379 circumcisionis,
982 1341 1235 1383 magorum,
1261 1324 1650 1382 praesentationis,
1676 1331 1720 1366 et

101 1422 242 1462 vsque
265 1408 320 1449 ad
342 1408 498 1462 fugam
521 1405 567 1448 in
590 1407 872 1461 Aegyptum,
897 1404 973 1445 vbi
998 1404 1081 1446 fuit
1106 1418 1246 1458 vsque
1265 1403 1320 1445 ad
1339 1416 1506 1444 annum
1525 1408 1719 1452 sextum,

98 1499 187 1539 quo
209 1483 356 1526 rediit:
383 1499 463 1539 pro
486 1496 514 1536 4
536 1497 644 1526 Vero
667 1482 813 1533 annis,
840 1481 916 1536 qui
945 1481 1061 1523 inter
1083 1480 1276 1536 primum
1307 1487 1351 1522 et
1380 1485 1555 1541 sextum
1585 1477 1727 1520 inter=

97 1562 284 1613 cedunt,
310 1560 557 1604 recitantur
581 1575 636 1603 ex
657 1559 823 1602 litaniis
846 1572 962 1613 quae
985 1564 1254 1613 sequuntur:

187 1639 330 1679 Pater
352 1637 404 1678 sle
427 1637 555 1678 coelis
577 1638 717 1688 Deus,
743 1637 958 1677 nfzz'serere
980 1635 1119 1684 nobz's;
1149 1641 1194 1677 et
1223 1640 1291 1677 est
1321 1647 1466 1674 annus
1495 1632 1724 1675 secundus

98 1715 218 1758 vitae
239 1713 422 1758 Domini
444 1713 660 1756 mortalis.

183 1793 286 1843 Fili,
320 1792 574 1846 redemptor
606 1791 781 1842 mundi,
805 1792 944 1841 Deus,
969 1790 1184 1831 miserere
1212 1787 1352 1838 nobis,
1390 1794 1435 1830 et
1473 1794 1539 1829 est
1579 1799 1725 1827 annus

98 1869 276 1913 tertius.
1251 1849 1255 1853 .

185 1946 386 2000 Spiritus
407 1948 572 1996 sancte,
600 1946 740 1995 Deus,
771 1943 988 1985 miserere
1017 1943 1158 1993 nobis;
1181 1950 1225 1985 et
1248 1949 1316 1983 est
1345 1955 1491 1983 annus
1520 1947 1722 1995 quartus.

186 2023 354 2064 Sancta
394 2022 613 2073 Trinitas,
647 2035 763 2063 vernus
799 2022 939 2071 Deus,
973 2020 1191 2061 miserere
1228 2019 1368 2069 7zobz's‚·
1398 2025 1442 2061 et
1475 2024 1543 2059 est
1580 2031 1730 2059 annus

99 2099 304 2154 quintus.

189 2177 334 2218 Pater
355 2179 521 2217 noster.
549 2176 647 2216 Aue
676 2175 848 2226 Maria,
879 2173 1283 2216 eto—Considera
1313 2171 1578 2226 mysterium
1608 2169 1726 2213 redi-

102 2259 175 2295 tus
211 2267 266 2295 ex
303 2255 519 2307 Aegypto
556 2251 602 2292 in
639 2252 894 2303 Nazareth,
935 2251 1067 2293 beato
1099 2251 1274 2307 Joseph
1312 2249 1584 2292 reuelatum.
1631 2264 1646 2283 f<
1662 2247 1728 2288 Ex

103 2329 315 2385 Aegypto
336 2327 499 2371 vocaui
523 2328 685 2370 Filium
705 2343 855 2371 meum
878 2329 940 2379 5»;
967 2335 1011 2386 et
1033 2334 1103 2369 est
1125 2341 1272 2370 annus
1294 2333 1450 2368 sextus
1468 2324 1585 2365 vitae
1607 2337 1722 2364 mor-

103 2405 218 2457 talis,
239 2405 356 2449 inter
372 2419 505 2459 quem
528 2409 613 2450 586
630 2412 675 2447 et
692 2404 1028 2453 duodecimum,
1051 2417 1141 2458 quo
1164 2399 1423 2445 continetur
1442 2399 1729 2455 mysterium,

104 2483 284 2536 quando
308 2481 392 2523 fuit
413 2481 628 2525 inuentus
650 2480 873 2523 Dominus
896 2480 940 2522 in
965 2480 1132 2535 templo
1155 2479 1391 2534 disputans
1410 2491 1511 2519 cum
1532 2476 1729 2531 legispe-

105 2558 216 2612 ritis,
236 2558 525 2602 intercedunt
542 2557 742 2612 quinque
764 2557 886 2609 anni,
908 2571 988 2612 pro
1006 2555 1172 2611 quibus
1196 2555 1444 2599 recitantur
1467 2568 1521 2595 ex
1545 2551 1731 2602 litaniis,

107 2649 221 2688 quae
245 2641 513 2690 sequuntur:

181 2737 188 2756 ¹
241 2734 367 2780 Hujus
391 2733 524 2769 rosarii
549 2734 753 2779 spherulae
778 2732 942 2778 majores
967 2738 1007 2767 et
1032 2731 1199 2766 minores
1231 2731 1269 2765 in
1301 2728 1473 2773 margine
1503 2727 1645 2762 codicis
1679 2727 1747 2761 ita-

20 2797 46 2822 “-
107 2792 261 2828 circulis
291 2798 486 2838 notantur,
516 2798 558 2833 ut
587 2792 752 2838 singulis
783 2793 908 2827 Pater
936 2794 1069 2826 noster
1100 2791 1264 2835 majores
1295 2787 1427 2822 circuli
1458 2785 1733 2832 respondeant,

107 2851 264 2898 dempto
283 2852 409 2887 Pater
427 2855 558 2887 noster
575 2851 665 2886 anni
683 2850 728 2885 33
753 2850 856 2886 vitae
882 2850 1040 2893 Christi,
1066 2849 1128 2884 cui
1153 2847 1362 2894 respondet
1386 2857 1479 2880 crux
1505 2845 1542 2879 in
1561 2843 1736 2889 margine

107 2910 313 2956 descripta.
333 2911 508 2946 Caeteris
527 2905 618 2945 vero
636 2909 945 2945 invocationibus
964 2908 1072 2954 parvi
1091 2906 1225 2942 circuli
1244 2904 1410 2951 appositi
1428 2903 1733 2949 conspiciuntur.

35 2968 49 2988 ²
109 2964 256 3005 Omnes
275 2974 405 3004 autem
423 2969 557 3005 circuli
575 2969 677 3005 linea
695 2969 796 3005 inter
814 2980 856 3003 se
875 2969 913 3004 in
932 2967 1066 3002 rosarii
1085 2966 1246 3001 formam
1264 2968 1561 2999 connectuntur.

180 3030 193 3048 ²
243 3027 311 3063 Ps.
332 3028 383 3071 ΙΙ,
406 3037 439 3071 7.
963 3025 1093 3070 OsEE,
1113 3025 1182 3068 XI,
1205 3032 1236 3069 13
1258 3023 1444 3068 MATTH.,
1464 3022 1510 3068 11,
1534 3030 1590 3065 15.
