2028 3426
349 250 419 297 374
821 250 973 285 PATms
1000 249 1244 284 Hmnomrm
1269 246 1420 283 NADAL

304 353 441 405 ditur,
473 351 820 409 gubernationis
852 350 1071 393 rationem
1112 348 1240 404 sequi
1270 348 1454 404 poterit,
1495 355 1673 404 praeter
1695 348 1786 402 illa,
1820 362 1943 404 quae

304 429 590 487 peculiariter
611 445 635 473 a
659 427 914 485 praeposito
938 425 1139 482 generali
1162 425 1248 482 ipsi
1276 425 1632 469 committentur.

395 507 609 550 Officium
640 503 952 555 commissarii,
991 503 1113 558 quod
1136 503 1192 546 ad
1224 501 1603 558 gubernationem
1642 501 1804 546 attinet
1831 516 1938 559 pro-

307 583 573 634 uinciarum,
600 582 795 638 positum
819 580 902 624 erit
924 580 969 622 in
1008 578 1256 622 directione
1285 586 1421 634 atque
1459 579 1722 623 actuatione
1750 579 1943 635 prouin-

305 660 483 704 cialium
508 660 552 701 in
576 660 668 701 suis
686 657 859 707 officiis,
896 664 939 700 et
958 671 1038 712 per
1061 655 1161 698 illos
1178 665 1226 698 vt
1244 655 1488 712 praepositi
1506 656 1691 708 locales,
1719 662 1941 709 rectores,

306 736 524 793 praefecti
545 734 875 792 probationum,
897 740 941 777 et
960 732 1049 785 alii,
1071 732 1148 788 qui
1166 739 1335 788 gerunt
1352 732 1515 789 officia,
1536 731 1583 774 in
1601 732 1695 775 suis
1712 732 1820 776 item
1838 733 1939 775 offi-

306 813 387 857 ciis
410 820 663 856 actuentur.
707 811 988 854 Extendetur
1025 809 1160 853 etiam
1195 808 1292 854 eius
1323 823 1432 852 cura
1460 812 1507 853 in
1539 824 1697 853 omnes
1720 824 1945 865 personas

307 889 641 947 prouinciarum
665 902 865 939 suarum,
892 886 1155 943 praesertim
1178 886 1215 929 si
1237 887 1294 929 ab
1318 901 1407 929 vna
1429 886 1474 929 in
1504 886 1634 929 aliam
1657 886 1938 943 prouinciam

307 967 396 1009 sint
420 966 678 1017 mittendae,
703 971 747 1007 et
771 965 827 1006 ad
851 978 1008 1008 omnes
1031 964 1206 1017 domos,
1232 963 1424 1019 collegia
1447 970 1492 1007 et
1516 963 1765 1006 ministeria
1782 962 1940 1008 Socie-

309 1044 427 1095 tatis,
451 1043 584 1085 modo
603 1041 858 1085 immediate
875 1041 992 1084 sinat
1009 1041 1083 1084 illa
1102 1040 1253 1084 omnia
1271 1056 1349 1097 per
1367 1055 1474 1084 suos
1493 1040 1749 1097 superiores
1767 1041 1938 1097 guber-

307 1120 423 1174 nari,
450 1127 492 1163 et
516 1119 688 1175 possint
711 1133 868 1163 omnes
891 1119 947 1161 ad
965 1133 1067 1162 eum
1091 1119 1276 1172 referre,
1303 1132 1418 1174 quae
1441 1117 1598 1172 velint,
1633 1125 1859 1173 tamquam
1884 1118 1939 1161 ad

308 1196 583 1253 superiorem
622 1195 865 1238 mediatum
889 1203 934 1239 et
963 1209 1225 1252 supremum
1255 1195 1367 1238 citra
1396 1196 1672 1252 generalem.
1705 1194 1941 1251 Spectabit

307 1288 416 1318 vero
432 1272 782 1326 commissarius,
806 1280 854 1314 vt
876 1271 1179 1329 prouinciales
1208 1287 1365 1317 omnes
1386 1279 1432 1316 et
1449 1271 1714 1329 prouinciae
1739 1271 1858 1316 inter
1890 1285 1943 1315 se

308 1349 535 1400 vniantur,
562 1357 606 1393 et
627 1362 729 1391 cum
770 1348 971 1405 generali
1009 1348 1280 1405 praeposito,
1317 1356 1361 1394 et
1390 1348 1617 1393 Societate
1647 1348 1702 1391 ad
1726 1347 1940 1392 maiorem

308 1427 497 1483 gloriam
520 1426 621 1478 Dei,
648 1426 844 1482 plurium
867 1425 1118 1469 animarum
1150 1427 1210 1470 24
1233 1427 1425 1469 salutem
1455 1433 1500 1470 et
1529 1425 1870 1481 perfectionem,
1895 1431 1941 1468 et

307 1503 549 1548 Societatis
574 1510 895 1559 augmentum.

395 1581 491 1625 Sub
514 1581 611 1625 eius
634 1580 883 1624 directione
906 1580 1211 1637 prouinciales
1233 1580 1326 1623 suis
1350 1580 1508 1623 officiis
1539 1581 1789 1636 fungentur
1806 1581 1946 1637 pleno-

306 1658 418 1711 iure;
450 1657 602 1714 itaque
630 1672 719 1700 non
744 1657 830 1701 erit
859 1659 980 1713 quod
1019 1657 1358 1701 commissarius
1380 1665 1511 1714 gerat
1533 1657 1730 1700 officium
1754 1657 1939 1714 prouin-

306 1734 430 1777 cialis
448 1735 493 1778 in
516 1735 665 1790 aliqua
688 1734 938 1791 prouincia,
964 1735 1044 1778 sed
1066 1749 1199 1778 suum
1223 1734 1268 1777 in
1292 1734 1608 1791 prouinciales.

394 1812 623 1868 Intelligat
645 1827 693 1855 se
716 1811 761 1854 in
796 1812 1059 1868 prouinciis,
1102 1820 1279 1869 praeter
1310 1811 1420 1855 alias
1437 1826 1597 1855 causas
1623 1811 1934 1868 particulares,

307 1896 543 1945 propterea
567 1889 737 1932 versari
761 1890 885 1945 quod
922 1890 1064 1932 multa
1095 1890 1270 1932 soleant
1298 1903 1413 1942 esse,
1446 1903 1563 1945 quae
1593 1896 1683 1931 tam
1708 1888 1839 1933 facile
1862 1903 1941 1945 per

307 1967 539 2010 absentem
564 1967 822 2023 generalem
851 1966 1098 2022 gubernari
1130 1981 1220 2009 non
1248 1974 1458 2024 possunt,
1491 1967 1564 2011 vel
1593 1967 1650 2010 de
1679 1965 1845 2022 quibus
1869 1980 1940 2009 re-

306 2057 520 2098 sponsum
545 2059 569 2086 a
602 2044 814 2100 generale
837 2044 1094 2100 praeposito
1131 2045 1303 2100 absque
1340 2044 1513 2087 iactura
1536 2043 1685 2098 aliqua
1713 2042 1942 2099 expectari

305 2134 393 2161 non
421 2128 585 2175 potest.

394 2196 538 2251 Igitur
561 2199 785 2253 generalis
818 2199 1061 2256 praepositi
1087 2199 1232 2244 vicem
1266 2206 1312 2242 et
1333 2198 1431 2242 eius
1453 2212 1692 2254 personam
1727 2197 1788 2240 ita
1812 2204 1942 2253 geret

306 2272 351 2314 in
374 2274 638 2328 prouinciis,
665 2283 712 2317 vt
741 2276 786 2319 in
812 2276 881 2330 iis,
910 2291 1026 2332 quae
1050 2277 1203 2319 nullus
1231 2275 1522 2332 prouincialis
1545 2275 1724 2331 poterit,
1751 2282 1796 2318 et
1825 2288 1946 2330 quae

305 2349 582 2393 videbuntur
605 2353 659 2393 ab
684 2353 782 2408 ipso
822 2354 994 2408 absque
1028 2352 1254 2409 generalis
1283 2352 1526 2409 praepositi
1566 2366 1782 2407 responso
1811 2366 1941 2408 prae-

305 2425 441 2468 scribi
466 2441 597 2482 posse
619 2436 664 2470 et
686 2430 867 2481 debere,
894 2445 947 2473 ea
970 2430 1263 2486 praescribat.
1291 2431 1361 2473 De
1384 2429 1483 2472 aliis
1513 2435 1722 2484 expectet
1750 2442 1944 2485 genera-

307 2502 361 2545 lis
384 2504 626 2559 praepositi
651 2505 865 2548 iudicium
891 2514 936 2550 et
958 2508 1257 2550 voluntatem.
1283 2508 1354 2550 De
1376 2507 1513 2549 rebus
1537 2513 1686 2548 tamen
1710 2505 1941 2557 omnibus,

308 2587 352 2622 et
377 2587 470 2623 tota
492 2580 664 2624 ratione
687 2583 743 2626 25
767 2583 1112 2637 gubernationis
1135 2585 1299 2628 referet
1321 2584 1377 2627 ad
1397 2585 1577 2626 Patrem
1603 2582 1878 2638 generalem.

399 2657 536 2711 Quod
554 2659 610 2700 ad
632 2659 916 2713 particularia
954 2660 1131 2713 attinet,
1158 2667 1335 2716 praeter
1370 2658 1717 2703 instructionem
1741 2658 1945 2714 particu-

309 2734 467 2786 larem,
495 2749 627 2789 quam
651 2736 874 2791 acceperit
898 2752 921 2779 a
946 2737 1201 2793 praeposito
1224 2736 1443 2794 generali,
1464 2736 1549 2780 erit
1570 2735 1668 2779 eius
1692 2749 1800 2778 cura
1822 2733 1943 2777 inui-

313 2809 472 2865 gilare,
494 2819 542 2853 vt
561 2826 613 2855 ea
635 2812 891 2856 executioni
910 2815 1196 2867 mandentur,
1218 2828 1335 2870 quae
1352 2829 1407 2857 ex
1425 2829 1507 2856 sua
1520 2814 1593 2857 vel
1609 2812 1811 2869 proxima
1828 2812 1937 2854 alte-

313 2885 406 2928 rius
426 2887 683 2931 visitatione
706 2896 840 2933 erunt
858 2890 1114 2933 executioni
1131 2891 1386 2934 mandanda
1408 2890 1454 2933 in
1476 2889 1688 2933 domibus
1709 2889 1783 2933 vel
1800 2888 1942 2932 colle-

313 2963 420 3015 giis3
462 2972 612 3007 vtatur
649 2979 758 3009 vero
796 2966 852 3008 ad
893 2967 1269 3010 cubernationem
1308 2974 1354 3010 et
1391 2965 1857 3023 superintendentiam
1895 2964 1943 3008 in

313 3053 469 3083 omnes
493 3041 751 3096 prouincias
774 3056 826 3085 ea
849 3001 998 3086 mirum
1017 3043 1332 3100 intelligentia,
1365 3058 1500 3099 quam
1529 3043 1764 3100 collegerit
1795 3057 1850 3086 ex
1872 3041 1942 3084 vi-
