<?xml version="1.0" encoding="UTF-8"?>
<!DOCTYPE html PUBLIC "-//W3C//DTD XHTML 1.0 Transitional//EN"
    "http://www.w3.org/TR/xhtml1/DTD/xhtml1-transitional.dtd">
<html xmlns="http://www.w3.org/1999/xhtml" xml:lang="en" lang="en">
 <head>
  <title>
</title>
<meta http-equiv="Content-Type" content="text/html;charset=utf-8" />
  <meta name='ocr-system' content='tesseract 3.04.00' />
  <meta name='ocr-capabilities' content='ocr_page ocr_carea ocr_par ocr_line ocrx_word'/>
</head>
<body>
  <div class='ocr_page' id='page_1' title='image "./epistolaephieron11nada_0875.png"; bbox 0 0 2028 3426; ppageno 0'>
   <div class='ocr_carea' id='block_1_1' title="bbox 667 248 1652 325">
    <p class='ocr_par' dir='ltr' id='par_1_1' title="bbox 667 248 1652 325">
     <span class='ocr_line' id='line_1_1' title="bbox 667 248 1652 325; baseline 0.002 -12"><span class='ocrx_word' id='word_1_1' title='bbox 667 277 1009 314; x_wconf 79' lang='lat' dir='ltr'>SUPPLEMENTUM</span> <span class='ocrx_word' id='word_1_2' title='bbox 1020 248 1102 323; x_wconf 45' lang='lat'>-25</span> <span class='ocrx_word' id='word_1_3' title='bbox 1583 280 1652 325; x_wconf 79' lang='lat'>849</span> 
     </span>
    </p>
   </div>
   <div class='ocr_carea' id='block_1_2' title="bbox 22 376 1740 2958">
    <p class='ocr_par' dir='ltr' id='par_1_2' title="bbox 22 376 1740 2958">
     <span class='ocr_line' id='line_1_2' title="bbox 71 376 1696 425; baseline 0.004 -8"><span class='ocrx_word' id='word_1_4' title='bbox 71 376 157 418; x_wconf 88' lang='lat' dir='ltr'>lem</span> <span class='ocrx_word' id='word_1_5' title='bbox 176 377 363 420; x_wconf 88' lang='lat' dir='ltr'>donauit</span> <span class='ocrx_word' id='word_1_6' title='bbox 385 377 602 421; x_wconf 88' lang='lat' dir='ltr'>Societati</span> <span class='ocrx_word' id='word_1_7' title='bbox 619 378 828 422; x_wconf 91' lang='lat' dir='ltr'>coelestis</span> <span class='ocrx_word' id='word_1_8' title='bbox 846 393 898 421; x_wconf 86' lang='lat' dir='ltr'>ac</span> <span class='ocrx_word' id='word_1_9' title='bbox 916 379 1293 422; x_wconf 88' lang='lat' dir='ltr'>clementissimus</span> <span class='ocrx_word' id='word_1_10' title='bbox 1313 382 1447 423; x_wconf 87' lang='lat' dir='ltr'>Pater</span> <span class='ocrx_word' id='word_1_11' title='bbox 1464 380 1580 425; x_wconf 89' lang='lat' dir='ltr'>inter</span> <span class='ocrx_word' id='word_1_12' title='bbox 1597 381 1696 423; x_wconf 85' lang='lat' dir='ltr'>inti-</span> 
     </span>
     <span class='ocr_line' id='line_1_3' title="bbox 71 453 1696 512; baseline 0.004 -17"><span class='ocrx_word' id='word_1_13' title='bbox 71 453 211 506; x_wconf 80' lang='lat' dir='ltr'><strong>deles,</strong></span> <span class='ocrx_word' id='word_1_14' title='bbox 243 454 511 506; x_wconf 89' lang='lat' dir='ltr'>haereticos,</span> <span class='ocrx_word' id='word_1_15' title='bbox 547 462 683 509; x_wconf 88' lang='lat' dir='ltr'>atque</span> <span class='ocrx_word' id='word_1_16' title='bbox 714 455 870 498; x_wconf 87' lang='lat' dir='ltr'>fideles</span> <span class='ocrx_word' id='word_1_17' title='bbox 903 470 1060 499; x_wconf 90' lang='lat' dir='ltr'>omnes</span> <span class='ocrx_word' id='word_1_18' title='bbox 1088 455 1252 512; x_wconf 89' lang='lat' dir='ltr'>vbique</span> <span class='ocrx_word' id='word_1_19' title='bbox 1285 456 1505 512; x_wconf 88' lang='lat' dir='ltr'>gentium.</span> <span class='ocrx_word' id='word_1_20' title='bbox 1543 459 1696 512; x_wconf 81' lang='lat' dir='ltr'>Atque</span> 
     </span>
     <span class='ocr_line' id='line_1_4' title="bbox 72 530 1699 588; baseline 0.003 -16"><span class='ocrx_word' id='word_1_21' title='bbox 72 531 200 582; x_wconf 86' lang='lat' dir='ltr'>adeo,</span> <span class='ocrx_word' id='word_1_22' title='bbox 237 530 273 573; x_wconf 91' lang='lat' dir='ltr'>si</span> <span class='ocrx_word' id='word_1_23' title='bbox 296 545 440 574; x_wconf 83' lang='lat' dir='ltr'>meam</span> <span class='ocrx_word' id='word_1_24' title='bbox 463 531 532 573; x_wconf 86' lang='lat' dir='ltr'>vis</span> <span class='ocrx_word' id='word_1_25' title='bbox 564 531 720 576; x_wconf 88' lang='lat' dir='ltr'>audire</span> <span class='ocrx_word' id='word_1_26' title='bbox 759 531 1045 585; x_wconf 89' lang='lat' dir='ltr'>sententiam,</span> <span class='ocrx_word' id='word_1_27' title='bbox 1073 547 1161 588; x_wconf 87' lang='lat' dir='ltr'>ego</span> <span class='ocrx_word' id='word_1_28' title='bbox 1194 533 1254 576; x_wconf 90' lang='lat' dir='ltr'>ita</span> <span class='ocrx_word' id='word_1_29' title='bbox 1283 547 1462 577; x_wconf 88' lang='lat' dir='ltr'>censeo:</span> <span class='ocrx_word' id='word_1_30' title='bbox 1495 535 1551 576; x_wconf 91' lang='lat' dir='ltr'>ad</span> <span class='ocrx_word' id='word_1_31' title='bbox 1589 535 1699 577; x_wconf 83' lang='lat' dir='ltr'>istos</span> 
     </span>
     <span class='ocr_line' id='line_1_5' title="bbox 22 606 1697 666; baseline 0.002 -16"><span class='ocrx_word' id='word_1_32' title='bbox 22 618 23 621; x_wconf 74' lang='grc'>’</span> <span class='ocrx_word' id='word_1_33' title='bbox 70 606 206 650; x_wconf 90' lang='lat' dir='ltr'>etiam</span> <span class='ocrx_word' id='word_1_34' title='bbox 222 621 379 649; x_wconf 91' lang='lat' dir='ltr'>omnes</span> <span class='ocrx_word' id='word_1_35' title='bbox 394 621 526 662; x_wconf 87' lang='lat' dir='ltr'>posse</span> <span class='ocrx_word' id='word_1_36' title='bbox 543 607 756 651; x_wconf 89' lang='lat' dir='ltr'>exercitia</span> <span class='ocrx_word' id='word_1_37' title='bbox 773 616 928 651; x_wconf 87' lang='lat' dir='ltr'>nostra</span> <span class='ocrx_word' id='word_1_38' title='bbox 946 609 1290 661; x_wconf 85' lang='lat' dir='ltr'>accommodari,</span> <span class='ocrx_word' id='word_1_39' title='bbox 1307 611 1363 652; x_wconf 92' lang='lat' dir='ltr'>ad</span> <span class='ocrx_word' id='word_1_40' title='bbox 1378 610 1581 654; x_wconf 88' lang='lat' dir='ltr'>infideles</span> <span class='ocrx_word' id='word_1_41' title='bbox 1598 611 1697 666; x_wconf 87' lang='lat' dir='ltr'>qui-</span> 
     </span>
     <span class='ocr_line' id='line_1_6' title="bbox 70 683 1698 741; baseline 0.001 -14"><span class='ocrx_word' id='word_1_42' title='bbox 70 685 188 734; x_wconf 89' lang='lat' dir='ltr'>dem,</span> <span class='ocrx_word' id='word_1_43' title='bbox 209 683 247 725; x_wconf 89' lang='lat' dir='ltr'>si</span> <span class='ocrx_word' id='word_1_44' title='bbox 269 697 324 725; x_wconf 92' lang='lat' dir='ltr'>ex</span> <span class='ocrx_word' id='word_1_45' title='bbox 342 684 443 739; x_wconf 88' lang='lat' dir='ltr'>lege</span> <span class='ocrx_word' id='word_1_46' title='bbox 466 691 655 728; x_wconf 86' lang='lat' dir='ltr'>naturae</span> <span class='ocrx_word' id='word_1_47' title='bbox 673 692 912 728; x_wconf 80' lang='lat' dir='ltr'><strong>sumantur</strong></span> <span class='ocrx_word' id='word_1_48' title='bbox 930 685 1151 741; x_wconf 84' lang='lat' dir='ltr'>principia</span> <span class='ocrx_word' id='word_1_49' title='bbox 1174 700 1229 728; x_wconf 86' lang='lat' dir='ltr'>ex</span> <span class='ocrx_word' id='word_1_50' title='bbox 1247 686 1452 729; x_wconf 90' lang='lat' dir='ltr'>doctrina</span> <span class='ocrx_word' id='word_1_51' title='bbox 1472 688 1616 739; x_wconf 84' lang='lat' dir='ltr'>Pauli,</span> <span class='ocrx_word' id='word_1_52' title='bbox 1644 688 1698 730; x_wconf 91' lang='lat' dir='ltr'>ad</span> 
     </span>
     <span class='ocr_line' id='line_1_7' title="bbox 70 760 1696 819; baseline 0.002 -17"><span class='ocrx_word' id='word_1_53' title='bbox 70 761 199 802; x_wconf 86' lang='lat' dir='ltr'>Rom.</span> <span class='ocrx_word' id='word_1_54' title='bbox 225 761 312 816; x_wconf 88' lang='lat' dir='ltr'>p.⁰,</span> <span class='ocrx_word' id='word_1_55' title='bbox 338 770 383 802; x_wconf 90' lang='lat' dir='ltr'>et</span> <span class='ocrx_word' id='word_1_56' title='bbox 405 760 624 804; x_wconf 89' lang='lat' dir='ltr'>Actorum</span> <span class='ocrx_word' id='word_1_57' title='bbox 656 773 722 815; x_wconf 89' lang='lat'>17,</span> <span class='ocrx_word' id='word_1_58' title='bbox 748 761 793 803; x_wconf 90' lang='lat' dir='ltr'>in</span> <span class='ocrx_word' id='word_1_59' title='bbox 816 761 1038 805; x_wconf 82' lang='lat' dir='ltr'>concione</span> <span class='ocrx_word' id='word_1_60' title='bbox 1055 763 1111 817; x_wconf 88' lang='lat' dir='ltr'>ad</span> <span class='ocrx_word' id='word_1_61' title='bbox 1129 762 1429 818; x_wconf 87' lang='lat' dir='ltr'>areopagitas;</span> <span class='ocrx_word' id='word_1_62' title='bbox 1450 763 1486 805; x_wconf 89' lang='lat' dir='ltr'>si</span> <span class='ocrx_word' id='word_1_63' title='bbox 1504 763 1696 819; x_wconf 87' lang='lat' dir='ltr'>primum</span> 
     </span>
     <span class='ocr_line' id='line_1_8' title="bbox 69 837 1699 896; baseline 0.003 -17"><span class='ocrx_word' id='word_1_64' title='bbox 69 837 430 891; x_wconf 79' lang='lat' dir='ltr'>persuadeantur</span> <span class='ocrx_word' id='word_1_65' title='bbox 453 837 646 892; x_wconf 88' lang='lat' dir='ltr'>positiue</span> <span class='ocrx_word' id='word_1_66' title='bbox 670 845 844 880; x_wconf 90' lang='lat' dir='ltr'>tantum</span> <span class='ocrx_word' id='word_1_67' title='bbox 874 839 929 881; x_wconf 92' lang='lat' dir='ltr'>ad</span> <span class='ocrx_word' id='word_1_68' title='bbox 957 840 1106 881; x_wconf 90' lang='lat' dir='ltr'>Deum</span> <span class='ocrx_word' id='word_1_69' title='bbox 1132 839 1252 890; x_wconf 87' lang='lat' dir='ltr'>ferri,</span> <span class='ocrx_word' id='word_1_70' title='bbox 1280 854 1368 882; x_wconf 90' lang='lat' dir='ltr'>non</span> <span class='ocrx_word' id='word_1_71' title='bbox 1394 839 1527 883; x_wconf 85' lang='lat' dir='ltr'>etiam</span> <span class='ocrx_word' id='word_1_72' title='bbox 1558 855 1699 896; x_wconf 88' lang='lat' dir='ltr'>nega-</span> 
     </span>
     <span class='ocr_line' id='line_1_9' title="bbox 71 913 1699 971; baseline 0.002 -17"><span class='ocrx_word' id='word_1_73' title='bbox 71 913 180 965; x_wconf 89' lang='lat' dir='ltr'>tiue,</span> <span class='ocrx_word' id='word_1_74' title='bbox 206 920 255 955; x_wconf 89' lang='lat' dir='ltr'>vt</span> <span class='ocrx_word' id='word_1_75' title='bbox 292 913 464 956; x_wconf 90' lang='lat' dir='ltr'>scilicet</span> <span class='ocrx_word' id='word_1_76' title='bbox 492 916 641 957; x_wconf 90' lang='lat' dir='ltr'>Deum</span> <span class='ocrx_word' id='word_1_77' title='bbox 670 914 904 967; x_wconf 89' lang='lat' dir='ltr'>inuocent,</span> <span class='ocrx_word' id='word_1_78' title='bbox 931 930 1069 958; x_wconf 89' lang='lat' dir='ltr'>vnum</span> <span class='ocrx_word' id='word_1_79' title='bbox 1108 930 1199 958; x_wconf 91' lang='lat' dir='ltr'>non</span> <span class='ocrx_word' id='word_1_80' title='bbox 1227 923 1397 971; x_wconf 81' lang='lat' dir='ltr'>negent</span> <span class='ocrx_word' id='word_1_81' title='bbox 1429 915 1611 968; x_wconf 89' lang='lat' dir='ltr'>trinum,</span> <span class='ocrx_word' id='word_1_82' title='bbox 1638 917 1699 959; x_wconf 92' lang='lat' dir='ltr'>illi</span> 
     </span>
     <span class='ocr_line' id='line_1_10' title="bbox 69 990 1699 1047; baseline 0.002 -16"><span class='ocrx_word' id='word_1_83' title='bbox 69 990 147 1031; x_wconf 84' lang='lat' dir='ltr'>vni</span> <span class='ocrx_word' id='word_1_84' title='bbox 169 991 268 1033; x_wconf 92' lang='lat' dir='ltr'>Deo</span> <span class='ocrx_word' id='word_1_85' title='bbox 290 1004 339 1033; x_wconf 92' lang='lat' dir='ltr'>se</span> <span class='ocrx_word' id='word_1_86' title='bbox 362 992 698 1044; x_wconf 83' lang='lat' dir='ltr'>commendent,</span> <span class='ocrx_word' id='word_1_87' title='bbox 724 991 786 1033; x_wconf 91' lang='lat' dir='ltr'>illi</span> <span class='ocrx_word' id='word_1_88' title='bbox 809 1006 857 1035; x_wconf 91' lang='lat' dir='ltr'>se</span> <span class='ocrx_word' id='word_1_89' title='bbox 888 991 1167 1047; x_wconf 78' lang='lat' dir='ltr'>permittant,</span> <span class='ocrx_word' id='word_1_90' title='bbox 1195 999 1240 1036; x_wconf 89' lang='lat' dir='ltr'>et</span> <span class='ocrx_word' id='word_1_91' title='bbox 1269 992 1449 1047; x_wconf 89' lang='lat' dir='ltr'>quidem</span> <span class='ocrx_word' id='word_1_92' title='bbox 1485 992 1568 1036; x_wconf 79' lang='lat'>206</span> <span class='ocrx_word' id='word_1_93' title='bbox 1597 993 1699 1035; x_wconf 86' lang='lat' dir='ltr'>vni—</span> 
     </span>
     <span class='ocr_line' id='line_1_11' title="bbox 70 1066 1699 1126; baseline 0.002 -18"><span class='ocrx_word' id='word_1_94' title='bbox 70 1080 251 1109; x_wconf 90' lang='lat' dir='ltr'>uersum</span> <span class='ocrx_word' id='word_1_95' title='bbox 275 1066 594 1119; x_wconf 82' lang='lat' dir='ltr'>exercitiorum</span> <span class='ocrx_word' id='word_1_96' title='bbox 619 1068 961 1110; x_wconf 86' lang='lat' dir='ltr'>fundamentum</span> <span class='ocrx_word' id='word_1_97' title='bbox 986 1069 1040 1111; x_wconf 88' lang='lat' dir='ltr'>ad</span> <span class='ocrx_word' id='word_1_98' title='bbox 1064 1070 1181 1110; x_wconf 90' lang='lat' dir='ltr'>hanc</span> <span class='ocrx_word' id='word_1_99' title='bbox 1205 1068 1424 1113; x_wconf 91' lang='lat' dir='ltr'>rationem</span> <span class='ocrx_word' id='word_1_100' title='bbox 1444 1069 1574 1112; x_wconf 86' lang='lat' dir='ltr'>facile</span> <span class='ocrx_word' id='word_1_101' title='bbox 1598 1077 1699 1126; x_wconf 85' lang='lat' dir='ltr'>pot-</span> 
     </span>
     <span class='ocr_line' id='line_1_12' title="bbox 69 1143 1697 1200; baseline 0.004 -16"><span class='ocrx_word' id='word_1_102' title='bbox 69 1149 137 1185; x_wconf 90' lang='lat' dir='ltr'>est</span> <span class='ocrx_word' id='word_1_103' title='bbox 166 1143 514 1188; x_wconf 87' lang='lat' dir='ltr'>accommodari.</span> <span class='ocrx_word' id='word_1_104' title='bbox 547 1145 664 1187; x_wconf 92' lang='lat' dir='ltr'>Tum</span> <span class='ocrx_word' id='word_1_105' title='bbox 702 1144 872 1200; x_wconf 81' lang='lat' dir='ltr'>primae</span> <span class='ocrx_word' id='word_1_106' title='bbox 908 1145 1218 1188; x_wconf 83' lang='lat' dir='ltr'>hebdomadae</span> <span class='ocrx_word' id='word_1_107' title='bbox 1251 1145 1580 1189; x_wconf 79' lang='lat' dir='ltr'>meditationes:</span> <span class='ocrx_word' id='word_1_108' title='bbox 1608 1162 1697 1190; x_wconf 91' lang='lat' dir='ltr'>non</span> 
     </span>
     <span class='ocr_line' id='line_1_13' title="bbox 67 1218 1699 1276; baseline 0.002 -14"><span class='ocrx_word' id='word_1_109' title='bbox 67 1218 152 1262; x_wconf 90' lang='lat' dir='ltr'>erit</span> <span class='ocrx_word' id='word_1_110' title='bbox 175 1226 324 1262; x_wconf 89' lang='lat' dir='ltr'>autem</span> <span class='ocrx_word' id='word_1_111' title='bbox 351 1220 696 1275; x_wconf 85' lang='lat' dir='ltr'>praescribenda</span> <span class='ocrx_word' id='word_1_112' title='bbox 729 1235 812 1264; x_wconf 91' lang='lat' dir='ltr'>nec</span> <span class='ocrx_word' id='word_1_113' title='bbox 845 1221 1085 1273; x_wconf 89' lang='lat' dir='ltr'>confessio,</span> <span class='ocrx_word' id='word_1_114' title='bbox 1112 1236 1195 1264; x_wconf 92' lang='lat' dir='ltr'>nec</span> <span class='ocrx_word' id='word_1_115' title='bbox 1229 1222 1504 1276; x_wconf 89' lang='lat' dir='ltr'>communio,</span> <span class='ocrx_word' id='word_1_116' title='bbox 1530 1224 1608 1266; x_wconf 90' lang='lat' dir='ltr'>sed</span> <span class='ocrx_word' id='word_1_117' title='bbox 1643 1224 1699 1266; x_wconf 89' lang='lat' dir='ltr'>ad</span> 
     </span>
     <span class='ocr_line' id='line_1_14' title="bbox 68 1296 1695 1359; baseline 0.002 -21"><span class='ocrx_word' id='word_1_118' title='bbox 68 1310 166 1338; x_wconf 91' lang='lat' dir='ltr'>eam</span> <span class='ocrx_word' id='word_1_119' title='bbox 199 1296 517 1339; x_wconf 87' lang='lat' dir='ltr'>contritionem</span> <span class='ocrx_word' id='word_1_120' title='bbox 547 1297 813 1349; x_wconf 91' lang='lat' dir='ltr'>sistendum,</span> <span class='ocrx_word' id='word_1_121' title='bbox 846 1313 961 1353; x_wconf 86' lang='lat' dir='ltr'>quae</span> <span class='ocrx_word' id='word_1_122' title='bbox 990 1299 1244 1359; x_wconf 88' lang='lat' dir='ltr'>necessaria</span> <span class='ocrx_word' id='word_1_123' title='bbox 1272 1299 1407 1342; x_wconf 88' lang='lat' dir='ltr'>etiam</span> <span class='ocrx_word' id='word_1_124' title='bbox 1446 1307 1551 1343; x_wconf 88' lang='lat' dir='ltr'>ante</span> <span class='ocrx_word' id='word_1_125' title='bbox 1589 1300 1695 1355; x_wconf 87' lang='lat' dir='ltr'>Xpi.</span> 
     </span>
     <span class='ocr_line' id='line_1_15' title="bbox 69 1373 1699 1433; baseline 0.004 -18"><span class='ocrx_word' id='word_1_126' title='bbox 69 1373 360 1429; x_wconf 88' lang='lat' dir='ltr'>euangelium</span> <span class='ocrx_word' id='word_1_127' title='bbox 385 1373 469 1415; x_wconf 87' lang='lat' dir='ltr'>fuit</span> <span class='ocrx_word' id='word_1_128' title='bbox 497 1374 728 1430; x_wconf 89' lang='lat' dir='ltr'>gentibus.</span> <span class='ocrx_word' id='word_1_129' title='bbox 762 1374 882 1417; x_wconf 90' lang='lat' dir='ltr'>Hinc</span> <span class='ocrx_word' id='word_1_130' title='bbox 912 1375 1227 1418; x_wconf 81' lang='lat' dir='ltr'>meditationes</span> <span class='ocrx_word' id='word_1_131' title='bbox 1256 1376 1490 1420; x_wconf 90' lang='lat' dir='ltr'>addendae</span> <span class='ocrx_word' id='word_1_132' title='bbox 1513 1392 1568 1420; x_wconf 88' lang='lat' dir='ltr'>ex</span> <span class='ocrx_word' id='word_1_133' title='bbox 1595 1378 1699 1433; x_wconf 89' lang='lat' dir='ltr'>lege</span> 
     </span>
     <span class='ocr_line' id='line_1_16' title="bbox 70 1451 1696 1505; baseline 0.002 -14"><span class='ocrx_word' id='word_1_134' title='bbox 70 1456 258 1493; x_wconf 79' lang='lat' dir='ltr'>naturae</span> <span class='ocrx_word' id='word_1_135' title='bbox 282 1458 325 1492; x_wconf 90' lang='lat' dir='ltr'>et</span> <span class='ocrx_word' id='word_1_136' title='bbox 355 1465 410 1494; x_wconf 92' lang='lat' dir='ltr'>ex</span> <span class='ocrx_word' id='word_1_137' title='bbox 438 1451 658 1495; x_wconf 81' lang='lat' dir='ltr'>confessis</span> <span class='ocrx_word' id='word_1_138' title='bbox 687 1452 743 1493; x_wconf 87' lang='lat' dir='ltr'>ab</span> <span class='ocrx_word' id='word_1_139' title='bbox 776 1451 946 1494; x_wconf 88' lang='lat' dir='ltr'>infideli</span> <span class='ocrx_word' id='word_1_140' title='bbox 979 1451 1246 1495; x_wconf 87' lang='lat' dir='ltr'>veritatibus</span> <span class='ocrx_word' id='word_1_141' title='bbox 1276 1453 1526 1505; x_wconf 79' lang='lat' dir='ltr'>catholicis,</span> <span class='ocrx_word' id='word_1_142' title='bbox 1552 1453 1696 1496; x_wconf 87' lang='lat' dir='ltr'>sicubi</span> 
     </span>
     <span class='ocr_line' id='line_1_17' title="bbox 68 1527 1695 1586; baseline 0.003 -18"><span class='ocrx_word' id='word_1_143' title='bbox 68 1539 170 1568; x_wconf 87' lang='lat' dir='ltr'>cum</span> <span class='ocrx_word' id='word_1_144' title='bbox 193 1528 441 1569; x_wconf 90' lang='lat' dir='ltr'>orthodoxa</span> <span class='ocrx_word' id='word_1_145' title='bbox 464 1528 552 1570; x_wconf 88' lang='lat' dir='ltr'>fide</span> <span class='ocrx_word' id='word_1_146' title='bbox 575 1527 660 1570; x_wconf 89' lang='lat' dir='ltr'>illis</span> <span class='ocrx_word' id='word_1_147' title='bbox 683 1529 798 1572; x_wconf 89' lang='lat' dir='ltr'>bene</span> <span class='ocrx_word' id='word_1_148' title='bbox 819 1528 1052 1582; x_wconf 89' lang='lat' dir='ltr'>conuenit,</span> <span class='ocrx_word' id='word_1_149' title='bbox 1078 1528 1174 1571; x_wconf 90' lang='lat' dir='ltr'>siue</span> <span class='ocrx_word' id='word_1_150' title='bbox 1203 1528 1288 1571; x_wconf 90' lang='lat' dir='ltr'>illis</span> <span class='ocrx_word' id='word_1_151' title='bbox 1311 1529 1487 1584; x_wconf 82' lang='lat' dir='ltr'>aliquae</span> <span class='ocrx_word' id='word_1_152' title='bbox 1509 1545 1695 1586; x_wconf 85' lang='lat' dir='ltr'>persua-</span> 
     </span>
     <span class='ocr_line' id='line_1_18' title="bbox 67 1601 1697 1662; baseline 0.003 -18"><span class='ocrx_word' id='word_1_153' title='bbox 67 1601 162 1644; x_wconf 89' lang='lat' dir='ltr'>deri</span> <span class='ocrx_word' id='word_1_154' title='bbox 185 1603 373 1658; x_wconf 90' lang='lat' dir='ltr'>possint.</span> <span class='ocrx_word' id='word_1_155' title='bbox 400 1604 520 1647; x_wconf 91' lang='lat' dir='ltr'>Nihil</span> <span class='ocrx_word' id='word_1_156' title='bbox 554 1605 610 1646; x_wconf 92' lang='lat' dir='ltr'>de</span> <span class='ocrx_word' id='word_1_157' title='bbox 643 1604 864 1650; x_wconf 88' lang='lat' dir='ltr'>Trinitate</span> <span class='ocrx_word' id='word_1_158' title='bbox 896 1604 982 1647; x_wconf 90' lang='lat' dir='ltr'>iam</span> <span class='ocrx_word' id='word_1_159' title='bbox 1016 1604 1225 1660; x_wconf 90' lang='lat' dir='ltr'>primum,</span> <span class='ocrx_word' id='word_1_160' title='bbox 1251 1605 1364 1647; x_wconf 92' lang='lat' dir='ltr'>nihil</span> <span class='ocrx_word' id='word_1_161' title='bbox 1393 1607 1449 1649; x_wconf 90' lang='lat' dir='ltr'>de</span> <span class='ocrx_word' id='word_1_162' title='bbox 1474 1608 1593 1662; x_wconf 92' lang='lat' dir='ltr'>Xpo.</span> <span class='ocrx_word' id='word_1_163' title='bbox 1627 1614 1697 1649; x_wconf 86' lang='lat' dir='ltr'>est</span> 
     </span>
     <span class='ocr_line' id='line_1_19' title="bbox 67 1679 1697 1739; baseline 0.003 -19"><span class='ocrx_word' id='word_1_164' title='bbox 67 1679 154 1721; x_wconf 93' lang='lat' dir='ltr'>illis</span> <span class='ocrx_word' id='word_1_165' title='bbox 187 1682 546 1735; x_wconf 88' lang='lat' dir='ltr'>proponendum:</span> <span class='ocrx_word' id='word_1_166' title='bbox 580 1682 824 1724; x_wconf 87' lang='lat' dir='ltr'>tradendae</span> <span class='ocrx_word' id='word_1_167' title='bbox 852 1682 1086 1725; x_wconf 91' lang='lat' dir='ltr'>commode</span> <span class='ocrx_word' id='word_1_168' title='bbox 1123 1696 1231 1724; x_wconf 85' lang='lat' dir='ltr'>vero</span> <span class='ocrx_word' id='word_1_169' title='bbox 1254 1697 1336 1725; x_wconf 93' lang='lat' dir='ltr'>suo</span> <span class='ocrx_word' id='word_1_170' title='bbox 1361 1692 1574 1738; x_wconf 89' lang='lat' dir='ltr'>tempore,</span> <span class='ocrx_word' id='word_1_171' title='bbox 1607 1684 1613 1739; x_wconf 88' lang='grc' dir='ltr'>Ι</span> <span class='ocrx_word' id='word_1_172' title='bbox 1641 1684 1697 1725; x_wconf 91' lang='lat' dir='ltr'>ad</span> 
     </span>
     <span class='ocr_line' id='line_1_20' title="bbox 65 1751 1740 1814; baseline 0.004 -17"><span class='ocrx_word' id='word_1_173' title='bbox 65 1756 403 1799; x_wconf 88' lang='lat' dir='ltr'>similitudinem</span> <span class='ocrx_word' id='word_1_174' title='bbox 427 1757 767 1800; x_wconf 88' lang='lat' dir='ltr'>meditationum</span> <span class='ocrx_word' id='word_1_175' title='bbox 792 1757 912 1814; x_wconf 87' lang='lat' dir='ltr'>regis</span> <span class='ocrx_word' id='word_1_176' title='bbox 936 1758 1192 1814; x_wconf 89' lang='lat' dir='ltr'>temporalis</span> <span class='ocrx_word' id='word_1_177' title='bbox 1214 1766 1259 1801; x_wconf 87' lang='lat' dir='ltr'>et</span> <span class='ocrx_word' id='word_1_178' title='bbox 1282 1759 1562 1812; x_wconf 81' lang='lat' dir='ltr'>vexillorum,</span> <span class='ocrx_word' id='word_1_179' title='bbox 1589 1775 1696 1803; x_wconf 89' lang='lat' dir='ltr'>suae</span> <span class='ocrx_word' id='word_1_180' title='bbox 1737 1751 1740 1755; x_wconf 39' lang='lat'>⁵</span> 
     </span>
     <span class='ocr_line' id='line_1_21' title="bbox 65 1832 1695 1885; baseline 0.003 -11"><span class='ocrx_word' id='word_1_181' title='bbox 65 1832 395 1885; x_wconf 80' lang='lat' dir='ltr'>meditationeS,</span> <span class='ocrx_word' id='word_1_182' title='bbox 421 1841 466 1876; x_wconf 89' lang='lat' dir='ltr'>et</span> <span class='ocrx_word' id='word_1_183' title='bbox 484 1834 540 1877; x_wconf 93' lang='lat' dir='ltr'>ad</span> <span class='ocrx_word' id='word_1_184' title='bbox 563 1848 702 1876; x_wconf 85' lang='lat' dir='ltr'>vnum</span> <span class='ocrx_word' id='word_1_185' title='bbox 720 1836 867 1877; x_wconf 91' lang='lat' dir='ltr'>Deum</span> <span class='ocrx_word' id='word_1_186' title='bbox 887 1836 1166 1878; x_wconf 87' lang='lat' dir='ltr'>referendae.</span> <span class='ocrx_word' id='word_1_187' title='bbox 1195 1837 1432 1878; x_wconf 83' lang='lat' dir='ltr'>Postremo</span> <span class='ocrx_word' id='word_1_188' title='bbox 1450 1837 1695 1880; x_wconf 88' lang='lat' dir='ltr'>electiones</span> 
     </span>
     <span class='ocr_line' id='line_1_22' title="bbox 64 1908 1692 1967; baseline 0.003 -17"><span class='ocrx_word' id='word_1_189' title='bbox 64 1908 152 1951; x_wconf 89' lang='lat' dir='ltr'>illis</span> <span class='ocrx_word' id='word_1_190' title='bbox 174 1909 576 1953; x_wconf 86' lang='lat' dir='ltr'>communicandae</span> <span class='ocrx_word' id='word_1_191' title='bbox 599 1917 895 1966; x_wconf 87' lang='lat' dir='ltr'>attemperate</span> <span class='ocrx_word' id='word_1_192' title='bbox 919 1912 975 1953; x_wconf 91' lang='lat' dir='ltr'>ad</span> <span class='ocrx_word' id='word_1_193' title='bbox 997 1926 1152 1954; x_wconf 88' lang='lat' dir='ltr'>eorum</span> <span class='ocrx_word' id='word_1_194' title='bbox 1178 1919 1359 1967; x_wconf 83' lang='lat' dir='ltr'>captum</span> <span class='ocrx_word' id='word_1_195' title='bbox 1389 1920 1434 1955; x_wconf 90' lang='lat' dir='ltr'>et</span> <span class='ocrx_word' id='word_1_196' title='bbox 1456 1913 1692 1965; x_wconf 86' lang='lat' dir='ltr'>rationem,</span> 
     </span>
     <span class='ocr_line' id='line_1_23' title="bbox 64 1985 1691 2044; baseline 0.002 -17"><span class='ocrx_word' id='word_1_197' title='bbox 64 1985 100 2027; x_wconf 90' lang='lat' dir='ltr'>si</span> <span class='ocrx_word' id='word_1_198' title='bbox 125 2000 241 2040; x_wconf 86' lang='lat' dir='ltr'>quae</span> <span class='ocrx_word' id='word_1_199' title='bbox 263 1985 459 2043; x_wconf 84' lang='lat' dir='ltr'>diximus</span> <span class='ocrx_word' id='word_1_200' title='bbox 481 1985 694 2029; x_wconf 89' lang='lat' dir='ltr'>exercitia</span> <span class='ocrx_word' id='word_1_201' title='bbox 723 1986 807 2030; x_wconf 88' lang='lat' dir='ltr'>rite</span> <span class='ocrx_word' id='word_1_202' title='bbox 836 1987 1112 2043; x_wconf 83' lang='lat' dir='ltr'>peregerint,</span> <span class='ocrx_word' id='word_1_203' title='bbox 1139 1987 1174 2030; x_wconf 93' lang='lat' dir='ltr'>si</span> <span class='ocrx_word' id='word_1_204' title='bbox 1204 1990 1303 2039; x_wconf 89' lang='lat' dir='ltr'>Deo</span> <span class='ocrx_word' id='word_1_205' title='bbox 1333 2003 1384 2032; x_wconf 88' lang='lat' dir='ltr'>se</span> <span class='ocrx_word' id='word_1_206' title='bbox 1412 1988 1691 2044; x_wconf 84' lang='lat' dir='ltr'>permittant,</span> 
     </span>
     <span class='ocr_line' id='line_1_24' title="bbox 65 2061 1693 2120; baseline 0.002 -17"><span class='ocrx_word' id='word_1_207' title='bbox 65 2061 175 2103; x_wconf 89' lang='lat' dir='ltr'>nihil</span> <span class='ocrx_word' id='word_1_208' title='bbox 196 2076 352 2104; x_wconf 88' lang='lat' dir='ltr'>eorum</span> <span class='ocrx_word' id='word_1_209' title='bbox 383 2070 622 2116; x_wconf 75' lang='lat' dir='ltr'>negantes,</span> <span class='ocrx_word' id='word_1_210' title='bbox 649 2077 764 2117; x_wconf 89' lang='lat' dir='ltr'>quae</span> <span class='ocrx_word' id='word_1_211' title='bbox 802 2062 981 2118; x_wconf 88' lang='lat' dir='ltr'>xpiana.</span> <span class='ocrx_word' id='word_1_212' title='bbox 1014 2064 1126 2107; x_wconf 86' lang='lat' dir='ltr'>fides</span> <span class='ocrx_word' id='word_1_213' title='bbox 1155 2065 1414 2116; x_wconf 87' lang='lat' dir='ltr'>confitetur,</span> <span class='ocrx_word' id='word_1_214' title='bbox 1441 2072 1486 2107; x_wconf 92' lang='lat' dir='ltr'>et</span> <span class='ocrx_word' id='word_1_215' title='bbox 1518 2065 1693 2120; x_wconf 90' lang='lat' dir='ltr'>praedi-</span> 
     </span>
     <span class='ocr_line' id='line_1_25' title="bbox 63 2138 1691 2197; baseline 0.001 -17"><span class='ocrx_word' id='word_1_216' title='bbox 63 2145 150 2190; x_wconf 90' lang='lat' dir='ltr'>cat,</span> <span class='ocrx_word' id='word_1_217' title='bbox 178 2139 298 2192; x_wconf 86' lang='lat' dir='ltr'>quod</span> <span class='ocrx_word' id='word_1_218' title='bbox 320 2138 505 2181; x_wconf 84' lang='lat' dir='ltr'>difficile</span> <span class='ocrx_word' id='word_1_219' title='bbox 528 2153 619 2181; x_wconf 91' lang='lat' dir='ltr'>non</span> <span class='ocrx_word' id='word_1_220' title='bbox 638 2139 816 2182; x_wconf 89' lang='lat' dir='ltr'>videtur</span> <span class='ocrx_word' id='word_1_221' title='bbox 838 2140 1167 2184; x_wconf 86' lang='lat' dir='ltr'>mahometanis</span> <span class='ocrx_word' id='word_1_222' title='bbox 1190 2141 1450 2196; x_wconf 89' lang='lat' dir='ltr'>persuaderi</span> <span class='ocrx_word' id='word_1_223' title='bbox 1475 2156 1622 2197; x_wconf 84' lang='lat' dir='ltr'>posse,</span> <span class='ocrx_word' id='word_1_224' title='bbox 1646 2150 1691 2183; x_wconf 83' lang='lat' dir='ltr'>vt</span> 
     </span>
     <span class='ocr_line' id='line_1_26' title="bbox 63 2215 1693 2271; baseline 0.002 -15"><span class='ocrx_word' id='word_1_225' title='bbox 63 2215 139 2269; x_wconf 88' lang='lat' dir='ltr'>qui</span> <span class='ocrx_word' id='word_1_226' title='bbox 162 2215 461 2270; x_wconf 85' lang='lat' dir='ltr'>profiteantur</span> <span class='ocrx_word' id='word_1_227' title='bbox 484 2223 528 2257; x_wconf 91' lang='lat' dir='ltr'>et</span> <span class='ocrx_word' id='word_1_228' title='bbox 551 2223 751 2258; x_wconf 89' lang='lat' dir='ltr'>nostram</span> <span class='ocrx_word' id='word_1_229' title='bbox 774 2216 924 2271; x_wconf 85' lang='lat' dir='ltr'>legem</span> <span class='ocrx_word' id='word_1_230' title='bbox 946 2224 990 2259; x_wconf 91' lang='lat' dir='ltr'>et</span> <span class='ocrx_word' id='word_1_231' title='bbox 1013 2231 1146 2259; x_wconf 90' lang='lat' dir='ltr'>suum</span> <span class='ocrx_word' id='word_1_232' title='bbox 1170 2217 1464 2260; x_wconf 86' lang='lat' dir='ltr'>alchoranum</span> <span class='ocrx_word' id='word_1_233' title='bbox 1496 2219 1551 2260; x_wconf 90' lang='lat' dir='ltr'>ad</span> <span class='ocrx_word' id='word_1_234' title='bbox 1575 2219 1693 2260; x_wconf 86' lang='lat' dir='ltr'>salu—</span> 
     </span>
     <span class='ocr_line' id='line_1_27' title="bbox 64 2291 1691 2346; baseline 0.002 -14"><span class='ocrx_word' id='word_1_235' title='bbox 64 2297 153 2333; x_wconf 89' lang='lat' dir='ltr'>tem</span> <span class='ocrx_word' id='word_1_236' title='bbox 177 2292 440 2346; x_wconf 88' lang='lat' dir='ltr'>perducere.</span> <span class='ocrx_word' id='word_1_237' title='bbox 463 2291 704 2334; x_wconf 90' lang='lat' dir='ltr'>Caeterum</span> <span class='ocrx_word' id='word_1_238' title='bbox 728 2291 874 2335; x_wconf 91' lang='lat' dir='ltr'>cuiuis</span> <span class='ocrx_word' id='word_1_239' title='bbox 892 2292 1077 2344; x_wconf 88' lang='lat' dir='ltr'>infideli,</span> <span class='ocrx_word' id='word_1_240' title='bbox 1097 2297 1180 2338; x_wconf 85' lang='lat'>207</span> <span class='ocrx_word' id='word_1_241' title='bbox 1198 2294 1333 2335; x_wconf 89' lang='lat' dir='ltr'>modo</span> <span class='ocrx_word' id='word_1_242' title='bbox 1353 2293 1514 2336; x_wconf 91' lang='lat' dir='ltr'>rationi</span> <span class='ocrx_word' id='word_1_243' title='bbox 1532 2309 1691 2337; x_wconf 83' lang='lat' dir='ltr'>neces-</span> 
     </span>
     <span class='ocr_line' id='line_1_28' title="bbox 63 2367 1691 2424; baseline 0.002 -15"><span class='ocrx_word' id='word_1_244' title='bbox 63 2367 206 2411; x_wconf 87' lang='lat' dir='ltr'>sariae</span> <span class='ocrx_word' id='word_1_245' title='bbox 236 2367 491 2411; x_wconf 89' lang='lat' dir='ltr'>consentire</span> <span class='ocrx_word' id='word_1_246' title='bbox 523 2367 653 2419; x_wconf 86' lang='lat' dir='ltr'>velit,</span> <span class='ocrx_word' id='word_1_247' title='bbox 693 2367 778 2410; x_wconf 89' lang='lat' dir='ltr'>erit</span> <span class='ocrx_word' id='word_1_248' title='bbox 815 2368 946 2411; x_wconf 90' lang='lat' dir='ltr'>facile</span> <span class='ocrx_word' id='word_1_249' title='bbox 965 2379 1247 2424; x_wconf 59' lang='lat' dir='ltr'>“persuasum</span> <span class='ocrx_word' id='word_1_250' title='bbox 1287 2377 1335 2411; x_wconf 87' lang='lat' dir='ltr'>vt</span> <span class='ocrx_word' id='word_1_251' title='bbox 1365 2369 1410 2411; x_wconf 90' lang='lat' dir='ltr'>in</span> <span class='ocrx_word' id='word_1_252' title='bbox 1442 2369 1511 2412; x_wconf 91' lang='lat' dir='ltr'>his</span> <span class='ocrx_word' id='word_1_253' title='bbox 1548 2371 1691 2412; x_wconf 88' lang='lat' dir='ltr'>solum</span> 
     </span>
     <span class='ocr_line' id='line_1_29' title="bbox 61 2443 1691 2500; baseline 0.002 -15"><span class='ocrx_word' id='word_1_254' title='bbox 61 2443 281 2486; x_wconf 89' lang='lat' dir='ltr'>consistat</span> <span class='ocrx_word' id='word_1_255' title='bbox 303 2458 355 2486; x_wconf 91' lang='lat' dir='ltr'>ac</span> <span class='ocrx_word' id='word_1_256' title='bbox 378 2450 600 2496; x_wconf 85' lang='lat' dir='ltr'>versetur,</span> <span class='ocrx_word' id='word_1_257' title='bbox 622 2458 737 2498; x_wconf 87' lang='lat' dir='ltr'>quae</span> <span class='ocrx_word' id='word_1_258' title='bbox 762 2446 830 2487; x_wconf 83' lang='lat' dir='ltr'>vel</span> <span class='ocrx_word' id='word_1_259' title='bbox 852 2445 954 2500; x_wconf 88' lang='lat' dir='ltr'>lege</span> <span class='ocrx_word' id='word_1_260' title='bbox 977 2453 1164 2488; x_wconf 88' lang='lat' dir='ltr'>naturae</span> <span class='ocrx_word' id='word_1_261' title='bbox 1187 2453 1232 2488; x_wconf 90' lang='lat' dir='ltr'>et</span> <span class='ocrx_word' id='word_1_262' title='bbox 1255 2446 1429 2489; x_wconf 92' lang='lat' dir='ltr'>ratione</span> <span class='ocrx_word' id='word_1_263' title='bbox 1452 2447 1691 2490; x_wconf 84' lang='lat' dir='ltr'>manifesta</span> 
     </span>
     <span class='ocr_line' id='line_1_30' title="bbox 63 2519 1689 2577; baseline 0.002 -16"><span class='ocrx_word' id='word_1_264' title='bbox 63 2526 185 2572; x_wconf 85' lang='lat' dir='ltr'>sunt,</span> <span class='ocrx_word' id='word_1_265' title='bbox 211 2521 281 2562; x_wconf 90' lang='lat' dir='ltr'>vel</span> <span class='ocrx_word' id='word_1_266' title='bbox 304 2520 379 2562; x_wconf 91' lang='lat' dir='ltr'>ille</span> <span class='ocrx_word' id='word_1_267' title='bbox 401 2519 633 2576; x_wconf 91' lang='lat' dir='ltr'>speciatim</span> <span class='ocrx_word' id='word_1_268' title='bbox 657 2528 674 2545; x_wconf 70' lang='lat' dir='ltr'>a</span> <span class='ocrx_word' id='word_1_269' title='bbox 697 2536 752 2564; x_wconf 86' lang='lat' dir='ltr'>ex</span> <span class='ocrx_word' id='word_1_270' title='bbox 769 2535 851 2563; x_wconf 90' lang='lat' dir='ltr'>sua</span> <span class='ocrx_word' id='word_1_271' title='bbox 869 2522 971 2577; x_wconf 90' lang='lat' dir='ltr'>lege</span> <span class='ocrx_word' id='word_1_272' title='bbox 989 2522 1248 2574; x_wconf 81' lang='lat' dir='ltr'>confitetur3</span> <span class='ocrx_word' id='word_1_273' title='bbox 1276 2522 1454 2565; x_wconf 86' lang='lat' dir='ltr'>veritati</span> <span class='ocrx_word' id='word_1_274' title='bbox 1471 2523 1589 2565; x_wconf 87' lang='lat' dir='ltr'>enim</span> <span class='ocrx_word' id='word_1_275' title='bbox 1614 2523 1689 2564; x_wconf 84' lang='lat' dir='ltr'>vni</span> 
     </span>
     <span class='ocr_line' id='line_1_31' title="bbox 63 2596 1689 2654; baseline 0.002 -17"><span class='ocrx_word' id='word_1_276' title='bbox 63 2610 264 2639; x_wconf 89' lang='lat' dir='ltr'>summae</span> <span class='ocrx_word' id='word_1_277' title='bbox 294 2596 330 2639; x_wconf 89' lang='lat' dir='ltr'>si</span> <span class='ocrx_word' id='word_1_278' title='bbox 361 2597 461 2651; x_wconf 90' lang='lat' dir='ltr'>quis</span> <span class='ocrx_word' id='word_1_279' title='bbox 491 2611 538 2639; x_wconf 86' lang='lat' dir='ltr'>se</span> <span class='ocrx_word' id='word_1_280' title='bbox 568 2596 834 2649; x_wconf 89' lang='lat' dir='ltr'>committat,</span> <span class='ocrx_word' id='word_1_281' title='bbox 865 2611 972 2641; x_wconf 83' lang='lat' dir='ltr'>vere</span> <span class='ocrx_word' id='word_1_282' title='bbox 1002 2598 1038 2640; x_wconf 91' lang='lat' dir='ltr'>is</span> <span class='ocrx_word' id='word_1_283' title='bbox 1075 2598 1166 2640; x_wconf 87' lang='lat' dir='ltr'>falli</span> <span class='ocrx_word' id='word_1_284' title='bbox 1205 2613 1296 2640; x_wconf 91' lang='lat' dir='ltr'>non</span> <span class='ocrx_word' id='word_1_285' title='bbox 1325 2606 1488 2654; x_wconf 91' lang='lat' dir='ltr'>potest.</span> <span class='ocrx_word' id='word_1_286' title='bbox 1518 2599 1689 2641; x_wconf 87' lang='lat' dir='ltr'>Electio</span> 
     </span>
     <span class='ocr_line' id='line_1_32' title="bbox 62 2672 1689 2729; baseline 0.003 -16"><span class='ocrx_word' id='word_1_287' title='bbox 62 2686 169 2714; x_wconf 92' lang='lat' dir='ltr'>vero</span> <span class='ocrx_word' id='word_1_288' title='bbox 193 2673 484 2728; x_wconf 88' lang='lat' dir='ltr'>proponenda</span> <span class='ocrx_word' id='word_1_289' title='bbox 512 2672 556 2714; x_wconf 92' lang='lat' dir='ltr'>in</span> <span class='ocrx_word' id='word_1_290' title='bbox 581 2687 749 2728; x_wconf 81' lang='lat' dir='ltr'>genere</span> <span class='ocrx_word' id='word_1_291' title='bbox 773 2675 983 2727; x_wconf 88' lang='lat' dir='ltr'>quodam,</span> <span class='ocrx_word' id='word_1_292' title='bbox 1010 2688 1098 2716; x_wconf 89' lang='lat' dir='ltr'>non</span> <span class='ocrx_word' id='word_1_293' title='bbox 1124 2674 1200 2729; x_wconf 89' lang='lat' dir='ltr'>qui</span> <span class='ocrx_word' id='word_1_294' title='bbox 1223 2674 1460 2718; x_wconf 90' lang='lat' dir='ltr'>iubeamus</span> <span class='ocrx_word' id='word_1_295' title='bbox 1483 2675 1689 2718; x_wconf 88' lang='lat' dir='ltr'>dubitare</span> 
     </span>
     <span class='ocr_line' id='line_1_33' title="bbox 62 2748 1691 2807; baseline 0.002 -17"><span class='ocrx_word' id='word_1_296' title='bbox 62 2748 120 2791; x_wconf 88' lang='lat' dir='ltr'>de</span> <span class='ocrx_word' id='word_1_297' title='bbox 142 2762 252 2791; x_wconf 90' lang='lat' dir='ltr'>suae</span> <span class='ocrx_word' id='word_1_298' title='bbox 273 2749 389 2805; x_wconf 89' lang='lat' dir='ltr'>legis</span> <span class='ocrx_word' id='word_1_299' title='bbox 418 2748 709 2804; x_wconf 88' lang='lat' dir='ltr'>persuasione</span> <span class='ocrx_word' id='word_1_300' title='bbox 739 2749 810 2792; x_wconf 91' lang='lat' dir='ltr'>vel</span> <span class='ocrx_word' id='word_1_301' title='bbox 839 2750 950 2800; x_wconf 89' lang='lat' dir='ltr'>fide,</span> <span class='ocrx_word' id='word_1_302' title='bbox 984 2750 1063 2792; x_wconf 90' lang='lat' dir='ltr'>sed</span> <span class='ocrx_word' id='word_1_303' title='bbox 1092 2764 1170 2805; x_wconf 88' lang='lat' dir='ltr'>per</span> <span class='ocrx_word' id='word_1_304' title='bbox 1200 2750 1548 2793; x_wconf 86' lang='lat' dir='ltr'>abstractionem</span> <span class='ocrx_word' id='word_1_305' title='bbox 1573 2751 1691 2807; x_wconf 85' lang='lat' dir='ltr'>legis</span> 
     </span>
     <span class='ocr_line' id='line_1_34' title="bbox 62 2823 1683 2882; baseline 0.002 -16"><span class='ocrx_word' id='word_1_306' title='bbox 62 2823 265 2867; x_wconf 92' lang='lat' dir='ltr'>cuiusuis</span> <span class='ocrx_word' id='word_1_307' title='bbox 292 2827 440 2868; x_wconf 90' lang='lat' dir='ltr'>Deum</span> <span class='ocrx_word' id='word_1_308' title='bbox 463 2825 677 2868; x_wconf 88' lang='lat' dir='ltr'>inuocent</span> <span class='ocrx_word' id='word_1_309' title='bbox 700 2839 752 2867; x_wconf 91' lang='lat' dir='ltr'>ac</span> <span class='ocrx_word' id='word_1_310' title='bbox 774 2826 1029 2877; x_wconf 87' lang='lat' dir='ltr'>consulant,</span> <span class='ocrx_word' id='word_1_311' title='bbox 1052 2832 1099 2867; x_wconf 87' lang='lat' dir='ltr'>vt</span> <span class='ocrx_word' id='word_1_312' title='bbox 1117 2826 1354 2870; x_wconf 86' lang='lat' dir='ltr'>veritatem</span> <span class='ocrx_word' id='word_1_313' title='bbox 1374 2826 1480 2882; x_wconf 89' lang='lat' dir='ltr'>ipsis</span> <span class='ocrx_word' id='word_1_314' title='bbox 1499 2827 1683 2882; x_wconf 90' lang='lat' dir='ltr'>aperiat.</span> 
     </span>
     <span class='ocr_line' id='line_1_35' title="bbox 62 2900 1685 2958; baseline 0.001 -14"><span class='ocrx_word' id='word_1_315' title='bbox 62 2900 110 2944; x_wconf 84' lang='lat' dir='ltr'>Si</span> <span class='ocrx_word' id='word_1_316' title='bbox 140 2908 293 2945; x_wconf 90' lang='lat' dir='ltr'>tamen</span> <span class='ocrx_word' id='word_1_317' title='bbox 315 2901 478 2944; x_wconf 90' lang='lat' dir='ltr'>adduci</span> <span class='ocrx_word' id='word_1_318' title='bbox 501 2908 691 2957; x_wconf 88' lang='lat' dir='ltr'>possunt</span> <span class='ocrx_word' id='word_1_319' title='bbox 717 2902 772 2944; x_wconf 91' lang='lat' dir='ltr'>ad</span> <span class='ocrx_word' id='word_1_320' title='bbox 803 2915 827 2956; x_wconf 82' lang='lat'>3</span> <span class='ocrx_word' id='word_1_321' title='bbox 856 2902 981 2957; x_wconf 90' lang='lat' dir='ltr'>leges</span> <span class='ocrx_word' id='word_1_322' title='bbox 1009 2902 1015 2958; x_wconf 88' lang='grc' dir='ltr'>Ι</span> <span class='ocrx_word' id='word_1_323' title='bbox 1044 2903 1375 2958; x_wconf 87' lang='lat' dir='ltr'>proponendas,</span> <span class='ocrx_word' id='word_1_324' title='bbox 1403 2903 1685 2954; x_wconf 87' lang='lat' dir='ltr'>iudaeorum,</span> 
     </span>
    </p>
   </div>
   <div class='ocr_carea' id='block_1_3' title="bbox 133 3066 1510 3163">
    <p class='ocr_par' dir='ltr' id='par_1_3' title="bbox 133 3066 1510 3163">
     <span class='ocr_line' id='line_1_36' title="bbox 133 3066 477 3102; baseline 0.003 -1"><span class='ocrx_word' id='word_1_325' title='bbox 133 3077 150 3093; x_wconf 76' lang='lat' dir='ltr'>a</span> <span class='ocrx_word' id='word_1_326' title='bbox 200 3066 329 3101; x_wconf 87' lang='lat' dir='ltr'>Dubia</span> <span class='ocrx_word' id='word_1_327' title='bbox 348 3066 477 3102; x_wconf 86' lang='lat' dir='ltr'>lectio.</span> 
     </span>
     <span class='ocr_line' id='line_1_37' title="bbox 239 3129 1510 3163; baseline 0 -6"><span class='ocrx_word' id='word_1_328' title='bbox 239 3129 353 3157; x_wconf 73' lang='lat' dir='ltr'>Emsr.</span> <span class='ocrx_word' id='word_1_329' title='bbox 376 3129 418 3158; x_wconf 92' lang='grc' dir='ltr'>Ρ.</span> <span class='ocrx_word' id='word_1_330' title='bbox 441 3129 573 3163; x_wconf 73' lang='grc' dir='ltr'><strong>ΝΑῡΑι,</strong></span> <span class='ocrx_word' id='word_1_331' title='bbox 595 3137 673 3157; x_wconf 67' lang='lat' dir='ltr'>Tou.</span> <span class='ocrx_word' id='word_1_332' title='bbox 697 3129 757 3156; x_wconf 90' lang='lat' dir='ltr'>IV.</span> <span class='ocrx_word' id='word_1_333' title='bbox 1349 3136 1357 3144; x_wconf 74' lang='grc'><strong>’</strong></span> <span class='ocrx_word' id='word_1_334' title='bbox 1475 3130 1510 3157; x_wconf 80' lang='grc'>55</span> 
     </span>
    </p>
   </div>
  </div>
 </body>
</html>
