2028 3426
306 249 377 294 406
777 249 930 285 PATms
956 249 1200 285 Hmaoqu
1225 249 1375 286 NADAL

260 350 503 407 legiorum,
536 366 593 395 ne
621 350 922 394 concionandi
959 351 1031 394 vel
1069 365 1205 407 opera
1242 351 1315 408 pia
1352 351 1541 395 curandi
1565 351 1728 409 gratia,
1753 366 1806 396 ac
1833 367 1899 397 ne

261 427 525 472 conferendi
549 427 729 483 quidem
755 442 857 470 cum
879 427 1145 483 prouinciali
1164 428 1234 472 vel
1250 428 1577 482 commissario,
1599 429 1770 484 absque
1786 432 1891 486 spe-

263 504 365 548 ciali
388 505 462 549 vel
484 505 711 547 communi
734 519 889 547 eorum
914 505 1146 558 facultate,
1171 505 1257 549 nisi
1282 520 1352 550 res
1374 507 1487 550 adeo
1514 513 1635 550 esset
1665 506 1820 563 grauis
1847 514 1901 550 et*

261 596 450 638 vrgens,
476 589 525 624 vt
547 597 637 624 non
660 590 810 637 posset
833 588 1004 624 tantam
1026 582 1120 638 pati
1143 597 1329 627 moram.
1357 584 1499 639 Quod
1516 583 1829 628 cumfeeerint
1845 591 1892 628 et

263 658 464 703 iudicent
489 657 788 714 prouinciales
812 673 903 701 non
927 658 1065 702 fuisse
1087 660 1201 704 adeo
1230 675 1418 717 grauem
1447 675 1647 712 causam,
1679 660 1894 717 prouide==

262 736 378 778 bunt
401 749 453 777 ac
476 742 677 778 statuent
701 734 808 789 quid
831 735 875 777 in
898 735 1032 778 simili
1054 751 1163 780 casu
1188 738 1419 794 agendum
1438 737 1513 790 sit,
1539 737 1575 780 si
1599 737 1708 793 quid
1730 737 1890 780 huius-

264 812 383 855 modi
406 811 568 854 iterum
592 812 788 854 eueniat.

353 889 442 932 Vbi
466 889 623 933 reddet
646 889 806 943 aliquis
829 890 1134 936 conscientiae
1155 906 1266 937 suae
1296 891 1536 945 rationem,
1562 892 1634 937 vel
1666 892 1890 948 generali-

265 974 333 1011 ter
355 974 539 1023 peccata
562 981 641 1008 sua
665 966 970 1020 confitebitur,
997 968 1069 1011 vel
1097 976 1270 1025 repetet
1300 968 1441 1026 (iuxta
1464 970 1682 1026 regulam)
1711 969 1902 1014 confes·-

265 1043 457 1096 sionem‚
479 1057 611 1098 quam
637 1042 709 1085 alii
732 1043 904 1096 fecerit,
929 1052 1176 1100 quaeratur
1199 1046 1257 1088 ab
1278 1060 1332 1089 eo
1355 1046 1399 1089 in
1429 1046 1715 1091 confessione
1739 1045 1810 1091 100
1834 1062 1893 1090 an

267 1133 424 1162 reuera
446 1119 554 1162 velit
578 1134 630 1163 ea
652 1119 802 1169 omnia
823 1121 1046 1174 confiteri,
1072 1130 1117 1166 et
1135 1124 1341 1179 regulam
1365 1131 1566 1167 nostram
1585 1125 1641 1167 de
1659 1123 1901 1180 apertione-

266 1196 589 1248 conscientiae,
615 1197 671 1239 de
693 1199 978 1244 confessione
1010 1200 1228 1256 generali,
1255 1202 1311 1244 de
1344 1201 1611 1258 repetitione
1643 1201 1894 1245 confessio-

266 1273 338 1315 nis
362 1274 619 1316 obseruare.
647 1273 696 1317 Si
727 1275 797 1319 vel
825 1290 915 1318 non
945 1277 1241 1333 responderit,
1267 1279 1339 1322 vel
1362 1278 1654 1330 dubitauerit,
1675 1278 1745 1321 vel
1763 1278 1896 1334 plane

268 1350 431 1392 dixerit
469 1364 517 1392 se
550 1351 690 1404 nolle,
726 1351 844 1395 illius
876 1367 960 1396 nec
992 1354 1217 1398 confessio
1255 1355 1486 1407 audietur,
1524 1369 1607 1398 nec
1641 1355 1754 1398 ratio
1787 1369 1901 1398 con-⁷

267 1427 486 1471 scientiae
508 1427 769 1484 accipietur:
796 1444 887 1473 non
916 1438 1154 1487 propterea
1182 1433 1303 1487 quod
1332 1432 1539 1477 Societas
1567 1432 1694 1474 illum
1723 1431 1895 1488 obliget

269 1505 325 1547 ad
347 1491 586 1560 peccatum
618 1507 822 1559 mortale,
848 1507 932 1550 nisi
957 1510 1138 1565 regulas
1160 1509 1258 1553 illas
1286 1510 1514 1554 obseruet:
1540 1510 1619 1554 sed
1657 1509 1762 1565 quia
1790 1509 1894 1552 sim-

264 1581 443 1637 pliciter
465 1581 577 1624 nolit
605 1582 862 1626 institutum
892 1584 1131 1629 Societatis
1161 1587 1421 1631 obseruare.
1449 1588 1604 1643 Quare
1634 1587 1901 1630 tractandus.

271 1672 363 1700 non
385 1666 454 1701 est
476 1665 525 1701 vt
547 1659 623 1717 qui
647 1660 704 1703 sit
726 1662 782 1703 de
803 1661 1047 1707 Societate:
1075 1663 1455 1718 quemadmodum
1479 1664 1536 1716 ei,
1558 1664 1635 1719 qui
1658 1664 1769 1707 nolit
1786 1665 1895 1708 obe-

265 1734 360 1778 dire
382 1735 616 1791 superiori,
639 1737 922 1781 interdicitur
945 1739 1089 1783 cibus.
1113 1741 1251 1796 Quod
1269 1740 1304 1784 si
1322 1740 1487 1785 dixerit
1503 1742 1620 1785 velle
1642 1754 1690 1784 se
1713 1741 1901 1797 regulas⁴

267 1813 529 1865 obseruare,
556 1821 665 1857 tunc
688 1815 750 1857 illi
772 1815 1121 1872 significabitur,
1147 1819 1268 1873 quod
1291 1818 1349 1861 sit
1367 1818 1614 1861 obstrictus
1641 1818 1726 1861 sub
1750 1832 1895 1873 poena

267 1889 442 1944 peccati
465 1891 680 1945 mortalis,
708 1900 756 1935 vt
777 1908 935 1938 verum
959 1894 1097 1946 dicat,
1125 1903 1220 1937 tum
1244 1902 1431 1952 propter
1452 1895 1633 1952 insigne
1649 1895 1897 1940 detrimen-

267 1972 379 2019 tum,
402 1968 523 2021 quod
540 1969 779 2013 obueniret
797 1971 1033 2025 Societati,
1053 1972 1091 2015 si
1109 1972 1238 2017 aliter
1256 1973 1440 2025 faceret,
1454 1980 1549 2015 turn
1569 1972 1674 2029 quia
1692 1986 1783 2015 non
1800 1987 1898 2016 ser·

268 2051 392 2086 uaret
417 2044 551 2088 fidem
575 2045 621 2087 in
645 2060 693 2088 re
715 2048 1001 2103 grauissima,
1028 2050 1293 2106 praesertim
1317 2051 1362 2093 in
1387 2050 1686 2095 confessione.

355 2119 412 2165 ΙΰΙ
446 2121 591 2165 Etiam
615 2123 652 2165 si
681 2124 885 2168 Societas
908 2125 1134 2170 neminem
1158 2126 1330 2184 obliget
1359 2128 1416 2170 ad
1444 2135 1680 2184 peccatum
1710 2127 1903 2171 mortale

267 2197 325 2238 ob
349 2195 733 2242 inobseruantiam
758 2203 1036 2257 regularum,
1063 2210 1213 2249 tamen
1238 2205 1331 2249 sere
1354 2205 1506 2248 nullus
1523 2211 1608 2256 est,
1629 2205 1706 2260 qui
1730 2219 1821 2247 non
1842 2219 1899 2248 ex

273 2287 321 2316 se
340 2275 536 2317 adducat
558 2275 726 2331 aliquid
749 2279 869 2322 vnde
891 2287 1065 2334 peccet,
1086 2281 1245 2325 saltem
1269 2281 1523 2334 venialiter,
1543 2281 1581 2324 si
1603 2282 1785 2338 regulas
1806 2295 1897 2324 non

266 2351 496 2396 obseruet.
531 2353 663 2397 Vnde
686 2362 754 2397 est
777 2355 851 2397 illa
875 2359 1158 2401 consuetudo
1180 2366 1350 2411 nostra,
1376 2365 1425 2401 vt
1447 2359 1744 2402 confiteamur
1767 2357 1899 2401 inob—

266 2428 541 2471 seruantiam
564 2431 842 2485 regularum,
869 2434 989 2488 quod
1012 2449 1102 2477 non
1126 2449 1380 2491 possemus,
1402 2435 1438 2478 si
1461 2449 1547 2480 nec
1569 2450 1624 2479 ex
1646 2435 1795 2489 nobis,
1815 2449 1903 2478 nec

266 2517 321 2546 ex
345 2504 621 2561 obligatione
640 2508 915 2563 regularum,
937 2518 1173 2565 peccatum
1198 2511 1572 2555 committeretur.
1593 2512 1900 2555 Confirmatur

265 2582 355 2624 hoc
376 2597 433 2626 ex
454 2583 515 2625 D.
549 2584 726 2626 Thoma
750 2592 815 2626 2.³
839 2594 936 2637 2³0,
964 2596 1143 2641 quaest.
1184 2589 1280 2641 186,
1307 2596 1388 2632 art.
1415 2604 1458 2646 9,
1480 2590 1535 2633 ad
1565 2597 1656 2634 1.um
1679 2590 1735 2631 Et
1757 2603 1899 2644 quan--

266 2659 508 2713 doquidem
531 2660 796 2716 contingere
820 2670 982 2718 potest,
1009 2673 1058 2706 vt
1080 2667 1254 2708 nullum
1278 2666 1336 2709 sit
1358 2674 1612 2723 peccatum,
1639 2666 1676 2709 si
1699 2666 1801 2722 quis
1818 2665 1899 2709 ali-

266 2749 401 2790 quam
424 2737 628 2792 regulam
652 2752 742 2780 non
766 2739 993 2792 obseruet,
1021 2757 1074 2785 ea
1097 2743 1152 2786 de
1176 2757 1222 2786 re
1251 2743 1468 2786 iudicium
1500 2744 1587 2788 erit
1614 2742 1902 2795 confessarii,

267 2827 321 2855 ex
344 2812 442 2856 iure
465 2814 715 2857 communi.

356 2891 547 2945 Quoties
571 2891 721 2936 veniet
742 2892 902 2948 aliquis
925 2894 964 2938 ei
988 2898 1297 2951 confessurus,
1323 2897 1397 2941 cui
1421 2913 1513 2942 non
1535 2899 1666 2952 solet,
1699 2912 1906 2953 quacun-

267 2980 355 3020 que
382 2982 438 3010 ex
466 2982 604 3011 causa
631 2968 676 3011 id
704 2969 902 3024 eveniat,
934 2971 1246 3029 interrogabit,
1282 2989 1338 3017 an
1374 2976 1482 3020 velit
1514 2990 1696 3019 causam
1728 2974 1895 3026 dicere,

267 3051 448 3099 propter
476 3059 611 3100 quam
639 3060 723 3089 suo
751 3047 1025 3091 confessario
1053 3049 1278 3093 ordinario
1311 3066 1401 3095 non
1434 3054 1698 3106 confitetur,
1734 3059 1780 3097 et
1814 3051 1903 3096 sibi
