2028 3426
715 267 894 303 NOTITIA
921 273 1110 303 comeum
1636 275 1676 312 19

177 371 260 410 Sub
281 371 429 408 eodem
449 381 617 408 numero
644 380 688 419 17
705 369 882 418 positum
903 374 964 405 est
983 367 1216 405 memoriale
1236 367 1445 414 quoddam
1460 379 1533 415 pro
1554 369 1723 416 syndico

95 444 150 481 de
169 442 291 480 rebus
312 442 542 490 praecipuis
562 440 613 478 ab
635 441 724 489 ipso
746 439 1025 477 observandis.
1048 439 1286 485 Priusquam
1306 438 1370 475 hic
1391 438 1527 474 codex
1553 449 1720 486 compo—

96 519 269 567 neretur,
290 514 367 550 hoc
387 512 619 549 memoriale
640 517 870 559 separatum
890 509 1080 547 exstabat
1099 510 1138 545 in
1159 520 1184 555 4
1206 508 1321 554 foliis,
1348 519 1515 545 numero
1536 509 1561 544 6
1587 509 1719 557 signa-

94 587 157 623 tis.
178 585 223 621 In
245 584 296 622 1.0
318 584 384 631 fol,
405 597 423 622 r
443 584 507 620 hic
527 583 664 620 titulus
685 583 900 630 inscriptus
921 586 993 618 est:
1018 580 1251 617 «Memorial
1271 579 1336 616 del
1353 579 1549 616 sindico.»
1571 579 1615 615 In
1632 580 1720 627 ipso

97 656 162 694 fol.
182 667 221 702 v,
242 660 282 692 et
302 655 358 693 2.⁰
379 667 417 701 v,
432 659 563 692 totum
583 653 814 690 memoriale
836 653 1076 697 continetur,
1097 651 1208 698 quod
1230 650 1280 687 ab
1303 651 1442 699 ignoto
1463 649 1580 686 nobis
1600 649 1718 686 libra-

91 727 153 764 rio
175 731 386 763 exaratum
407 731 478 762 est.
496 724 646 762 Nullibi
658 736 802 760 manus
818 723 969 760 Natalis
986 727 1164 770 apparet.
1183 722 1264 758 Inc.
1284 721 1385 757 «Del
1402 720 1605 757 hablar...»
1622 720 1719 757 Des.

97 815 157 836 «...
177 798 213 834 la
231 797 464 834 obedientia
484 808 528 833 es
548 795 766 833 mandado.
787 795 898 832 Laus
913 794 1042 831 Deo.»
1065 793 1298 840 Sequuntur
1313 792 1395 828 duo
1415 792 1508 828 folia
1528 803 1639 839 pura.

177 869 235 908 18.
292 867 498 916 «Regulae
520 866 778 904 sacerdotum
798 865 1000 915 <diversae
1026 862 1194 913 formae)
1221 868 1260 899 et
1281 861 1718 899 observanda.»——Sub

94 941 170 977 hoc
191 950 359 976 numero
380 939 511 986 posita
532 942 636 982 sunt,
664 937 704 974 ff.
746 936 849 981 1-18‚
884 941 1058 982 quatuor
1088 939 1340 981 transumpta
1369 933 1598 982 regularum
1618 933 1719 969 anti-

91 1022 263 1058 quarum
283 1022 356 1058 pro
378 1009 590 1048 Societatis
611 1007 903 1045 sacerdotibus.
939 1006 1104 1055 Singula
1139 1004 1328 1052 exempla
1347 1016 1373 1050 4
1406 1004 1509 1040 foliis
1538 1003 1628 1051 plus
1648 1004 1718 1040 mi—

92 1092 220 1119 nusve
254 1080 522 1118 continentur.
558 1077 976 1116 Animadvertendum
998 1088 1117 1125 porro
1139 1081 1212 1122 est,
1233 1076 1326 1112 licet
1345 1076 1384 1111 in
1405 1075 1538 1112 indice
1559 1079 1717 1121 quater-

91 1153 269 1197 nionum,
287 1151 397 1188 initio
419 1152 539 1199 hujus
559 1150 711 1188 codicis
733 1149 930 1197 praefixo,
952 1148 1137 1184 dicantur
1155 1148 1233 1184 hae
1253 1146 1416 1196 regulae
1436 1146 1620 1182 diversae
1637 1145 1716 1182 for-

91 1235 192 1269 mae,
213 1227 306 1259 sunt
324 1228 459 1259 tamen
480 1234 605 1258 unum
625 1221 815 1267 idemque
837 1219 1082 1267 exemplunu
1102 1219 1156 1255 ita
1176 1223 1219 1255 ut
1234 1218 1406 1265 primum
1420 1221 1717 1264 transumptum

87 1294 168 1330 sint
187 1293 350 1342 regulae
371 1292 665 1329 inemendatae.
682 1290 876 1336 Tertium,
897 1290 1008 1337 quod
1025 1290 1155 1337 aptius
1172 1289 1210 1324 in
1227 1289 1317 1325 loco
1335 1287 1516 1324 secundo
1537 1287 1716 1323 inseren-

30 1375 32 1378 ’
88 1365 187 1401 dum
207 1364 330 1400 fuisse
350 1363 521 1408 Videtur,
543 1368 636 1399 sunt
656 1362 826 1398 eaedem
841 1360 1004 1410 regulae
1022 1372 1114 1396 cum
1132 1359 1333 1396 nonnullis
1350 1357 1715 1405 emendationibus,

91 1447 113 1472 a
133 1436 174 1472 P.
196 1435 373 1472 Polanco
394 1435 555 1482 propria
574 1445 696 1470 manu
717 1433 842 1469 factis.
865 1431 1063 1481 Quartum
1083 1436 1123 1467 et
1142 1431 1338 1478 quintum,
1360 1435 1453 1466 sunt
1474 1429 1556 1465 duo
1577 1439 1716 1465 exem-

90 1505 155 1554 pla
174 1510 424 1553 transumpta
443 1510 536 1553 post
556 1504 719 1541 Polanci
740 1503 1059 1547 emendationes,
1079 1507 1122 1538 ut
1141 1502 1393 1538 mitterentur
1413 1500 1464 1537 ad
1485 1500 1713 1548 provincias

88 1578 285 1623 Baeticae,
307 1576 505 1614 Castellae
526 1581 565 1612 et
584 1575 826 1624 Aragoniae,
847 1579 967 1621 prout
986 1585 1040 1611 ex
1066 1574 1162 1621 ipsis
1188 1572 1528 1620 inscriptionibus,
1555 1571 1714 1618 utrique

88 1647 279 1695 exemplo
300 1659 322 1684 a
341 1652 456 1695 tergo
477 1646 630 1694 positis,
653 1645 861 1694 colligitur.
884 1644 949 1680 Ad
977 1644 1226 1680 Lusitaniam
1252 1643 1372 1679 etiam
1399 1642 1566 1678 missum
1591 1641 1714 1677 fuisse

87 1719 296 1766 exemplar
332 1717 604 1763 emendatum,
642 1717 768 1753 videri
807 1720 941 1764 potest
973 1716 1012 1751 in
1051 1714 1323 1762 descriptione
1362 1713 1514 1765 codicis
1541 1712 1713 1757 lusitani,

39 1839 42 1844 .
87 1790 152 1827 fol.
179 1790 291 1835 166v‚
312 1794 351 1825 et
372 1800 455 1836 seq.
478 1788 583 1825 Istae
612 1788 816 1836 «Regulae
844 1786 1101 1823 sacerdotum
1127 1790 1167 1821 et
1192 1784 1530 1821 confessariorum
1556 1787 1712 1819 nostro·

39 1879 41 1881 ·
85 1873 184 1906 rum,
204 1861 347 1908 partim
368 1860 419 1896 ad
440 1859 646 1907 proprium
666 1859 846 1906 ipsorum
865 1857 1104 1905 profectum,
1124 1857 1268 1904 partim
1283 1855 1333 1892 ad
1355 1855 1501 1905 domus
1522 1860 1561 1890 et
1581 1854 1712 1890 eccle-

87 1932 169 1968 siae
189 1937 350 1968 nostrae
367 1931 562 1975 ordinem,
582 1931 726 1977 partim
760 1930 880 1966 etiam
906 1928 957 1965 ad
984 1933 1218 1964 exterorum
1244 1926 1568 1963 aedificationem
1594 1926 1712 1972 perti·
1744 1931 1748 1934 ’

86 2008 219 2040 nent.»
242 2002 475 2040 Secundum
495 2002 602 2038 hunc
623 2000 781 2037 titulum
801 2001 839 2036 in
866 2005 947 2036 tres
967 2004 1101 2046 partes
1127 1999 1203 2034 hae
1225 1997 1392 2046 regulae
1415 1997 1710 2044 dispescuntur.

92 2074 141 2111 La
161 2074 237 2110 inc.
257 2073 338 2111 «Ι.Ο
356 2073 472 2121 Quae
487 2073 538 2109 de
554 2073 764 2108 uirtute...»
782 2071 878 2108 Des.
897 2086 957 2107 «...
975 2075 1135 2106 nostrae
1151 2068 1378 2105 uocationis
1395 2066 1708 2104 functionibus.»

86 2145 141 2182 2.””ι
160 2146 236 2182 inc.
261 2143 348 2181 «P.0
371 2144 450 2192 Qui
471 2145 510 2180 in
531 2155 689 2180 summo
710 2142 886 2179 altari...»
918 2141 1013 2177 Des.
1053 2157 1112 2177 «...
1135 2139 1372 2188 magnitudo
1402 2138 1511 2175 aliud
1531 2137 1708 2185 postula-

85 2221 180 2253 ret.»
207 2216 259 2264 3f²
275 2216 351 2252 inc.
375 2214 561 2262 «Quibus
582 2225 636 2250 ex
657 2213 955 2250 obedientia...»
972 2211 1068 2248 Des.
1088 2227 1147 2248 «...
1169 2210 1433 2247 libentissime
1455 2209 1707 2256 obtempera-

84 2291 253 2323 turum.»

166 2357 273 2394 Inter
291 2365 377 2405 3.1¹m
398 2361 438 2393 et
452 2365 540 2402 411111
562 2355 796 2403 exemplum
812 2354 894 2390 duo
912 2353 1004 2390 folia
1020 2354 1167 2389 inserta
1189 2357 1293 2398 sunt,
1310 2363 1482 2398 quorum
1509 2358 1590 2387 Lum
1611 2361 1706 2386 con-

84 2429 182 2465 tinet
198 2428 351 2475 aliquas
366 2427 741 2464 animadversiones
758 2426 797 2462 in
811 2425 971 2474 regulas
987 2424 1306 2469 sacerdotum,et
1322 2431 1409 2460 2.¹111¹
1426 2421 1595 2458 exhibet
1612 2421 1706 2456 item

83 2499 274 2536 nonnulla
294 2497 549 2535 observanda
570 2498 609 2534 in
628 2497 777 2546 regulis
798 2495 1092 2533 communibus.
1114 2495 1204 2531 Hae
1225 2505 1367 2530 omnes
1390 2492 1706 2529 animadversio-

84 2581 155 2606 nes
176 2575 268 2606 sunt
287 2581 309 2606 a
330 2569 370 2606 P.
394 2569 584 2614 Polanco,
604 2568 766 2616 propria
786 2579 920 2612 manu,
958 2554 1142 2613 scriptae.
1170 2565 1318 2601 Earum
1339 2569 1486 2608 autem,
1509 2563 1548 2598 in
1568 2563 1705 2599 ultima

83 2641 309 2689 regularum
337 2639 640 2685 emendatione,
671 2639 703 2675 si
739 2650 821 2675 non
851 2637 1050 2682 omnium,
1080 2642 1120 2673 at
1149 2641 1257 2673 certe
1286 2635 1477 2683 plurium,
1507 2634 1606 2670 ratio
1636 2633 1705 2669 ha-

83 2710 164 2747 bita
183 2716 255 2748 est.

165 2791 221 2827 19.
280 2781 485 2830 «Regulae
501 2780 693 2828 praefecti
703 2780 926 2817 studiorum
941 2779 980 2815 in
995 2777 1360 2815 universitatibus.»
1372 2776 1430 2812 Ita
1439 2775 1577 2812 titulus
1598 2774 1703 2810 inin-

84 2852 172 2889 dice
186 2853 353 2900 positus;
369 2852 440 2889 sed
457 2864 539 2888 non
555 2857 617 2888 sat
628 2856 827 2896 accurate3
844 2862 936 2886 nam
950 2849 1087 2886 titulus
1103 2849 1257 2886 codicis
1272 2849 1372 2884 haec
1388 2846 1521 2883 habet:
1542 2846 1703 2893 «Regu-

83 2922 145 2960 lae
164 2924 356 2971 praefecti
377 2922 613 2968 studiorum,
649 2922 718 2969 qui
738 2923 778 2958 in
810 2920 1138 2957 vniuersitatibus
1160 2919 1234 2956 erit
1254 2919 1374 2955 etiam
1403 2916 1700 2954 cancellarius.»

83 2993 182 3031 Sunt
193 2995 317 3043 igitur
337 2995 412 3030 hae
432 2993 594 3042 regulae
621 2993 874 3040 prefectuum
901 2992 1138 3036 studiorum,
1159 2990 1246 3026 sive
1266 2990 1305 3025 in
1341 2988 1531 3036 collegiis,
1563 2986 1701 3022 sivein

83 3064 420 3109 universitatibus,
437 3075 542 3110 quae
564 3063 729 3110 quidem
747 3063 794 3099 28
812 3067 1084 3106 numerantur,
1102 3066 1142 3097 et
1157 3061 1196 3096 in
1218 3060 1300 3096 duo
1317 3060 1449 3106 capita
1465 3057 1701 3094 distributae
