2028 3426
327 199 372 235 24
898 186 1078 227 NOT1T1A
1105 198 1296 227 comeum

280 293 316 330 si
339 304 469 341 pauca
489 293 716 338 demantur,
752 293 955 339 coalescit,
990 292 1138 340 quibus
1173 292 1224 329 ad
1258 292 1410 330 calcem
1444 293 1647 331 accedunt
1675 293 1749 331 alia
1772 300 1790 340 5
1818 293 1911 331 folia

285 365 447 412 scripta,
469 376 551 401 non
573 369 708 401 autem
730 364 899 413 signata,
920 369 959 400 et
979 363 1062 400 duo
1083 375 1249 411 prorsus
1273 374 1415 402 vacua.
1438 363 1532 402 Duo
1553 365 1648 402 item
1674 364 1768 402 folia
1787 365 1912 411 initio,

280 447 361 472 non
384 436 554 484 signata,
571 435 819 485 agglutinata
840 435 980 483 paucis
1000 434 1148 471 abhinc
1164 435 1280 472 annis
1296 435 1469 482 fuerunt,
1490 436 1529 472 in
1546 436 1695 484 quibus
1711 441 1770 473 cst
1786 436 1912 474 index

281 519 426 552 rerum,
447 518 552 554 quae
574 507 612 543 in
635 507 713 543 hoc
735 506 877 543 codice
899 506 1168 543 continentur.

361 578 420 614 Ea
441 589 561 625 porro
582 583 674 615 sunt
695 577 918 624 sequentia:
941 577 1026 614 Fol.
1055 586 1209 626 1r-23V‚
1230 581 1292 614 est
1309 582 1502 616 tractatus
1523 579 1575 616 de
1590 579 1744 616 ratione
1761 579 1914 616 studio-

280 661 368 686 rum
389 649 602 686 Societatis
619 648 728 696 Jesu,
750 648 826 685 sub
849 649 926 685 hoc
947 648 1076 694 titulo,
1098 648 1149 685 ab
1170 649 1308 698 ignota
1324 661 1446 687 manu
1462 655 1642 688 exarato:
1667 650 1753 687 «De
1773 651 1916 688 studiis

281 720 529 757 Societatis.»
552 720 659 758 Huic
680 720 794 757 titulo
812 721 875 757 hic
898 720 1008 766 alter,
1036 720 1197 757 diversa
1216 732 1351 767 manu,
1379 721 1561 770 adjectus
1582 727 1654 759 est:
1685 722 1750 759 «P.
1772 722 1917 760 Hiero-

284 793 393 847 nymi
429 791 618 828 Natalis.»
656 791 846 838 Sequitur
880 792 1075 839 scriptura
1109 793 1362 841 autographa
1391 793 1518 830 Patris
1550 774 1702 831 Natalis
1737 794 1776 830 in
1810 794 1917 831 hunc

283 863 462 900 modum:
493 862 634 900 «Circa
661 863 781 900 studii
809 863 1009 912 generalis
1035 863 1343 911 dispositionem
1378 870 1417 901 et
1451 865 1634 902 ordinem
1666 865 1917 903 animaduer-

281 935 406 971 tenda
428 936 528 971 haec
557 940 649 971 sunt
677 935 810 982 capita
835 946 1005 971 rerumz»
1036 934 1269 982 Sequuntur
1295 935 1387 973 folia
1415 946 1477 986 23,
1512 937 1550 973 in
1580 936 1639 983 f.⁰,
1668 937 1920 986 autographa

283 1007 408 1043 Patris
440 1006 604 1043 Natalis.
635 1006 715 1042 Inc.
747 1005 901 1042 «Aliam
935 1007 1133 1043 rationem
1166 1007 1205 1043 in
1235 1007 1293 1043 eis
1328 1019 1419 1044 esse
1447 1013 1770 1056 praeceptorum,
1803 1008 1919 1046 aliam

228 1104 235 1113 .
284 1078 630 1115 scholasticorum.
653 1077 1010 1124 Scholasticorum,
1030 1078 1148 1115 aliam
1175 1083 1417 1125 nostrorum,
1445 1080 1563 1117 aliam
1593 1085 1918 1118 externorum...»

283 1151 378 1188 Des.
402 1151 467 1188 fol.
492 1161 581 1200 23v:
608 1168 667 1189 «...
692 1152 871 1200 legitimo
891 1151 1027 1198 aliquo
1048 1152 1341 1200 impedimento
1363 1153 1486 1190 fuisse
1507 1153 1780 1200 impeditum.»

364 1223 443 1259 Hic
466 1223 619 1259 Natalis
640 1227 848 1268 tractatus,
869 1234 961 1260 cum
983 1224 1151 1260 caeteris
1172 1238 1176 1241 ’
1199 1224 1221 1260 ti
1245 1224 1376 1262 ⁴=tudia
1397 1223 1688 1272 spectantibus,
1709 1224 1841 1261 editus
1862 1229 1923 1261 est

288 1295 325 1330 in
350 1293 529 1330 Monam.
551 1293 746 1342 Paedag„
769 1305 860 1343 pag.
883 1294 994 1339 89-et
1014 1305 1128 1342 seqq.
1148 1295 1234 1332 Fol.
1257 1304 1382 1342 24-29
1395 1306 1526 1332 vacua
1546 1299 1651 1341 sunt,
1671 1296 1746 1332 hac
1766 1300 1922 1332 tantum

287 1366 549 1413 inscriptione
571 1377 593 1402 a
614 1371 729 1414 tergo
751 1365 877 1402 ultimi
899 1365 979 1402 folii
999 1377 1022 1402 a
1043 1365 1175 1403 Natali
1196 1367 1338 1414 posita:
1364 1366 1576 1404 «Videnda
1595 1371 1636 1405 τὸ
1654 1366 1923 1417 mmmm—De

287 1437 549 1474 vniuersitate
571 1437 692 1474 studii
713 1437 949 1486 generalis.»
967 1436 1056 1473 Alia
1077 1449 1211 1474 manu:
1236 1437 1435 1476 «Studior.
1454 1438 1496 1475 P.
1517 1437 1707 1475 Natalis.»

368 1509 454 1546 Fol.
478 1518 540 1555 30,
565 1519 625 1557 31,
642 1508 816 1545 habetur
831 1509 1066 1557 exemplum
1083 1511 1347 1558 archetypum
1363 1509 1588 1546 sententiae
1605 1509 1647 1547 P.
1668 1509 1924 1554 Salmeronis,

286 1581 338 1617 de
372 1580 515 1617 studiis
549 1581 762 1618 Societatis
798 1581 913 1628 Jesu,
946 1580 998 1617 ad
1034 1581 1192 1618 Patrem
1227 1581 1477 1630 generalem,
1517 1580 1707 1629 Neapoli,
1742 1581 1925 1618 kalendis

288 1651 539 1699 Septembris
572 1652 667 1701 1583
698 1652 828 1689 datae.
857 1651 939 1689 Ine.
971 1651 1158 1688 «Litteris
1184 1652 1236 1689 ad
1264 1663 1338 1689 XVI
1364 1652 1525 1690 kalend.
1556 1651 1793 1702 Augusti...»
1828 1652 1924 1690 Des.

290 1739 349 1759 «...
372 1722 527 1759 bonum
549 1728 589 1760 et
609 1723 872 1760 commodum
893 1728 1088 1771 spectent.
1111 1723 1347 1771 Neapoli...»
1372 1729 1447 1761 etc.
1475 1723 1594 1762 Edita
1625 1725 1696 1762 suit
1721 1726 1758 1762 in
1786 1735 1925 1762 recen-

288 1795 402 1831 sione
444 1794 606 1831 Patrum
633 1794 671 1832 S.
696 1795 729 1842 J.
760 1795 1040 1842 parisiensium
1067 1783 1232 1840 Etudes,
1260 1800 1286 1832 t.
1315 1795 1384 1842 ΙΙΙ,
1411 1807 1502 1845 pag.
1535 1803 1608 1845 557
1632 1802 1671 1833 et
1705 1808 1727 1833 a
1762 1796 1802 1833 P.
1837 1795 1925 1833 Pal-

289 1865 414 1911 mieri,
435 1866 473 1902 in
494 1870 666 1902 tractatu
687 1865 750 1902 De
769 1865 852 1903 Deo
873 1871 1031 1902 creante
1051 1871 1089 1902 et
1106 1865 1292 1911 elevante,
1315 1878 1407 1916 pag.
1437 1867 1525 1916 781.

368 1936 452 1973 Fol.
477 1947 538 1985 32,
559 1938 835 1986 autographae
863 1937 1017 1974 litterae
1044 1937 1085 1975 P.
1115 1937 1345 1975 Ledesmae
1372 1938 1423 1975 ad
1452 1939 1493 1976 P.
1522 1939 1708 1976 Natalem
1735 1939 1926 1976 assisten-

287 2013 368 2044 tem
390 2007 441 2044 de
461 2008 615 2044 ratione
637 2007 827 2044 habenda
848 2009 887 2044 in
908 2008 1217 2056 quaestionibus
1238 2008 1461 2056 probandis
1482 2015 1522 2046 et
1548 2010 1588 2047 in
1608 2010 1812 2056 docendo,
1839 2011 1924 2047 sine

289 2078 367 2123 die,
390 2089 464 2115 nec
487 2090 594 2114 anno
616 2078 746 2115 datae.
769 2078 851 2115 inc.
877 2089 937 2116 «Ι.
959 2078 1014 2115 Vt
1038 2078 1108 2115 fiat
1134 2079 1414 2117 mediocris...»
1444 2080 1540 2118 Des.
1571 2097 1630 2118 «...
1659 2080 1816 2127 Patrae,
1843 2080 1923 2118 Le-

231 2199 235 2203 ,
288 2149 466 2195 desmae,
495 2149 717 2194 Benedicti,
752 2155 827 2187 etc.
857 2149 904 2187 V.
937 2150 983 2187 R.
1010 2150 1200 2199 indignus
1234 2151 1273 2188 in
1307 2150 1378 2189 X.0
1413 2163 1568 2198 seruus,
1603 2152 1842 2189 Ledesma.»
1875 2152 1923 2198 ,In

289 2219 467 2257 Allonmn.
491 2219 686 2267 Paedag„
709 2232 799 2269 pag.
826 2228 912 2269 570,
934 2221 1011 2258 hoc
1033 2227 1341 2259 monumentum
1362 2223 1612 2271 protulimus.

367 2292 452 2329 Fol.
478 2304 538 2340 33,
563 2303 624 2341 34,
646 2297 707 2328 est
727 2293 927 2329 sententia
948 2294 1203 2342 autographa
1224 2293 1266 2332 P.
1288 2294 1531 2341 Ledesmae,
1547 2295 1599 2332 ad
1621 2295 1780 2332 Patrem
1800 2305 1923 2344 gene-

287 2364 411 2400 ralem
432 2363 538 2409 data,
560 2363 611 2400 de
641 2364 882 2400 necessitate
913 2364 1116 2401 statuendi
1147 2376 1346 2412 quasnam
1375 2367 1675 2414 propositiones
1704 2365 1924 2403 defendere

287 2435 539 2482 professores
573 2434 784 2472 Societatis
812 2434 1115 2482 prohibeantur,
1142 2441 1182 2472 et
1207 2436 1259 2473 de
1285 2438 1453 2483 ratione,
1480 2449 1560 2485 qua
1592 2437 1631 2474 id
1666 2437 1922 2475 statuendum

287 2506 460 2543 videtur.
484 2506 577 2554 Quo
597 2510 782 2554 tempore
803 2506 842 2542 id
864 2506 927 2543 ille
949 2507 1165 2554 scripserit,
1183 2519 1265 2544 non
1284 2513 1454 2546 constat.
1471 2509 1554 2546 Ine.
1573 2508 1797 2546 «Dominus
1808 2508 1925 2556 Jesus

288 2577 541 2626 dignetur...»
564 2577 660 2614 Des.
681 2593 740 2614 «...
759 2577 1040 2624 efficatiusque
1056 2578 1316 2616 remedium.»
1337 2579 1533 2627 Ejusdem
1548 2579 1776 2617 Ledesmae
1791 2591 1924 2616 manu:

290 2648 512 2696 «judicium
534 2648 695 2685 alterius
717 2648 765 2685 N.
787 2649 825 2685 in
848 2648 1038 2685 omnibus
1059 2649 1167 2686 idem
1189 2649 1360 2696 uidetur,
1377 2651 1724 2698 quemadmodum
1740 2651 1925 2699 superius

286 2720 481 2767 scriptum
501 2724 573 2756 est.
596 2719 706 2756 Laus
728 2718 882 2757 Deo...»
906 2725 981 2756 etc.

366 2791 417 2828 Et
443 2792 544 2828 haec
574 2797 678 2837 sunt,
707 2788 812 2838 quae
840 2791 891 2827 ad
919 2803 995 2828 nos
1026 2791 1187 2839 proprie
1217 2796 1414 2839 spectant.
1437 2791 1619 2839 Caetera,
1649 2792 1815 2840 quaein
1846 2793 1924 2829 hoc

285 2863 428 2900 codice
448 2863 717 2908 continentur,
739 2867 844 2907 sunt,
865 2867 908 2899 ut
929 2862 1158 2910 plurimum,
1178 2863 1397 2912 archetypa
1426 2864 1490 2900 vel
1517 2864 1769 2914 autographa
1795 2863 1922 2901 docu-

284 2939 431 2979 menta,
451 2934 502 2970 ad
530 2934 727 2971 rationem
748 2933 974 2971 studiorum
994 2934 1248 2982 pertinentia,
1267 2939 1451 2982 tempore
1471 2934 1512 2972 P.
1538 2933 1695 2972 Claudii
1721 2934 1924 2982 Aquaevi·

284 3016 358 3041 vae
374 3017 397 3042 a
418 3005 645 3053 praecipuis
666 3004 880 3042 Societatis
897 3004 1134 3042 doctoribus
1156 3005 1303 3053 scripta
1323 3010 1363 3042 et
1383 3005 1556 3043 Romam
1575 3006 1710 3043 missa.
1731 3005 1924 3044 Ultimum
