2028 3426
361 224 431 270 432
835 225 989 259 Pa’rms
1021 225 1265 260 Hissnouvnn
1292 225 1444 261 NADAL

1984 319 2010 356 J.

315 335 535 379 mentum,
576 328 697 382 quod
734 334 905 369 motum
944 341 969 368 a
1001 333 1176 370 rectore
1209 333 1449 370 moueatur
1481 335 1525 371 et
1556 335 1676 384 agat
1712 329 1868 384 Itaque
1897 344 1954 373 ex
1984 352 2017 374 v

315 404 635 448 commissione
672 403 859 448 rectoris
893 403 1044 445 omnia
1075 403 1171 459 agit
1199 404 1270 447 vel
1301 404 1503 460 generali
1531 412 1576 447 et
1605 405 1849 459 ordinaria,
1883 398 2006 502 velt}

315 481 573 537 particulari
597 489 641 524 et
664 479 1035 533 extraordinaria3
1061 486 1106 522 et
1125 480 1234 522 nihil
1254 481 1393 524 habet
1411 481 1615 526 minister
1633 483 1752 525 vnde
1769 498 1955 527 mouea-
1982 514 1995 537 1,

315 566 389 601 tur
404 558 532 614 quasi
556 573 610 601 ex
634 557 784 600 officio
805 572 888 599 suo
910 557 1025 609 iure,
1046 564 1094 598 vt
1113 564 1275 609 rector,
1297 559 1376 601 sed
1401 559 1610 602 voluntas
1634 560 1823 602 rectoris
1846 560 1955 620 facit
1980 564 2015 624 {¹3⁴3

314 644 361 677 vt
390 645 644 680 moueatur.
682 635 905 690 Quamuis
933 634 1053 678 enim
1083 635 1246 678 habeat
1278 635 1428 690 aliqua
1458 636 1718 693 conscripta
1751 637 1955 682 minister
1982 635 2015 682 ἔ·

315 715 376 768 (vt
394 715 560 755 habere
579 714 744 767 debet),
761 727 813 755 ea
832 721 980 756 tamen
999 719 1048 754 vt
1066 712 1417 755 instrumentum
1437 714 1638 766 habebit,
1655 729 1745 757 non
1764 723 1812 768 vt
1829 714 1954 770 prin·
1986 713 2015 747 U

314 790 458 845 cipale
481 805 638 843 agens.
668 791 745 831 Est
767 789 907 844 igitur
930 788 1134 832 minister
1157 791 1219 844 (vt
1241 804 1407 832 nomen
1430 790 1613 846 indicat)
1638 805 1861 847 organum
1882 807 1955 835 re·

314 867 466 909 ctoris.
490 869 653 909 Rector
672 874 900 917 censetur,
922 881 1011 908 non
1033 873 1207 908 tantum
1227 866 1596 920 instrumentum,
1612 869 1691 911 sed
1710 868 1956 924 principale

315 958 473 999 agens,
507 959 661 985 verum
693 944 812 998 quod
842 959 867 986 a
896 943 1300 999 superintendente
1328 943 1373 986 in
1404 943 1672 989 executione
1704 945 1841 988 officii
1874 946 1954 988 de-
1986 933 1991 939 ’

316 1022 526 1076 pendeat

320 1140 392 1184 166
425 1153 743 1182 COMPENDIUM
774 1152 872 1190 Quo
906 1153 1295 1183 PERSTRINGITUR
1329 1153 1703 1191 QUEMADMODUM
1742 1155 1817 1184 vri
1860 1153 1989 1185 suos

363 1230 555 1260 OFFICIO
585 1230 774 1259 DEBEAT
802 1230 987 1260 RECTOR
1012 1230 1238 1275 COLLEGit
1264 1231 1341 1260 vssl
1368 1217 1801 1261 SUPERINTENDEN'S
1828 1232 1917 1262 EST

405 1330 591 1385 Cogitet
615 1344 666 1372 ac
689 1337 839 1385 speret
862 1329 906 1371 in
929 1329 1125 1372 Domino
1149 1337 1331 1386 propter
1354 1330 1568 1383 officium,
1594 1332 1714 1385 quod
1738 1332 1948 1384 sustinet,

315 1407 401 1449 sibi
425 1408 580 1449 datum
603 1407 656 1448 iri
680 1407 890 1461 gratiam,
917 1406 953 1449 si
977 1406 1123 1462 seipse
1141 1407 1416 1463 disposuerit
1432 1421 1535 1450 cum
1553 1408 1639 1452 Dei
1658 1408 1842 1461 auxilio,
1863 1423 1950 1464 qua

315 1485 498 1539 explere
521 1499 688 1527 munus
709 1498 842 1526 suum
864 1483 1007 1540 possit
1029 1485 1085 1527 ad
1108 1483 1321 1528 maiorem
1350 1484 1430 1528 Dei
1460 1480 1649 1541 gloriam
1680 1493 1725 1528 et
1747 1486 1950 1528 omnium

315 1561 676 1604 aedificationem
695 1569 740 1604 et
753 1563 954 1603 fructum
974 1561 1270 1617 spiritualem.
1287 1561 1496 1605 Enitatur
1514 1569 1682 1614 autem,
1698 1570 1746 1604 vt
1767 1563 1811 1604 in
1830 1563 1957 1605 omni>

315 1653 399 1680 suo
425 1638 674 1681 ministerio
697 1640 846 1681 Deum
871 1637 1090 1690 inueniat,
1117 1639 1284 1693 detque
1307 1652 1507 1694 operam,
1535 1647 1580 1681 vt
1604 1639 1646 1681 in
1673 1654 1727 1683 eo
1750 1639 1847 1681 vtili
1870 1639 1951 1682 ali-

317 1729 405 1769 qua
429 1714 721 1757 meditatione
744 1714 943 1757 animum
967 1722 1194 1758 exerceat.

403 1790 613 1847 Accipiat
636 1791 770 1834 officii
794 1791 863 1834 sui
885 1792 1068 1847 regulas
1096 1808 1121 1835 a
1150 1791 1570 1847 superintendente,
1602 1800 1646 1835 et
1675 1793 1849 1837 illarum
1880 1793 1949 1836 in—

317 1868 630 1924 telligentiam,
663 1877 707 1910 et
738 1869 921 1910 modum
950 1883 1059 1910 vsus
1087 1869 1374 1930 peculiarem,
1409 1869 1780 1922 consuetudines,
1813 1870 1948 1913 tradi-

317 1946 478 1997 tiones,
515 1945 860 1988 instructionem
897 1945 1231 2000 particularem,
1272 1946 1653 2001 quemadmodum
1686 1946 1742 1989 sit
1776 1949 1947 2003 guber-

320 2023 520 2065 nandum
545 2022 804 2078 collegium.

408 2099 611 2141 Pendeat
644 2113 668 2141 a
701 2098 1103 2154 superintendente
1131 2099 1388 2143 immediate
1419 2099 1463 2142 in
1494 2101 1630 2144 rebus
1659 2100 1870 2144 omnibus
1893 2115 1948 2149 ac

319 2183 414 2218 tota
438 2175 508 2219 167
527 2175 873 2231 gubernatione,
894 2183 939 2218 et
962 2176 1006 2217 in
1030 2175 1098 2218 his
1122 2176 1402 2232 praesertim,
1429 2191 1544 2232 quae
1567 2176 1946 2232 superintenden-

318 2252 347 2294 ti
380 2260 688 2305 reseruantur,
724 2253 795 2295 vel
828 2252 1051 2295 ordinarie
1084 2254 1154 2295 vel
1187 2253 1557 2305 extraordinarie,
1593 2253 1638 2295 in
1671 2254 1872 2298 Domino
1901 2254 1953 2297 in-

315 2329 542 2372 suauitate
565 2329 863 2381 obedientiae,
890 2329 1174 2383 humilitatis,
1195 2329 1493 2385 simplicitatis
1511 2344 1564 2373 ac
1581 2331 1830 2383 charitatis,
1851 2339 1955 2374 stu--

316 2407 512 2461 deatque
535 2406 645 2449 nihil
668 2406 836 2450 habere
859 2406 1107 2450 auersionis
1130 2408 1186 2448 ab
1210 2406 1284 2450 illo
1307 2407 1440 2450 etiam
1465 2407 1697 2459 naturalis,
1729 2409 1850 2463 quod
1879 2409 1946 2451 fa·-

315 2483 420 2535 ciet,
462 2483 498 2526 si
538 2497 626 2525 non
662 2483 891 2525 hominem
926 2485 1047 2525 hunc
1080 2484 1124 2525 in
1158 2483 1256 2539 ipso
1288 2484 1559 2537 consideret,
1595 2485 1675 2528 sed
1710 2484 1952 2528 Christum.

314 2560 463 2615 ipsum
487 2561 819 2616 contempletur
841 2567 885 2603 et
910 2568 1167 2613 veneretur,
1194 2568 1413 2615 quantum
1437 2562 1588 2606 decet.

402 2637 615 2681 Officium
641 2636 830 2679 rectoris
846 2636 1043 2692 collegii,
1065 2637 1139 2679 vbi
1158 2645 1226 2680 est
1243 2637 1638 2693 superintendens,
1660 2638 1705 2680 in
1724 2639 1811 2681 hoc
1829 2652 1942 2682 con-
1963 2693 1972 2702 Ι

311 2714 446 2766 sistit,
471 2721 519 2755 vt
548 2715 634 2757 sub
662 2712 919 2755 obedientia
947 2713 1361 2768 superintendentis
1391 2722 1532 2757 totam
1561 2714 1740 2771 collegii
1769 2716 1950 2771 guber-

313 2791 541 2834 nationem
566 2791 863 2846 amplectatur
887 2803 938 2832 ac
961 2797 1089 2832 curet
1117 2789 1161 2831 in
1192 2790 1262 2832 his
1291 2792 1427 2834 rebus
1455 2791 1680 2843 omnibus,
1713 2806 1826 2846 quas
1854 2791 1944 2834 sibi

311 2883 404 2910 non
443 2874 647 2911 reseruat
683 2865 1077 2922 superintendens.
1106 2866 1155 2908 In
1194 2866 1263 2910 his
1297 2881 1420 2918 vero,
1461 2882 1576 2922 quae
1614 2868 1688 2911 ille
1717 2875 1937 2920 reseruat,

308 2947 424 2987 hanc
449 2946 613 2988 habeat
635 2957 806 2995 curam,
832 2949 881 2984 vt
903 2942 1143 2985 admoneat
1166 2942 1614 2998 superintendentem
1639 2959 1815 2987 summa
1833 2958 1944 2986 cum

309 3022 562 3065 humilitate
585 3029 629 3064 et
652 3018 938 3076 simplicitate
962 3018 1005 3061 in
1029 3019 1230 3072 Christo,
1251 3019 1288 3062 si
1306 3019 1413 3074 quid
1431 3034 1486 3062 ex
1503 3020 1764 3076 particulari
1783 3021 1940 3064 obser-
