2028 3426
350 199 420 245 344
820 200 974 236 PATms
1002 200 1246 235 Hmnonnn
1274 199 1426 235 NADAL

303 316 412 346 num
440 305 448 324 ¹
473 317 529 346 ex
551 304 661 346 vrbe
683 318 738 347 ex
761 299 1079 345 commissione
1103 302 1156 344 Ρ.
1183 292 1367 355 Lainei,
1392 308 1440 343 vt
1462 300 1637 357 possint
1659 301 1767 344 dare
1790 301 1938 344 facul—

303 386 442 424 tatem
464 386 662 424 rectores
685 387 730 422 et
752 378 1046 435 prouintiales
1070 392 1241 420 nouum
1265 377 1465 421 officium
1482 377 1703 421 recitandi
1720 377 1936 431 externis,

304 471 360 501 ne
381 463 568 500 vtantur
590 458 733 500 donec
759 458 894 499 Pater
916 454 1142 511 generalis
1165 454 1293 498 aliter
1314 454 1508 509 ordinet;
1543 469 1633 498 non
1655 454 1777 499 enim
1809 454 1937 500 vide-

304 541 379 577 tur
400 535 565 578 debere
587 533 798 577 omnibus
821 532 916 575 dari
940 531 1123 588 passim.

394 613 530 667 Quod
555 612 722 654 factum
746 617 814 654 est
836 609 970 653 etiam
994 609 1039 652 in
1062 611 1148 652 hac
1171 609 1413 666 prouinfia,
1435 616 1482 652 vt
1505 623 1610 653 cum
1633 609 1719 662 his,
1746 608 1824 665 qui
1845 623 1938 652 non

302 689 593 740 confitentur,
614 688 876 743 dispensent
898 686 944 730 in
967 685 1231 730 recitatione
1253 686 1388 730 officii
1410 687 1535 740 noui;
1556 686 1603 729 id
1620 686 1817 731 retinere
1834 701 1939 744 pos-

303 773 410 809 sunt
432 766 576 809 donec
601 767 736 808 Pater
759 763 986 820 generalis
1007 764 1244 806 consultus
1267 764 1554 820 respondeat.
1582 765 1639 806 Et
1664 771 1814 808 tamen
1836 778 1939 820 pro—

303 844 436 885 batur
464 842 575 884 mihi
604 842 725 896 quod
756 841 913 883 dicunt
941 855 990 885 se
1019 840 1116 884 aliis
1145 841 1436 885 facultatibus
1458 840 1596 884 nullis
1617 844 1699 894 vti,
1725 841 1812 884 nisi
1833 855 1938 885 cum

304 920 390 971 his,
421 934 534 975 quos
563 919 752 962 audiunt
781 919 826 961 in
855 919 1156 962 confessione.
1189 919 1305 962 Cum
1340 919 1449 962 dant
1487 926 1637 962 tamen
1675 920 1938 964 facultatem

304 996 485 1053 legendi
513 998 646 1039 horas
674 995 916 1038 canonicas
947 1010 1003 1038 ex
1033 1010 1155 1038 nouo
1186 995 1434 1048 breuiario,
1461 1010 1552 1039 non
1585 996 1696 1040 dent
1733 995 1855 1039 illam
1894 996 1939 1039 in

303 1073 483 1129 scriptis
507 1074 765 1115 facultatem
789 1080 834 1116 et
855 1071 1152 1117 autenticam.
1881 1127 1883 1130 Α

393 1150 485 1205 Qui
517 1165 607 1192 non
641 1150 846 1193 fecerunt
878 1149 1107 1203 exercitia,
1149 1151 1222 1195 vel
1257 1150 1344 1193 illis
1381 1157 1537 1207 egent,
1573 1150 1720 1207 primo
1758 1165 1940 1208 quoque

306 1234 507 1283 tempore
544 1234 857 1280 exerceantur3
898 1228 979 1271 sed
1015 1227 1077 1270 ita
1117 1234 1285 1280 tamen,
1321 1234 1370 1270 vt
1407 1228 1570 1272 eodem
1609 1235 1813 1284 tempore
1850 1243 1939 1272 non

305 1312 600 1347 exerceantur
630 1311 721 1348 tres
748 1303 906 1357 simul,
940 1304 1032 1348 imo
1062 1318 1120 1347 ne
1153 1305 1245 1347 duo
1275 1304 1481 1360 quidem,
1513 1304 1600 1348 nisi
1637 1305 1695 1348 sit
1732 1319 1941 1349 necessa-

306 1380 476 1423 rium...

395 1459 444 1500 ln
476 1458 743 1502 ceremoniis
773 1459 939 1503 missae
967 1459 1057 1502 sint
1087 1473 1244 1503 omnes
1266 1460 1540 1512 conformes,
1565 1467 1610 1503 et
1632 1460 1689 1503 ad
1718 1475 1816 1504 eam
1846 1475 1941 1506 rem

308 1534 520 1579 adhibeat
544 1536 595 1577 P.
617 1537 865 1592 Jordanum
892 1537 1245 1580 obseruatorem.
1272 1538 1455 1580 Decret.
1489 1536 1578 1596 [93]
1602 1551 1830 1594 congreg.
1865 1545 1943 1581 15¹⁶

395 1613 629 1656 Lauentur
659 1613 1002 1670 peregrinorum
1036 1614 1225 1656 fratrum
1254 1615 1408 1670 pedes:
1441 1613 1479 1657 si
1515 1629 1624 1658 vero
1656 1630 1711 1659 ex
1741 1614 1830 1669 his,
1864 1614 1942 1671 qui

307 1689 428 1731 domi
452 1697 576 1742 sunt,
601 1689 659 1733 sit
680 1690 790 1734 vtile
811 1691 963 1734 lauare
985 1691 1140 1747 pedes,
1165 1690 1250 1747 ipsi
1271 1690 1356 1734 sibi
1379 1691 1658 1737 lauabunt...

396 1767 445 1808 ln
463 1766 733 1822 sepeliendis
757 1767 937 1820 nostris,
958 1781 1062 1810 cum
1085 1782 1322 1811 necessum
1339 1767 1396 1811 sit
1414 1769 1502 1811 hoc
1521 1776 1738 1825 tempore,
1759 1769 1943 1824 quando

310 1844 527 1899 templum
554 1859 647 1887 non
670 1845 908 1897 habemus,
935 1844 999 1887 vti
1021 1859 1157 1901 opera
1174 1844 1380 1901 parochi,
1400 1845 1485 1889 erit
1501 1860 1665 1902 operae
1682 1845 1884 1902 precium
1905 1845 1943 1889 si

308 1920 552 1964 conueniat
575 1928 724 1964 rector
747 1922 971 1965 decanum
993 1929 1038 1965 et
1056 1923 1325 1978 parochum,
1344 1937 1448 1965 cum
1466 1921 1661 1979 primum
1681 1921 1844 1978 aliquis
1861 1922 1942 1966 de-

308 1998 492 2039 cumbet
522 1998 791 2053 periculose,
818 2006 863 2042 et
893 1999 1126 2055 rogandus
1159 1999 1244 2043 erit
1271 2006 1477 2055 vterque,
1509 2006 1558 2042 vt
1595 1999 1737 2043 velint
1766 2006 1943 2043 nostros

309 2073 499 2128 sepelire
522 2074 854 2131 simplicissime
871 2083 916 2119 et
938 2090 1043 2119 cum
1066 2075 1252 2120 minima
1274 2076 1496 2133 impensa,
1521 2083 1567 2120 et
1589 2085 1638 2118 vt
1667 2091 1759 2120 non
1781 2076 1840 2120 sit
1861 2091 1943 2120 ne-

308 2163 488 2193 cessum
520 2151 640 2206 ipsos
678 2152 908 2196 celebrare
946 2153 1126 2196 missam
1165 2160 1415 2206 cantatam,
1451 2154 1531 2197 sed
1568 2168 1683 2198 voce
1719 2153 1944 2197 submissa

311 2241 463 2280 vnam,
491 2230 869 2282 quemadmodum
892 2230 989 2274 fieri
1017 2231 1131 2275 solet
1163 2245 1244 2287 pro
1272 2230 1564 2287 pauperibus3
1591 2230 1943 2288 significandum

310 2319 421 2347 vero
445 2304 532 2346 illis
555 2305 655 2358 erit,
677 2314 786 2360 quot
809 2307 970 2351 missae
992 2321 1073 2363 pro
1095 2307 1287 2364 singulis
1310 2307 1476 2351 nostris
1492 2308 1779 2352 celebrentur
1796 2307 1840 2350 in
1859 2308 1942 2352 So-

310 2380 492 2433 cietate,
514 2389 601 2425 ete.

400 2459 620 2502 Seruetur
643 2461 925 2504 consuetudo
948 2461 1203 2514 Societatis,
1223 2469 1270 2504 vt
1289 2475 1393 2505 cum
1411 2461 1590 2504 leuatur
1607 2461 1942 2504 sanctissimum

317 2542 669 2587 sacramentum,
692 2539 965 2580 accendatur
987 2552 1161 2582 cereus:
1187 2553 1271 2583 nec
1294 2538 1589 2596 extinguatur
1617 2539 1761 2582 donec
1783 2537 1943 2582 venia—

313 2618 387 2653 tur
409 2612 465 2654 ad
491 2626 596 2667 «per
619 2613 769 2655 omnia
791 2616 943 2658 secula
965 2617 1268 2668 seculorum»,
1294 2623 1399 2660 ante
1426 2617 1589 2659 «Pater
1612 2622 1811 2658 noster».

403 2690 544 2732 Curet
568 2689 862 2744 prouintialis,
889 2698 936 2733 vt
968 2706 1124 2736 omnes
1151 2693 1410 2736 sacerdotes
1441 2693 1623 2736 easdem
1662 2691 1943 2736 ceremonias

310 2766 574 2817 obseruent,
601 2766 656 2810 de
679 2766 844 2820 quibus
866 2768 1074 2823 superius
1096 2769 1270 2813 dictum
1291 2777 1374 2813 est:
1395 2776 1441 2813 et
1458 2769 1569 2811 illud
1591 2776 1840 2825 praeterea,
1866 2783 1940 2820 ne,

385 2889 394 2909 ¹
447 2890 490 2925 P.
516 2889 710 2924 Adrianus
735 2889 895 2927 Adriani
918 2892 1251 2940 (Adriaenssens),
1276 2894 1341 2941 qui
1365 2894 1468 2929 circa
1493 2895 1566 2929 hoc
1598 2898 1752 2940 tempus
1782 2903 1944 2928 munere

314 2948 671 2994 superintendentis
700 2950 857 2995 collegii
888 2951 1124 2988 lovaniensis
1155 2955 1357 2989 absolutus
1392 2951 1478 2989 fuit.
1515 2951 1576 2989 Cf.
1613 2952 1743 2999 Epist.
1776 2952 1825 2989 P.
1862 2950 1945 2988 Na-

310 3007 399 3050 dal,
414 3007 482 3051 111,
503 3008 585 3054 488,
608 3018 694 3052 504.
