2028 3426
324 201 393 246 466
796 200 949 236 PA‘rms
975 200 1217 236 HquoNYffl
1242 199 1393 235 NADAL

280 303 589 359 spiritualiter,
624 310 668 346 et
708 303 752 345 in
793 302 961 346 virtute
994 300 1178 357 spiritus
1215 302 1287 345 vel
1319 300 1507 355 reiiciat,
1542 302 1615 346 vel
1647 308 1911 346 contemnat

280 380 593 432 tentationem,
619 387 663 424 et
687 379 816 422 donis
840 378 923 422 Dei
947 378 1137 422 internis
1153 380 1335 422 haereat
1358 386 1404 422 et
1425 378 1608 422 diuinae
1624 378 1798 432 virtuti,
1817 386 1905 422 etc.

368 457 597 514 Colligere
619 456 847 500 orationes
869 470 924 499 ex
953 454 1265 499 sanationibus
1301 455 1374 500 vel
1406 455 1635 498 miraculis
1662 455 1906 512 euangelii,

278 542 341 577 vt:
373 535 533 579 «Salva
555 549 654 587 nos,
682 533 893 586 Domine,
921 532 1116 588 perimus
1143 534 1200 576 ².»
1231 531 1468 584 «Domine,
1495 532 1532 575 si
1562 531 1644 586 vis,
1677 540 1809 588 potes
1837 547 1909 576 me

278 613 496 655 mundare
519 613 549 654 ².
564 631 579 650 »
1646 615 1650 619 ”

366 693 447 735 278
471 689 663 744 Quoties
686 688 729 730 in
755 687 949 743 aliquem
972 686 1140 730 incidat
1157 687 1402 738 defectum,
1425 686 1558 730 toties
1580 686 1716 730 dicat:
1747 688 1909 730 «Pater

278 774 457 811 noster»
485 775 530 809 et
556 767 682 809 «Ave
706 765 892 808 Maria».

366 843 413 888 Si
438 843 538 898 quis
564 844 701 897 [quod
731 856 965 896 nunquam
996 841 1172 885 accidet
1203 855 1281 897 per
1309 840 1502 898 gratiam
1534 840 1632 896 Dei)
1662 840 1909 884 mortaliter

280 928 506 975 peccaret,
533 918 797 976 praesertim
816 925 1003 975 peccato
1021 918 1171 973 aliquo
1195 918 1341 974 graui,
1362 917 1468 961 huic
1484 918 1671 962 deberet
1688 916 1787 960 dari
1803 930 1909 973 gra—

279 998 461 1040 uissima
487 996 778 1052 poenitentia,
800 1010 934 1052 quam
959 1003 1116 1052 ageret
1147 995 1317 1050 aliquot
1345 994 1655 1046 hebdomadis,
1680 994 1752 1037 vel
1773 993 1907 1037 etiam

278 1074 526 1125 mensibus;
559 1088 674 1128 quae
705 1081 856 1117 tamen
893 1081 1048 1129 posset
1085 1072 1349 1129 permutari,
1383 1072 1451 1115 vel
1491 1071 1623 1115 etiam
1657 1071 1840 1124 remitti,
1871 1071 1907 1114 si

280 1166 442 1207 magna
471 1151 730 1207 proueniret
754 1150 1025 1202 emendatio,
1050 1157 1095 1193 et
1117 1149 1360 1205 spiritualis
1383 1157 1646 1205 prouentus.

366 1229 457 1283 Qui
483 1228 688 1270 incidunt
719 1228 763 1270 in
793 1235 994 1284 peccata,
1021 1234 1068 1269 vt
1098 1227 1163 1270 eis
1201 1234 1269 1271 est
1307 1227 1485 1282 agenda
1522 1225 1799 1282 poenitentia
1827 1240 1908 1282 pro

276 1305 534 1361 praeterito,
560 1305 621 1348 ita
644 1305 778 1349 etiam
808 1319 888 1362 pro
922 1305 1106 1347 vitando
1134 1306 1305 1357 futur0;
1331 1319 1435 1347 nam
1463 1311 1707 1358 Vtrumque
1735 1302 1907 1346 contri-

276 1383 337 1426 tio
363 1383 611 1434 concernit3
638 1382 765 1425 iuuat
794 1389 1036 1436 Vtrumque
1059 1381 1205 1438 gratia
1227 1380 1565 1424 sacramentalis
1583 1379 1902 1436 poenitentiae.

363 1462 626 1503 Renouetur
663 1459 847 1515 spiritus
885 1459 1208 1515 poenitentiae,
1234 1466 1279 1503 et
1311 1457 1672 1502 mortificationis
1709 1457 1906 1514 singulis

276 1536 584 1596 hebdomadis,
610 1544 655 1580 et
678 1536 921 1592 praecipue
945 1544 1040 1579 toto
1063 1544 1268 1592 tempore
1287 1551 1312 1578 a
1335 1535 1671 1592 septuagesima
1693 1549 1834 1590 Vsque
1851 1535 1907 1578 ad

272 1616 453 1669 pascha.

362 1691 610 1735 Considera
648 1699 806 1733 contra
845 1690 1135 1742 tentationes,
1168 1690 1245 1746 qui
1283 1698 1389 1733 sunt
1428 1698 1596 1742 tecum,
1632 1689 1709 1745 qui
1747 1696 1906 1732 contra

274 1777 331 1819 te,
358 1776 444 1811 etc.
472 1768 564 1823 Qui
588 1776 631 1811 te
654 1767 826 1812 vident:
864 1767 1030 1810 iudicia
1060 1767 1146 1812 Dei
1178 1776 1334 1811 contra
1357 1774 1619 1824 peccatores
1645 1766 1811 1810 subita:
1837 1766 1930 1809 vi-·
1991 1790 2006 1804 .-

271 1847 383 1888 ‹lens
413 1860 464 1887 ac
494 1846 649 1888 volens
689 1858 868 1900 peccas:
910 1859 1038 1897 caue;
1072 1846 1346 1888 horrendum
1377 1852 1445 1887 est
1473 1843 1591 1886 enim
1632 1843 1830 1887 incidere
1860 1843 1905 1885 in

275 1937 434 1965 manus
458 1922 542 1965 Dei
567 1922 763 1966 viuentis
787 1923 818 1964 ⁵.

360 2004 441 2045 279
464 2001 687 2043 Exercere
710 1999 831 2050 fidei,
858 1998 970 2055 spei,
997 2006 1041 2042 et
1066 1998 1298 2042 charitatis
1326 2006 1475 2042 actum
1507 1998 1551 2041 in
1583 1998 1766 2042 Christo
1794 2012 1903 2041 con-

274 2084 339 2117 tra
363 2076 629 2118 afflictiones
653 2075 819 2127 carnis,
847 2075 1060 2118 adhibere
1083 2090 1211 2118 vsum
1237 2075 1370 2119 etiam
1392 2090 1534 2131 aquae
1557 2075 1836 2120 benedictae.

364 2155 577 2208 Pugnare
599 2154 819 2210 aduersus
845 2152 1117 2195 tentationes
1140 2161 1184 2194 et
1207 2152 1570 2208 imperfectiones
1599 2160 1644 2195 et
1673 2153 1813 2195 malas
1836 2151 1903 2194 in-

271 2229 538 2271 clinationes
561 2229 786 2273 exercitiis
809 2229 1046 2280 virtutum,
1072 2237 1116 2272 et
1139 2229 1358 2282 oratione,
1379 2237 1424 2272 et
1446 2229 1752 2286 poenitentiis.

359 2306 540 2348 Timore
564 2313 827 2358 concutere,
855 2305 982 2360 quasi
1013 2306 1114 2360 quis
1142 2306 1251 2349 velit
1281 2314 1323 2349 te
1353 2306 1627 2350 horribiliter
1661 2305 1901 2359 trucidare,

272 2390 316 2425 et
340 2397 527 2426 accurre
550 2383 604 2425 ad
630 2384 795 2427 Deum.

359 2459 678 2504 Meditationes
699 2474 753 2502 ex
778 2459 863 2511 his,
890 2474 1005 2515 quae
1028 2469 1134 2502 sunt
1166 2461 1337 2516 primae
1359 2462 1688 2514 hebdomadae,
1712 2460 1900 2505 scilicet:

271 2537 441 2589 mortis,
467 2535 621 2579 iudicii
644 2536 928 2592 particularis
951 2544 995 2580 et
1014 2537 1298 2591 vniuersalis,
1319 2537 1587 2580 iudiciorum
1605 2527 1705 2581 Dei.

360 2615 546 2666 Oretur,
571 2620 616 2656 et
638 2612 817 2668 quidem
842 2613 980 2664 varie,
1007 2613 1043 2655 si
1067 2628 1155 2656 vna
1178 2615 1350 2657 ratione
1374 2614 1589 2657 orationis
1608 2615 1782 2658 fructus
1800 2629 1903 2671 per-

270 2691 356 2746 cipi
380 2706 470 2733 non
494 2696 662 2746 potest.

361 2769 566 2810 Adeatur
589 2766 695 2811 item
720 2767 1041 2811 confessarius.
1066 2767 1348 2822 Suscipiatur
1377 2767 1625 2824 disciplina.
1662 2768 1898 2812 Ieiunium.

274 2845 559 2886 Adhibeatur
583 2843 817 2900 patientia,
842 2857 896 2886 ex
920 2851 1184 2899 expectetur
1202 2844 1440 2887 Dominus.
1464 2845 1652 2888 Publica
1669 2844 1901 2901 poeniten-

342 3011 351 3031 ¹
405 3012 590 3053 MATTH„
611 3010 719 3054 VlII,
739 3019 796 3055 25.
1004 3014 1016 3032 ·—·
1069 3010 1187 3054 Luc„
1215 3011 1262 3056 V,
1288 3019 1342 3045 12.
1537 3013 1551 3031 ⁵
1601 3011 1752 3057 HEBR.‚
1771 3011 1818 3058 X,
1840 3010 1899 3047 31.
