2028 3426
344 208 416 246 318
814 211 971 246 Purus
997 209 1240 244 Hmnouvm
1266 207 1418 243 NADAL

388 313 604 359 Studiose
626 320 756 356 curet
777 311 998 368 superior,
1024 317 1076 352 ut
1097 308 1355 352 comuniter
1377 308 1498 353 inter
1519 323 1570 353 se
1590 306 1869 352 conueniant
1891 314 1939 352 et
1982 290 2013 395 :i

298 392 620 447 colloquantur
648 391 809 433 fratres
840 396 885 432 et
910 390 1071 431 Patres
1093 385 1389 438 familiariter,
1409 393 1456 430 et
1479 393 1696 429 notentur
1727 384 1936 441 germani

302 483 405 511 cum
431 467 661 525 germanis
683 474 728 510 et
750 466 857 522 galli
880 480 983 508 curn
1007 464 1140 520 gallis
1163 462 1489 506 famniariter·³.

389 546 481 602 Qui
506 544 760 588 inseruiunt
786 541 968 593 mensis,
994 541 1058 583 ita
1079 540 1426 593 distribuantur,
1457 547 1508 583 ut
1536 539 1706 596 singuli
1736 538 1938 584 seruiant

302 623 496 680 singulis
518 620 764 671 mensibus,
798 628 842 663 et
879 633 997 661 vnus
1030 618 1088 661 sit
1110 625 1288 674 praeter
1324 617 1450 668 istos,
1481 617 1559 672 qui
1587 631 1742 660 curam
1772 617 1939 660 habeat

302 700 394 743 vini
418 707 463 742 et
485 698 731 742 cereuisiae
754 697 771 720 ¹¹
794 696 1133 738 ministrandae.

391 776 669 832 Designetur
691 774 832 829 igitur
853 774 980 815 locus
1003 771 1180 827 aliquis,
1205 778 1411 814 secretus
1433 770 1616 826 quidem
1639 777 1685 814 et
1713 769 1939 826 sepositus

301 872 327 898 a
352 853 605 909 frequentia
628 860 644 877 0
667 853 874 903 fratrum,
899 850 1049 905 quoad
1072 849 1170 891 eius
1193 848 1291 892 fieri
1308 848 1490 904 poterit,
1516 847 1590 890 ubi
1608 849 1803 891 deuotae
1825 847 1939 890 ima·—

305 933 435 989 gines
473 932 717 985 affigantur
750 926 971 979 crucifixi,
1012 925 1183 970 Christi
1212 924 1475 981 flagellatio,
1507 924 1677 968 orantis
1709 923 1756 966 in
1788 925 1936 975 horto,

302 1018 349 1054 et
372 1006 630 1052 huiusmodi
669 1005 778 1047 alias
801 1003 1041 1060 imagines,
1074 1017 1190 1058 quae
1223 1001 1414 1045 incitent
1444 1002 1500 1044 ad
1529 999 1869 1057 poenitentiam,
1895 1007 1940 1043 et
2004 1019 2014 1055 ,ᾗ

303 1089 346 1130 in
370 1102 424 1131 ea
445 1087 577 1128 domo
601 1083 690 1126 sint
707 1082 886 1138 flagella
908 1088 954 1124 et
976 1079 1121 1123 cilicia
1142 1079 1159 1104 d
1183 1079 1370 1134 aliquot,
1393 1086 1441 1121 ut
1459 1079 1516 1121 ad
1533 1093 1637 1122 eum
1661 1079 1811 1120 locum
1834 1091 1917 1133 pos

305 1167 395 1208 sint
433 1161 573 1206 nostri
604 1161 831 1211 secedere,
864 1158 1031 1214 quibus
1068 1157 1214 1212 aliqua
1249 1163 1318 1201 est
1347 1156 1526 1212 agenda
1562 1154 1860 1212 poenitentia,
1895 1161 1942 1196 et
2003 1154 2010 1172 ·'

303 1239 685 1298 quemadmodum
722 1235 979 1279 huiusmodi
1003 1234 1305 1291 poenitentias
1338 1247 1476 1289 agere
1505 1247 1596 1276 non
1637 1239 1826 1288 possunt
1864 1245 1941 1274 ex-

306 1316 641 1367 traordinarias,
682 1314 767 1357 nisi
806 1314 1026 1369 probante
1058 1311 1288 1367 superiore
1328 1311 1400 1354 uel
1433 1309 1728 1363 confessario,
1765 1309 1938 1353 clauem

304 1396 440 1438 huius
462 1393 548 1436 loci
571 1392 633 1434 illi
656 1392 748 1434 duo
773 1391 1022 1433 habebunt.
1055 1390 1197 1432 Curet
1226 1387 1368 1444 igitur
1393 1390 1446 1431 P.
1479 1387 1747 1431 Leonardus
1775 1385 1938 1429 confici
2001 1390 2013 1444 J

304 1470 562 1516 huiusmodi
595 1469 774 1525 flagella
799 1467 962 1524 uiginti
987 1467 1059 1510 uel
1083 1465 1286 1522 triginta,
1313 1472 1357 1509 et
1380 1465 1436 1507 ad
1466 1478 1546 1508 sex
1576 1464 1649 1506 uel
1671 1470 1844 1519 septem
1874 1462 1939 1505 ci-

304 1549 403 1593 licia
427 1549 473 1591 in
497 1547 662 1603 quibus
685 1546 773 1588 sint
796 1545 945 1600 aliqua
974 1543 1109 1596 lenia,
1135 1542 1220 1586 alia
1242 1539 1618 1597 vero'asperiora,
1645 1547 1690 1585 et
1723 1539 1940 1596 paulatim

304 1632 568 1670 assuescant
609 1625 770 1667 fratres
813 1637 972 1666 omnes
1010 1619 1269 1664 huiusmodi
1307 1619 1457 1662 carnis
1494 1617 1937 1670 mortificationibus;

306 1714 400 1748 tum
425 1704 559 1748 etiam
583 1709 728 1753 curet,
756 1708 806 1742 ut
828 1700 874 1742 in
898 1698 1137 1742 refectorio
1160 1696 1386 1740 ordinarie
1410 1694 1716 1752 poenitentiae
1745 1701 1941 1751 agantur
2000 1707 2010 1716 ·

302 1797 383 1838 pro
406 1779 644 1823 ordinariis
666 1777 826 1834 culpis,
854 1776 932 1819 ubi
954 1791 1048 1818 non
1066 1776 1212 1818 solum
1232 1774 1345 1816 istae
1363 1772 1616 1816 ordinariae
1635 1770 1942 1828 poenitentiae
2004 1801 2023 1813 ..

302 1859 399 1903 fieri
424 1859 586 1909 solent,
613 1857 693 1899 sed
717 1855 851 1899 etiam
873 1852 1217 1910 flagellationes.

393 1936 467 1979 Ad
489 1933 853 1977 obseruationem
875 1944 984 1974 vero
1007 1929 1268 1985 regularum
1293 1928 1404 1970 illud
1426 1926 1668 1983 praecipue
1691 1925 1870 1977 attinet,
1892 1931 1942 1967 ut

306 2013 446 2056 nostri
469 2012 593 2054 nullo
616 2017 750 2066 pacto
775 2009 848 2052 uel
877 2008 1210 2062 colloquantur,
1242 2006 1313 2049 vel
1343 2003 1721 2047 consuetudinem
1745 2002 1942 2066 aliquam

302 2091 577 2134 contrahant
601 2102 703 2130 cum
729 2084 1126 2137 commensalibus,
1156 2082 1241 2125 nisi
1269 2097 1323 2125 ex
1353 2082 1519 2125 diserta
1544 2081 1775 2133 facultate,
1807 2093 1941 2134 quam

304 2167 525 2223 accipient
549 2180 604 2208 ex
628 2164 875 2220 superiore,
908 2169 953 2206 et
974 2161 1111 2204 huius
1140 2159 1204 2204 rei
1232 2168 1330 2202 esto
1359 2156 1834 2202 accommodatissima
1857 2156 1942 2198 ob-

305 2244 520 2295 seruati03
547 2257 635 2297 qua
664 2241 709 2284 in
733 2256 782 2284 re
805 2240 890 2284 erit
913 2239 1023 2282 utile
1051 2243 1285 2293 separetur
1314 2243 1470 2278 nostra
1499 2235 1663 2277 domus
1693 2233 1750 2276 ab
1779 2232 1871 2286 illa,
1896 2240 1943 2276 et

305 2321 578 2364 claudantur
600 2333 758 2361 omnes
781 2317 947 2359 aditus.

396 2399 451 2440 Et
475 2395 727 2439 meminerit
757 2394 812 2449 is,
833 2393 909 2448 qui
939 2400 1007 2437 est
1037 2391 1275 2435 habiturus
1304 2388 1644 2434 exhortationes
1675 2387 1731 2430 ad
1760 2388 1940 2438 fratres,

305 2483 350 2518 ct
369 2475 611 2530 diligenter
634 2472 920 2515 commendet
943 2468 1307 2513 obseruationem
1333 2466 1649 2522 regularum...

394 2553 567 2596 Curent
591 2557 639 2592 ut
662 2549 748 2592 cibi
773 2549 861 2591 sint
884 2548 999 2591 bene
1023 2546 1183 2603 parati,
1211 2552 1255 2589 et
1279 2543 1539 2601 praesertim
1571 2542 1688 2586 bene
1717 2540 1851 2593 cocti,
1885 2555 1943 2583 ne

312 2636 507 2673 noceant
531 2629 779 2670 stomacho.

396 2707 511 2749 Cum
536 2703 685 2747 omnia
707 2702 847 2744 offitia
876 2702 949 2745 uel
988 2699 1253 2749 ministeria,
1285 2712 1400 2753 quae
1433 2695 1573 2739 nostri
1613 2695 1794 2751 publice
1817 2709 1942 2738 exer-

2016 2752 2022 2762 .
2012 2728 2021 2738 t
2014 2703 2028 2715 ι,
2009 2677 2015 2682 ·
2007 2488 2028 2667 Ἀᾗ-ιῗγιςᾭῆ
2022 2451 2028 2477 .·.
2019 2411 2023 2418 ,
2012 2346 2028 2367 ,ν
2012 2287 2026 2302 4

305 2790 429 2835 cent,
449 2782 692 2837 diligenter
709 2780 875 2821 debent
893 2778 1125 2829 exhibere,
1149 2785 1243 2820 tum
1262 2776 1336 2818 illa
1359 2774 1491 2818 etiam
1521 2771 1803 2828 diligentius,
1825 2784 1942 2827 quae
2008 2770 2020 2793 ⁷

379 2979 396 2995 ³
447 2965 608 3012 Aliquid
644 2963 831 2999 omissum
864 2961 1033 3004 videtur,
1072 2973 1136 3006 vg.
1163 2959 1326 2996 seorsim
1360 2957 1638 3003 colloquentes.
1688 2956 1754 2981 —l‘
1782 2955 1854 2989 Ms.
1887 2965 1943 2990 se-

307 3026 492 3063 reuisiae.
546 3034 608 3052 —c
634 3021 999 3068 Ms.fraequentia.
1052 3022 1117 3047 -d
1137 3020 1209 3054 Ms.
1226 3018 1358 3054 silicia
1379 3016 1441 3051 hic
1461 3021 1500 3051 et
1518 3013 1632 3050 infra.

2004 2883 2019 2934 5]

2010 2939 2028 2957 ’ν
