2028 3426
558 259 789 297 ORAT10N1s
817 268 1257 304 OBSERvAnoNEs--7o
1605 270 1674 306 707

187 362 383 418 Quidam
413 376 516 403 cum
548 359 707 402 fuisset
736 361 793 402 ad
824 360 1065 416 collegium
1104 360 1267 403 missus
1310 363 1336 412 ¹,
1369 362 1443 403 vbi
1479 362 1621 417 primo
1651 363 1723 406 die

99 440 212 482 adeo
234 438 319 481 fuit
341 439 587 488 desolatus,
614 444 662 478 vt
684 452 742 480 ne
764 436 1032 492 principium
1064 437 1244 491 quidem
1274 438 1453 493 (alioqui
1485 438 1568 480 sibi
1598 439 1725 481 facil-

101 514 271 570 limum)
298 513 502 557 inuenire
531 521 685 569 posset
717 513 948 564 orationis,
982 514 1057 555 sed
1088 513 1149 555 ita
1180 521 1344 565 tamen,
1377 522 1425 556 vt
1462 516 1725 571 eli2l4geret

94 591 342 635 *efficaciter
364 590 486 641 illam
509 590 659 646 potius
682 589 1023 640 desolationem,
1050 604 1185 644 quam
1207 591 1561 634 consolationem
1584 607 1639 634 ex
1664 593 1725 634 fa-

101 667 261 710 miliari
293 667 376 710 sibi
416 666 637 722 principio
676 666 796 710 tertii
836 667 1006 722 gradus
1045 666 1327 719 humilitatis,
1371 669 1427 710 de
1465 682 1554 722 quo
1595 670 1727 711 Pater

104 744 307 801 Ignatius
329 744 374 786 in
397 743 640 797 exercitiis3
666 743 881 799 postridie
906 758 1030 794 vero,
1058 757 1197 798 quum
1222 745 1277 786 ab
1306 745 1463 787 eadem
1494 745 1729 788 sterilitate

106 821 299 873 timeret,
325 820 453 862 affuit
475 827 625 863 tamen
648 820 709 862 illi
740 819 895 862 diuina
923 819 1083 875 gratia.
1118 821 1184 861 Ex
1214 821 1594 875 contemplatione
1616 821 1729 863 ima·-

106 897 225 953 ginis
245 897 498 940 natiuitatis
520 897 625 953 Xpi.
653 898 766 940 adeo
790 897 874 939 fuit
904 906 1160 939 commotus
1189 911 1327 939 sensu
1363 897 1482 940 illius
1511 897 1727 952 mysterii,

107 983 151 1017 et
175 982 342 1018 tantam
367 975 512 1017 lucem
537 974 727 1030 accepit,
754 982 803 1016 vt
819 973 864 1015 in
883 981 1069 1029 gustum
1089 981 1132 1016 et
1151 973 1579 1029 contemplationem
1599 974 1730 1016 Chri-

107 1051 164 1094 sti
187 1046 389 1094 crucifixi
412 1065 515 1093 cum
539 1051 692 1094 multis
713 1050 955 1105 lachrymis
979 1051 1308 1102 traduceretur,
1330 1050 1457 1105 quasi
1476 1066 1530 1093 ex
1548 1050 1623 1093 illa
1641 1052 1731 1093 ele—

112 1127 292 1171 uatione
316 1128 479 1172 mentis
501 1135 546 1170 et
569 1128 672 1170 luce
694 1128 968 1183 intelligeret
986 1142 1085 1171 esse
1108 1128 1163 1169 ad
1181 1128 1578 1182 contemplandum
1597 1127 1732 1170 Chri—

106 1213 228 1247 stum
245 1203 509 1247 crucifixum
529 1205 805 1248 adeundum.
821 1204 939 1246 Hinc
957 1205 1014 1246 ad
1031 1212 1292 1259 praesentes
1311 1203 1604 1247 necessitates
1616 1205 1732 1245 dona

108 1282 284 1337 accepit
307 1281 515 1337 plurima.
540 1281 772 1323 Confirma
801 1283 904 1332 hoc,
933 1283 1073 1331 Deus,
1099 1281 1220 1335 quod
1250 1288 1461 1335 operatus
1483 1295 1531 1323 es
1553 1282 1585 1322 ἓ.
1619 1281 1734 1323 Cum

111 1360 224 1401 haec
242 1358 493 1400 consolatio
517 1365 843 1413 perseueraret,
870 1357 986 1400 inter
1023 1357 1245 1412 colloquia
1285 1359 1484 1409 Patrum,
1517 1357 1736 1401 intellexit

113 1434 225 1476 illud
253 1449 375 1486 esse,
407 1435 528 1490 quod
557 1434 669 1476 dixit
698 1434 908 1477 Christus
935 1434 1119 1478 latroni:
1151 1434 1331 1478 «Hodie
1365 1448 1540 1476 mecum
1576 1433 1663 1476 eris
1692 1433 1734 1476 in

115 1511 321 1566 paradiso
346 1513 406 1564 5ι);
438 1511 695 1566 paradisum
725 1510 914 1553 inveniri
945 1510 990 1552 in
1018 1510 1150 1553 hodie
1174 1510 1410 1565 passionis,
1435 1512 1521 1553 hoc
1544 1518 1613 1554 est
1634 1525 1736 1566 pas-

111 1587 253 1630 sionis
275 1587 721 1643 contemplationem,
747 1602 924 1640 sensus,
945 1595 990 1630 et
1014 1588 1229 1630 fructum.

204 1669 275 1710 215
308 1666 454 1707 Actus
492 1663 774 1717 humilitatis,
799 1671 853 1719 ¹vt
886 1663 1029 1706 facilis
1057 1672 1125 1706 est
1164 1664 1207 1705 in
1246 1664 1551 1707 consolatione
1581 1678 1632 1706 ac
1671 1679 1738 1706 re-

114 1755 216 1783 rum
232 1755 472 1792 successu,
497 1741 617 1782 vnde
639 1740 850 1783 laudetur
871 1740 988 1795 quis,
1015 1741 1085 1783 vel
1108 1740 1291 1783 omnino
1309 1740 1479 1783 laudari
1503 1741 1658 1796 possit,
1679 1741 1740 1782 ita
1765 1744 1769 1748 ’

119 1816 339 1859 difficilior
356 1831 407 1859 ac
424 1817 591 1868 verior,
607 1816 683 1858 vbi
700 1816 745 1858 in
765 1802 989 1860 contraria
1007 1816 1301 1872 dispositione
1316 1817 1415 1872 quis
1432 1817 1736 1860 constituitur.

120 1895 185 1935 Ex
210 1894 346 1949 priori
366 1893 506 1949 igitur
530 1908 619 1935 non
642 1901 711 1936 est
728 1894 910 1949 signum
934 1901 1106 1936 certum
1131 1893 1326 1945 virtutis;
1353 1909 1407 1937 ex
1429 1895 1631 1936 secundo
1654 1902 1737 1936 est.

208 1971 258 2013 In
276 1971 478 2014 oratione
498 1972 566 2013 vel
587 1970 720 2014 etiam
738 1970 784 2012 in
797 1971 972 2013 actione
988 1970 1147 2025 quauis
1159 1970 1391 2025 spirituali,
1405 1985 1507 2013 curn
1527 1972 1616 2012 duo
1633 1985 1742 2013 con-

121 2055 321 2091 currant:
342 2050 468 2091 Deus
485 2047 531 2089 in
550 2047 680 2090 donis
698 2047 807 2099 suis,
829 2061 880 2089 ac
899 2055 1079 2090 nostrae
1096 2047 1339 2102 potentiae,
1361 2047 1397 2089 si
1416 2047 1516 2102 quis
1538 2047 1599 2089 ita
1618 2055 1740 2103 agat,

120 2124 248 2179 quasi
270 2124 346 2179 qui
369 2123 522 2179 vigeat
543 2138 598 2166 ex
621 2124 716 2165 solo
744 2138 881 2167 sensu
909 2125 1148 2175 donorum,
1174 2123 1399 2166 sentiebat
1427 2124 1608 2178 quidam
1638 2139 1739 2166 eum

121 2201 348 2244 hominem
365 2201 601 2244 molestum
617 2214 716 2242 esse
730 2202 848 2251 Deo,
866 2201 945 2242 sed
965 2200 1168 2242 timorem
1188 2214 1239 2242 ac
1258 2207 1512 2251 tremorem,
1527 2202 1599 2243 vel
1618 2208 1739 2251 actu,

122 2279 193 2319 vel
216 2277 397 2328 virtute,
422 2291 522 2320 esse
544 2276 866 2329 adhibendum,
890 2292 944 2318 ne
968 2291 1048 2318 sua
1071 2278 1304 2318 voluntate
1327 2276 1429 2332 cogi
1447 2279 1572 2319 Deus
1591 2277 1743 2319 videa-

123 2363 210 2406 tur,
236 2354 368 2397 etiam
392 2368 470 2409 per
492 2354 610 2395 dona
632 2368 729 2404 sua,
757 2368 870 2407 quae
894 2353 1168 2408 proueniunt
1191 2367 1246 2395 ex
1274 2353 1392 2395 illius
1415 2354 1575 2408 gratia3
1612 2368 1743 2408 prae-

124 2439 246 2474 terea
261 2446 319 2474 ne
341 2430 597 2485 arrogantia
619 2430 691 2482 sit,
714 2429 839 2484 quasi
859 2430 963 2472 iusti
983 2429 1139 2482 simus,
1155 2437 1205 2473 -et
1223 2430 1267 2472 in
1287 2429 1450 2483 quibus
1468 2430 1577 2471 nihil
1596 2430 1745 2472 videat

124 2509 249 2549 Deus
270 2507 367 2562 ipse
389 2505 723 2562 corrigendum.
747 2507 821 2548 Ad
839 2521 941 2549 eum
965 2507 1193 2559 adeamus,
1215 2506 1260 2548 in
1277 2506 1405 2547 cuius
1423 2513 1670 2561 conspectu
1689 2519 1745 2548 ne

123 2583 276 2638 angeli
298 2582 478 2638 quidem
512 2582 667 2625 mundi
699 2590 821 2634 sunt,
857 2596 959 2624 cum
993 2596 1168 2625 summa
1200 2582 1451 2626 reuerentia
1484 2596 1534 2624 ac
1568 2581 1741 2625 timore.

126 2660 246 2701 Num
266 2660 352 2701 hoc
374 2666 443 2702 est
461 2660 581 2714 quod
598 2659 705 2701 dicit
725 2659 908 2701 Paulus:
934 2660 1076 2700 «Cum
1096 2658 1256 2701 timore
1274 2672 1326 2699 ac
1346 2665 1537 2700 tremore
1556 2659 1745 2700 salutem

126 2743 321 2778 vestram
344 2735 589 2791 operamini
612 2737 643 2778 ⁴.
657 2755 672 2775 ›>
1069 2723 1073 2729 ⁵

202 2878 208 2896 ¹
259 2875 368 2910 Idem
393 2876 543 2911 scilicet
563 2876 605 2912 P.
632 2876 794 2919 Natalis,
819 2877 883 2922 qui
903 2885 1003 2909 anno
1025 2883 1113 2918 1557
1144 2875 1389 2909 renuntiatus
1416 2879 1476 2908 est
1506 2875 1748 2920 superinten-

124 2934 222 2969 dens
239 2934 396 2979 collegii
419 2935 582 2981 romani3
603 2935 735 2981 ibique
750 2935 868 2970 etiam
887 2934 997 2968 annis
1020 2933 1222 2977 1558-1560
1241 2944 1287 2967 eo
1310 2923 1467 2967 munere
1489 2932 1647 2968 functus
1672 2939 1748 2969 est.

127 2992 189 3029 Cf.
212 2993 337 3038 Epist.
361 2994 410 3029 P.
429 2994 579 3034 Nadal,
596 2994 645 3037 ΙΙ,
666 3002 727 3038 50,
747 2994 793 3037 64
812 2999 850 3028 et
868 2992 927 3036 65.

201 3053 214 3070 ·-‘
265 3050 329 3084 Ps.
356 3050 508 3094 LXVII,
537 3060 594 3095 29.
764 3052 777 3071 ³
828 3051 945 3095 Luc„
974 3048 1195 3095 Xx111‚43.
1368 3051 1395 3072 ⁴²
1430 3049 1602 3093 Pmmz,
1623 3051 1669 3096 11,
1695 3060 1752 3087 12.
