2028 3426
339 209 410 254 840
915 207 1053 242 EPIST.
1082 206 1126 241 Ρ.
1155 206 1305 242 NADAL

292 311 479 354 rentiam
505 324 619 361 esse,
647 317 694 350 vt
719 309 866 365 legem
893 307 981 359 ΧΗ,
1008 316 1054 350 vt
1078 307 1272 364 gratiam
1293 307 1396 359 Dei,
1422 317 1470 349 vt
1494 307 1716 363 spiritum,
1742 315 1790 350 vt
1819 295 1944 351 con-¹

290 388 388 431 silia
419 387 508 440 ΧΗ,
535 394 582 429 vt
612 393 802 430 mortem
832 401 912 442 pro
942 387 1026 429 Χ.ο
1061 385 1335 437 desiderare,
1367 393 1597 441 oppetere,
1628 392 1675 427 vt
1698 385 1928 428 inimicum

289 465 494 520 diligere,
521 471 569 506 vt
592 463 786 506 animam
811 478 981 519 ponere
1006 477 1086 519 pro
1109 463 1290 516 ouibus,
1312 471 1374 515 et,
1401 471 1448 504 vt
1471 463 1609 506 semel
1627 462 1792 516 dicam,
1813 477 1930 518 quae

288 542 387 597 puri
413 549 519 584 sunt
542 540 729 597 spiritus
758 548 803 583 et
827 555 966 596 purae
995 540 1098 584 fidei
1132 539 1299 592 omnia,
1326 549 1374 582 vt
1403 548 1420 565 ³
1444 547 1633 584 naturae
1667 541 1928 584 facultatem

287 619 532 663 excedunt.
558 619 665 670 Iam,
693 617 728 660 si
754 619 868 660 haec
892 624 1048 660 contra
1082 625 1291 660 naturam
1316 624 1440 668 sunt,
1467 625 1622 660 nostra
1646 631 1828 672 quoque
1859 616 1928 659 in-

287 695 542 740 differentia
561 703 718 737 contra
737 702 946 736 naturam
966 694 1067 738 erit.
1091 695 1229 750 Quod
1252 694 1288 737 si
1311 696 1424 738 haec
1442 708 1533 736 non
1551 695 1696 737 solum
1715 709 1806 737 non
1824 702 1930 737 sunt

288 780 448 815 contra
470 773 722 815 naturalem
747 772 915 827 legem,
938 772 1019 814 sed
1037 772 1157 814 illam
1177 771 1329 827 potius
1351 771 1529 823 iuuant,
1551 773 1652 816 Deo
1677 771 1795 814 illam
1820 772 1930 814 sub-

287 849 463 901 iiciunt,
484 863 540 891 ex
565 849 652 891 illis
675 848 813 892 sumit
837 848 955 892 vires
979 856 1158 900 natura,
1186 848 1297 891 nihil
1319 856 1388 892 est
1405 850 1527 903 quod
1548 856 1754 892 naturam
1774 856 1931 892 contra

289 934 487 970 nostram
513 925 866 970 indifferentiam
891 940 1052 969 armes.

913 1003 1027 1059 [FO.
1066 1003 1136 1056 58.
1175 1003 1303 1046 fa.1.
1408 1023 1430 1048 ο

380 1083 560 1137 «Quum
587 1087 793 1136 oporteat
817 1095 896 1135 per
919 1081 1130 1123 affectum
1155 1094 1210 1122 ex
1233 1080 1318 1122 Dei
1342 1095 1493 1122 amore
1516 1080 1705 1122 coelitus
1729 1080 1929 1123 infusum

288 1159 383 1202 fieri
406 1158 721 1210 electionem»,
748 1165 836 1201 etc.

374 1237 487 1280 Fere
511 1234 726 1279 exercitia
750 1243 905 1277 nostra
928 1235 983 1277 ad
1012 1234 1258 1278 electiones
1287 1242 1432 1277 status
1462 1234 1581 1278 vitae
1599 1234 1805 1290 xpianae.
1827 1250 1929 1291 spe-

286 1321 426 1365 ctant,
453 1321 500 1355 vt
530 1321 708 1356 constat
738 1328 793 1356 ex
823 1310 1198 1355 annotationibus
1236 1311 1407 1367 primis,
1435 1327 1490 1355 ex
1525 1312 1838 1366 fundamento,
1875 1329 1929 1357 ex

282 1391 439 1434 ordine
465 1390 825 1441 meditationum,
853 1405 908 1433 ex
932 1389 1104 1445 regulis
1127 1390 1183 1433 de
1201 1389 1513 1433 discernendis
1536 1389 1786 1444 spiritibus,
1812 1404 1928 1445 quae

285 1470 340 1511 ad
361 1468 547 1524 primam
572 1469 644 1511 vel
667 1482 782 1523 quae
806 1468 862 1509 ad
886 1475 981 1509 2.³¹¹¹
1003 1467 1337 1509 hebdomadam
1363 1466 1608 1522 pertinent3
1631 1466 1846 1511 breuiter:
1873 1483 1927 1511 ex

286 1554 479 1588 tractatu
512 1546 567 1588 de
595 1544 896 1588 electionibus
927 1553 1015 1587 tam
1046 1544 1271 1600 diligenti.
1305 1544 1414 1588 Sine
1443 1544 1742 1587 electionibus
1777 1551 1928 1588 tamen

282 1631 327 1665 et
353 1623 465 1666 tradi
489 1630 680 1679 possunt
702 1621 934 1674 exercitia,
968 1630 1012 1665 et
1043 1622 1285 1664 traduntur
1316 1622 1593 1677 frequenter,
1621 1620 1707 1664 illis
1735 1621 1924 1673 scilicet,

286 1701 451 1755 quibus
470 1701 527 1744 de
551 1707 672 1742 statu
692 1698 812 1742 vitae
830 1699 939 1741 nihil
959 1707 1028 1742 est
1047 1699 1168 1754 quod
1186 1698 1422 1755 ambigant
1440 1699 1511 1742 vel
1530 1699 1786 1751 consulant,
1810 1706 1925 1741 tam—

285 1778 368 1821 etsi
393 1778 546 1820 nullus
572 1778 642 1822 192
672 1786 688 1801 ¹¹
721 1785 805 1829 est,
833 1776 905 1819 cui
936 1791 1027 1819 non
1059 1776 1114 1818 sit
1144 1790 1308 1832 operae
1340 1775 1539 1831 precium
1571 1775 1814 1831 aliquando
1846 1775 1927 1818 ali-

285 1870 373 1910 qua
396 1857 453 1900 de
477 1870 523 1898 re
547 1855 823 1907 consultare,
850 1861 898 1896 vt
920 1862 989 1897 est
1012 1853 1247 1896 hominum
1284 1853 1375 1896 vita
1407 1853 1529 1896 varia
1569 1861 1705 1908 atque
1735 1853 1923 1897 incerta.

285 1935 354 1976 De
383 1933 604 1976 electione
639 1947 746 1974 vero
779 1946 947 1984 rerum,
974 1945 1090 1986 quae
1125 1931 1180 1972 ad
1214 1931 1347 1974 finem
1382 1931 1662 1982 conducunt,
1699 1930 1761 1973 ita
1789 1931 1920 1974 doce-

286 2025 402 2061 mus,
430 2025 520 2053 non
546 2009 663 2052 enim
690 2007 968 2051 consulimus
990 2009 1135 2051 solum
1160 2008 1268 2063 quid
1299 2007 1408 2050 satis
1433 2008 1489 2050 sit
1514 2008 1569 2050 ad
1603 2008 1738 2050 finem
1764 2022 1923 2052 conse-

286 2089 534 2142 quendum,
572 2087 649 2129 sed
689 2086 796 2141 quid
836 2085 995 2129 melius
1033 2085 1106 2136 sit,
1149 2085 1258 2139 quid
1298 2084 1473 2137 Vtilius,
1506 2084 1615 2140 quid
1652 2084 1924 2140 expeditius,

287 2165 408 2220 quod
433 2165 585 2207 nullus
610 2178 699 2205 non
731 2163 837 2206 boni
861 2163 1085 2213 consulat,
1111 2162 1147 2205 si
1173 2164 1284 2205 X.¹¹¹¹¹
1309 2162 1486 2214 imitati,
1514 2162 1722 2206 homines
1751 2163 1807 2205 ad
1831 2177 1926 2206 me-

285 2242 393 2284 liora
431 2242 792 2284 manuducamus
835 2253 939 2282 cum
980 2239 1099 2281 illius
1142 2239 1304 2295 gratia.
1353 2239 1424 2284 190
1470 2239 1825 2282 Praescribimus
1870 2253 1926 2280 ne

288 2327 576 2373 praepostere
609 2316 728 2359 circa
761 2317 897 2358 finem
931 2323 976 2359 et
1010 2330 1183 2367 eorum,
1211 2329 1326 2370 quae
1359 2316 1415 2358 ad
1448 2316 1583 2358 finem
1619 2316 1810 2366 ducunt,
1838 2315 1926 2358 ele-

286 2395 480 2438 ctionem
506 2402 745 2437 versentur
769 2393 814 2444 ii,
840 2392 1006 2447 quibus
1030 2392 1371 2435 deliberandum
1397 2399 1481 2445 est,
1510 2393 1629 2447 quod
1659 2392 1709 2433 fit
1741 2391 1813 2434 vbi
1839 2392 1928 2447 pri-

287 2487 409 2513 mum
434 2471 579 2515 media
599 2470 962 2521 considerantur,
988 2470 1032 2511 in
1059 2469 1145 2512 illis
1168 2470 1361 2513 affectus
1384 2469 1541 2525 figitur
1564 2468 1776 2524 primum,
1798 2469 1900 2513 dein
1917 2495 1928 2500 -

287 2563 391 2604 ceps
409 2550 465 2591 ad
489 2549 623 2592 finem
645 2548 717 2589 illa
735 2555 1023 2603 coaptantur,
1047 2546 1191 2601 quasi,
1214 2547 1288 2601 qui
1309 2546 1577 2598 deliberant,
1599 2547 1733 2588 finem
1755 2547 1810 2588 ad
1830 2561 1925 2590 me-

287 2627 357 2668 dia
398 2626 627 2678 inflectere
659 2626 856 2669 debeant
895 2639 974 2679 pro
1012 2639 1096 2667 suo
1134 2625 1369 2676 arbitratu3
1407 2624 1528 2678 quod
1562 2632 1719 2666 contra
1755 2624 1923 2666 factum

287 2703 501 2758 oportuit:
537 2703 726 2758 primum
760 2702 860 2744 finis
890 2701 1268 2756 contemplandus
1302 2709 1438 2755 atque
1471 2700 1921 2752 animaduertendus‚
1982 2727 1985 2733 ·

287 2794 390 2821 cum
411 2786 637 2828 accurate,
667 2788 758 2820 tum
780 2779 850 2833 pie
869 2793 920 2821 ac
938 2779 1120 2827 deuote,
1143 2777 1307 2822 deinde
1325 2777 1440 2819 ratio
1460 2777 1708 2820 mediorum
1726 2777 1925 2821 ineunda

359 2914 375 2929 ἐι
426 2902 646 2940 Obliterata
662 2902 819 2938 videtur
832 2903 929 2937 haec
945 2903 1145 2949 particula,
1163 2902 1232 2937 sed
1248 2909 1325 2937 non
1340 2903 1443 2937 clare
1463 2907 1637 2947 apparet.
1690 2912 1753 2928 —a
1773 2901 1922 2937 Folium

292 2972 355 3007 192
375 2969 463 2998 ante
489 2962 623 2997 folium
649 2971 715 3005 190
735 2961 980 3005 exhibemus;
1001 2973 1047 2997 eo
1065 2961 1167 3008 quod
1187 2961 1226 2996 in
1244 2960 1378 2996 codice
1409 2971 1608 3006 perperam
1629 2966 1717 3006 post
1741 2969 1799 3004 191
1824 2962 1922 3007 posi-

289 3028 368 3056 tum
389 3028 460 3065 est,
483 3027 595 3067 prout
614 3033 661 3055 ex
686 3021 769 3066 ipso
788 3021 931 3066 scripto
951 3022 1093 3055 elucet.
