2028 3426
687 268 866 303 ΝοΤιΤιΑ
892 274 1082 302 conicum
1601 265 1643 299 61

70 372 379 412 sotoministro.»
403 369 618 407 Accedunt
636 380 766 417 pauca
787 369 939 405 monita
965 368 1006 405 P.
1035 367 1188 404 Natalis
1219 366 1351 403 eidem
1378 367 1419 403 P.
1448 366 1697 403 Gundisalvo

10 489 14 492 ι
71 445 237 482 Alvarez
257 441 477 490 proposita,
494 452 599 488 quae
615 441 654 477 in
674 440 796 477 rebus
817 438 1122 487 particularibus
1139 437 1242 474 illius
1257 437 1429 474 tirocinii
1446 437 1698 489 potis-*simum

70 519 291 559 versantur,
311 513 378 550 fol.
399 513 445 548 ὃς
465 517 504 548 et
522 524 560 549 v.

149 585 234 622 Fol.
253 585 386 629 6v-9r,
407 587 542 620 exstat
560 582 775 630 instructio,
791 594 864 630 pro
885 580 1162 618 examinatore
1184 591 1336 625 eorum,
1359 579 1426 625 qui
1450 578 1500 614 ad
1518 577 1697 614 Societa-

69 665 150 696 tem
177 658 351 695 adscribi
372 657 588 705 postulant.
609 655 769 692 Titulus
790 660 850 691 est
871 654 1114 702 hujusmodi:
1141 652 1407 689 «Instruction
1427 662 1524 698 para
1544 649 1580 686 el
1601 661 1698 686 exa—

70 729 287 767 minador.»
319 728 530 775 Discrepat
559 728 637 763 hoc
667 726 957 763 documentum
987 725 1037 761 ab
1068 737 1130 770 eo,
1160 723 1272 771 quod
1301 724 1340 759 in
1377 721 1470 759 Coei.
1512 720 1630 757 Vatz‘c.
1663 719 1699 765 ὁ,

71 801 110 838 ff.
137 801 261 845 26-29
289 799 470 844 habetur,
496 803 582 835 tum
607 798 647 834 in
673 797 821 846 lingua,
848 798 912 833 hic
939 797 1045 832 enim
1071 796 1290 843 hispanice,
1319 793 1373 830 ibi
1408 798 1543 830 autem
1580 793 1701 828 latine

71 872 261 919 scriptum
281 875 354 915 est3
374 875 459 906 tum
478 870 517 905 in
537 869 659 905 rebus
679 869 776 916 ipsis
797 868 890 904 etin
912 867 1053 904 ordine
1074 865 1333 903 tractationis.
1352 865 1433 901 Inc.
1453 864 1525 900 «El
1543 864 1700 899 exami-

73 942 211 987 nador,
229 952 325 989 para
346 940 440 977 bien
460 941 577 976 hazer
591 952 639 976 su
660 939 807 984 officio,
824 950 846 974 a
862 938 913 974 de
927 943 1041 974 tener
1059 942 1139 974 tres
1156 936 1389 973 examenes.
1407 935 1454 971 El
1469 935 1642 982 primero
1660 946 1703 970 es

73 1013 308 1050 sumario...»
332 1012 427 1048 Des,
451 1022 520 1047 «se
541 1011 727 1047 contiene
748 1022 798 1046 en
826 1009 861 1045 el
887 1008 944 1055 4⁰
973 1008 1151 1056 capitulo
1173 1007 1244 1060 ⁴del
1270 1018 1482 1043 examen.»
1513 1005 1703 1052 Sequitur

73 1086 172 1121 haec
197 1083 416 1120 annotatio:
451 1081 512 1118 «A
539 1082 674 1118 diante
701 1093 744 1117 as
775 1087 821 1126 52
848 1080 979 1117 folhas
1005 1082 1081 1116 uao
1115 1091 1261 1116 cousas
1289 1089 1368 1125 que
1396 1082 1655 1125 pertenecem
1682 1088 1703 1111 a

75 1161 162 1192 este
183 1154 318 1191 officio
335 1154 387 1190 de
409 1152 711 1190 examinador.»
734 1152 880 1189 Manus
900 1152 1045 1188 eadem
1065 1162 1112 1187 ac
1133 1162 1266 1198 supra.

152 1225 237 1262 Fol.
257 1235 417 1271 9v-12r,
439 1224 513 1261 sub
535 1224 613 1260 hoc
633 1223 760 1260 titulo:
785 1222 949 1259 «Orden
970 1222 1021 1258 de
1042 1222 1242 1269 oracion.»
1265 1233 1348 1257 non
1369 1220 1500 1257 solum
1521 1219 1562 1256 P.
1579 1219 1704 1255 Nata-

74 1298 120 1335 lis
144 1297 254 1333 varia
279 1297 430 1332 monita
456 1295 507 1331 de
533 1300 729 1342 tempore,
758 1294 895 1339 modo,
924 1294 1015 1330 loco
1050 1298 1139 1338 etc.,
1173 1292 1321 1339 quibus
1356 1291 1525 1328 orationi
1559 1300 1703 1325 vacare

77 1368 226 1405 debent
255 1367 365 1412 socii,
396 1366 468 1403 sed
495 1367 615 1402 etiam
642 1365 694 1401 de
721 1366 900 1412 corporis
928 1365 1186 1400 afflictatione
1213 1362 1263 1400 ab
1284 1363 1381 1410 ipsis
1401 1360 1646 1405 exercenda,
1668 1365 1707 1395 et

78 1440 129 1477 de
149 1439 329 1476 oratione
346 1437 490 1483 vocali,
506 1449 578 1485 pro
595 1437 881 1473 benedictione
897 1447 1062 1472 mensae
1079 1434 1324 1482 usurpanda,
1339 1433 1449 1470 utilia
1464 1433 1709 1469 documenta

36 1501 40 1505 ⁴
78 1511 229 1548 ibidem
248 1510 379 1547 tradit.
402 1509 488 1546 Nec
510 1514 645 1545 tamen
667 1509 767 1545 haec
788 1508 940 1544 monita
962 1519 1054 1544 cum
1074 1507 1147 1543 illis
1168 1504 1458 1543 confundenda
1479 1508 1584 1548 sunt,
1605 1514 1710 1549 quae

81 1582 282 1619 habentur
301 1582 339 1617 in
366 1579 458 1618 Coa'.
492 1580 612 1617 Vatia
637 1577 673 1624 ί),
695 1579 759 1616 fol.
780 1590 871 1626 4043
891 1590 1025 1626 neque
1047 1590 1139 1615 cum
1160 1578 1244 1614 aliis
1265 1577 1304 1612 in
1326 1575 1416 1613 cod.
1449 1574 1615 1612 Collecta
1637 1580 1712 1623 per

81 1653 131 1691 P.
151 1652 350 1697 Natalem,
373 1652 412 1688 ff.
438 1652 627 1700 316—323‚
649 1651 860 1696 contentis;
882 1662 1017 1697 neque
1035 1649 1202 1686 tandem
1223 1660 1316 1685 cum
1337 1648 1396 1693 iis,
1419 1658 1524 1694 quae
1552 1647 1592 1682 in
1619 1645 1710 1681 cod.

85 1723 251 1761 Miscell.
282 1724 328 1760 de
358 1722 483 1771 regul.
517 1723 555 1760 S.
585 1723 639 1767 J„
670 1722 745 1759 sub
774 1734 818 1759 n.
853 1734 870 1770 3
903 1720 1166 1766 exhibentur3
1194 1719 1244 1756 ab
1273 1719 1348 1755 illis
1374 1718 1522 1754 etenim
1548 1728 1712 1764 prorsus

79 1795 320 1843 discrepant,
341 1806 416 1831 nec
445 1799 530 1830 tam
559 1805 613 1829 ex
641 1793 826 1841 professo
856 1798 899 1829 ut
928 1793 967 1828 in
994 1792 1067 1828 illis
1097 1791 1148 1827 de
1179 1791 1360 1827 oratione
1390 1789 1608 1833 disseritur,
1639 1787 1711 1823 sed

80 1867 255 1914 practica
275 1852 477 1912 quaedam
497 1865 548 1901 ad
570 1865 676 1901 illam
697 1864 919 1912 spectantia
939 1863 1052 1900 brevi
1074 1873 1261 1899 sermone
1282 1862 1544 1909 attinguntur.
1566 1859 1712 1895 Manus

81 1937 224 1974 eadem
244 1948 290 1973 ac
311 1937 350 1973 in
372 1935 658 1984 superioribus.
680 1936 762 1972 Inc.
786 1935 887 1971 «Del
908 1935 1034 1971 orden
1055 1934 1107 1970 de
1129 1933 1292 1980 oracion
1314 1932 1366 1968 de
1386 1932 1447 1968 los
1463 1930 1647 1971 nouicios
1663 1942 1714 1978 ya
1767 1928 1771 1932 ’

82 2020 124 2044 se
143 2009 195 2044 ha
216 2008 401 2045 dicho...»
425 2007 521 2044 Des.
545 2023 605 2044 «...
626 2006 839 2055 ayudarles
860 2006 899 2042 in
919 2005 1133 2042 Domino.»

161 2079 246 2116 Fol.
273 2089 350 2124 12r‚
370 2079 434 2115 hic
454 2078 603 2114 titulus:
628 2077 801 2114 «Auisos
821 2089 918 2124 para
939 2088 984 2113 os
1013 2077 1158 2112 irmaos
1186 2086 1266 2122 que
1293 2086 1368 2122 por
1394 2085 1516 2111 causa
1544 2073 1595 2109 de
1623 2084 1717 2109 suas

41 2145 43 2147 ¹
83 2150 356 2187 infirmidades
377 2149 504 2185 forem
519 2148 747 2185 mandados
763 2160 838 2196 por
858 2147 1099 2184 obediencia
1116 2159 1138 2183 a
1154 2151 1267 2193 quIta
1282 2157 1379 2194 para
1395 2157 1438 2182 se
1453 2155 1713 2182 recrearem.»

85 2221 178 2258 satis
194 2232 397 2269 superque
413 2225 696 2269 argumentum
712 2219 889 2256 declarat
903 2219 1048 2255 decem
1064 2220 1321 2263 monitorum,
1338 2217 1486 2264 quibus
1507 2215 1715 2263 praefixus

85 2291 167 2328 fuit.
188 2291 346 2339 Scopus
366 2292 510 2327 horum
530 2290 869 2327 documentorum
892 2294 988 2335 erat,
1014 2294 1058 2326 ut
1082 2290 1135 2325 ita
1162 2289 1342 2336 corporis
1372 2287 1593 2324 valetudini
1618 2298 1713 2333 pro-

86 2362 301 2408 videretur,
322 2367 367 2398 ut
387 2362 549 2409 spiritus
570 2361 818 2398 infirmorum
839 2361 1124 2397 detrimentum
1144 2360 1307 2396 minime
1330 2363 1504 2406 caperet.
1533 2357 1618 2394 Fol.
1646 2366 1717 2393 12v

24 2442 29 2446 ‘
88 2445 231 2480 purum
263 2433 446 2470 relictum
480 2433 563 2470 fuit.
599 2433 681 2470 Inc.
711 2433 875 2469 «Estem
909 2444 931 2468 a
966 2431 1272 2478 obediencia...»
1300 2430 1396 2467 Des.
1429 2428 1719 2475 «...exercicios

90 2503 140 2540 de
161 2506 286 2541 εέοε.»

167 2575 253 2612 Fol.
285 2582 457 2623 13r—15r‚
487 2574 666 2611 «Ordem
696 2574 815 2611 sobre
845 2586 891 2610 os
921 2555 1043 2610 liuros
1074 2573 1350 2621 prohibidos.»
1382 2573 1466 2610 Sub
1496 2573 1573 2609 hoc
1603 2571 1718 2608 titulo

91 2645 260 2683 habetur
280 2645 562 2695 apographum
583 2645 734 2682 decreti
756 2645 968 2682 cardinalis
989 2645 1267 2698 Alexandrini,
1289 2656 1371 2691 quo
1388 2644 1555 2680 facultas
1573 2654 1719 2679 conce-

91 2716 196 2753 ditur
215 2717 447 2765 praeposito
469 2717 681 2753 Societatis
694 2717 790 2764 Jesu
811 2716 1067 2765 expurgandi
1088 2721 1128 2752 et
1147 2715 1367 2752 adhibendi
1390 2715 1441 2751 ad
1462 2726 1580 2750 usum
1602 2715 1719 2749 scho-

91 2786 218 2824 larum
237 2788 422 2835 ejusdem
442 2788 654 2825 Societatis
675 2787 876 2834 quosdam
902 2787 1025 2824 libros
1051 2786 1276 2834 prohibitos
1306 2786 1457 2822 ibidem
1485 2785 1717 2821 recensitos.

93 2858 177 2896 Ine.
219 2860 348 2905 «Nos,
387 2860 506 2896 frater
542 2859 715 2896 Michael
754 2858 1039 2896 GhisleriuS...»
1076 2859 1173 2895 Des.
1214 2873 1274 2895 «...
1300 2857 1554 2905 prouidentia
1592 2866 1721 2902 papae

95 2931 235 2975 quarti.
251 2930 372 2967 Anno
388 2935 569 2977 quarto.»
587 2930 650 2966 De
667 2929 814 2966 eodem
831 2934 1068 2978 argumento
1090 2929 1204 2977 plura
1219 2929 1370 2964 monita
1391 2927 1444 2963 ibi
1465 2926 1600 2962 addita
1617 2931 1721 2969 sunt,

97 3005 137 3038 et
157 3000 208 3037 de
225 3002 380 3038 ratione
399 3002 539 3038 utendi
559 3001 748 3037 facultate
769 3012 890 3048 supra
910 3005 1142 3037 memorata.
1170 3000 1315 3035 Manus
1342 2998 1485 3034 eadem
1513 3008 1557 3033 ac
1589 3007 1721 3043 supra.

178 3072 263 3110 Fol.
291 3074 468 3119 15v-16r‚
489 3078 551 3110 est
570 3073 850 3121 apographum
870 3072 1041 3120 catalogi
1063 3072 1104 3108 P.
1126 3071 1278 3107 Natalis
1299 3070 1350 3106 de
1370 3069 1491 3105 rebus
1512 3068 1550 3103 in
1566 3078 1723 3103 recrea-
