2028 3426
1966 0 2028 248 l

367 246 438 283 338
838 246 993 281 PA‘rms
1020 245 1264 280 HmnoNYm
1289 243 1325 278 N
1328 251 1441 279 ADAL
1995 247 2028 306 ξιξ

408 349 501 406 Qui
524 357 631 393 sunt
660 347 972 392 concionaturi
1009 346 1055 388 in
1094 345 1351 399 refectorio,
1386 345 1416 388 ii
1445 361 1503 390 ne
1532 352 1844 402 proponantur
1867 361 1950 402 pu·

319 427 436 471 blice
458 427 503 469 in
527 425 690 477 indice,
717 432 767 467 ut
796 424 854 467 sit
882 424 1107 467 incertum
1137 422 1239 477 quis
1268 422 1451 478 quando
1479 421 1538 465 sit
1575 422 1948 466 concionaturus:
2003 432 2017 457 ’τ

317 510 364 548 et
388 511 438 546 ut
461 503 630 546 dictum
655 510 739 554 est,
765 503 896 544 detur
929 500 1015 543 illis
1045 506 1222 542 tantum
1252 513 1341 542 vna
1376 500 1507 551 hora,
1541 513 1656 555 quae
1687 499 1949 544 immediate
2002 486 2011 542 f

317 581 531 637 precedat
553 579 833 629 concionem,
861 578 916 619 ad
939 591 1038 619 earn
1063 576 1428 632 comparandam.
2000 622 2003 634 ,Ἴ

366 646 369 648 ’
407 658 523 701 Cum
548 657 729 700 iubetur
753 653 972 699 celebrari
996 668 1079 710 pro
1102 653 1348 706 defunctis,
1375 652 1412 695 si
1436 667 1527 696 non
1549 653 1607 696 sit
1630 653 1855 697 dominica
1880 655 1953 699 uel

317 736 499 785 festum,
525 733 701 776 dicetur
725 731 859 773 missa
883 745 962 785 pro
996 729 1240 773 defunctis:
1267 729 1304 772 si
1327 729 1555 772 dominica
1583 729 1642 772 sit
1670 731 1743 773 vel
1765 729 1947 784 festum,

315 818 462 867 potest
491 811 546 854 de
575 808 801 852 dominica
824 809 893 850 vel
926 808 1042 850 festo
1074 805 1211 850 missa
1247 806 1362 859 fieri,
1387 814 1433 850 et
1465 807 1677 863 primaria
1710 807 1950 864 applicatio
2010 814 2028 882 l

315 903 395 943 pro
418 887 662 931 defunctis:
688 886 805 929 adde
828 892 1063 941 praeterea
1080 884 1150 927 his
1174 884 1442 928 orationem.
1981 926 1984 930 ,
2008 883 2028 924 „i

403 964 797 1020 Quemadmodum
847 961 934 1005 iam
978 961 1021 1003 in
1065 961 1164 1004 aliis
1216 961 1591 1004 instructionibus
1643 961 1756 1004 dixit
1801 964 1942 1007 Rdus.
1996 966 1998 998 3

317 1043 365 1084 P.
389 1041 578 1091 Natalis,
600 1041 717 1081 bona
740 1039 829 1082 fide
852 1039 984 1082 detur
1008 1052 1146 1094 opera
1165 1045 1230 1090 ut,
1252 1052 1368 1092 quae
1386 1037 1498 1080 dixit
1521 1038 1575 1080 ad
1600 1037 1945 1084 instructionem
1969 1054 1973 1059 ·

311 1117 623 1172 collegiorum,
650 1124 809 1158 curent
832 1115 1115 1170 exequenda,
1141 1122 1237 1157 turn
1261 1114 1579 1170 prouinciales,
1607 1122 1702 1157 tum
1727 1122 1941 1169 rectores;

311 1197 394 1236 hac
418 1201 568 1237 tamen
592 1192 917 1247 moderatione,
945 1199 993 1234 ut
1016 1191 1052 1234 si
1076 1191 1184 1247 quid
1207 1191 1294 1234 illis
1317 1199 1333 1216 ³
1356 1191 1565 1235 videatur
1595 1191 1641 1234 in
1664 1206 1747 1235 suo
1769 1192 1941 1245 ordine,

307 1271 551 1325 vnicuique
580 1269 626 1311 in
659 1284 742 1312 suo
771 1270 934 1325 gradu,
960 1269 1085 1324 quod
1114 1269 1248 1324 pleno
1277 1268 1439 1312 iuditio
1467 1268 1676 1312 videatur
1705 1271 1945 1315 commode

306 1348 496 1404 prestari
521 1362 610 1390 non
628 1361 760 1403 posse
783 1347 829 1388 in
852 1348 937 1389 hac
960 1345 1212 1402 prouincia,
1234 1347 1370 1389 Pater
1389 1353 1536 1389 rector
1553 1347 1609 1391 de
1627 1362 1680 1391 ea
1703 1360 1752 1389 re
1774 1347 1944 1390 scribat

306 1426 362 1467 ad
383 1424 727 1480 prouincialem3
755 1438 888 1478 quae,
913 1422 950 1465 si
974 1422 1035 1464 illi
1060 1422 1178 1466 idem
1204 1422 1428 1476 videatur,
1451 1430 1559 1466 tunc
1584 1423 1767 1471 comuni
1790 1424 1941 1466 consi—

303 1503 363 1545 lio
392 1502 591 1545 scribant
620 1503 676 1544 ad
711 1503 763 1544 P.
792 1501 1017 1553 Natalem,
1044 1500 1080 1543 si
1111 1500 1168 1543 sit
1198 1500 1243 1542 in
1273 1500 1544 1553 Germania,
1577 1502 1649 1545 vel
1670 1502 1727 1544 ad
1748 1515 1940 1558 genera-
1995 1525 1999 1527 -

303 1580 406 1630 lem,
433 1587 477 1622 et
502 1579 693 1622 reddant
716 1577 936 1622 rationem
961 1584 1238 1633 quapropter
1260 1577 1371 1620 illud
1393 1591 1485 1620 non
1508 1577 1682 1633 possint
1705 1579 1941 1621 commode

304 1656 482 1711 exequi.

393 1734 459 1774 Ex
483 1732 640 1775 ordine
663 1731 955 1783 nouitiorum,
982 1731 1058 1773 vbi
1079 1738 1212 1774 erunt
1242 1731 1420 1783 nouitii,
1447 1731 1741 1787 accipiantur,
1768 1747 1820 1776 ea
1845 1732 1933 1788 pri—
1983 1753 1997 1758 ··

304 1824 442 1861 mum,
470 1824 585 1864 quae
608 1809 885 1852 videbuntur
907 1823 1007 1853 esse
1031 1809 1374 1851 accommodata
1397 1815 1552 1851 nostro
1575 1808 1785 1865 collegiO.

392 1887 516 1929 Idem
540 1886 682 1941 possit
706 1885 804 1930 fieri
833 1901 888 1930 ex
917 1885 1075 1929 ordine
1103 1885 1594 1940 superintendentium,
1621 1885 1824 1938 rectoris,
1850 1886 1932 1928 mi-

302 1962 431 2005 nistri
455 1971 499 2007 et
522 1962 803 2005 subministri
830 1965 856 2005 ¹.
1998 2019 1999 2022 Ἴ

390 2041 528 2083 Index
552 2054 724 2091 eorum,
749 2040 806 2082 de
833 2039 1000 2094 quibus
1022 2039 1251 2094 agendum
1283 2046 1351 2082 est
1380 2038 1425 2081 in
1455 2039 1692 2094 colloquiis
1723 2040 1932 2094 fratrum,
1989 2035 1997 2081 “,

301 2124 577 2171 proponatur
600 2116 797 2172 publice,
823 2124 869 2158 et
891 2115 909 2141 ¹³
937 2123 1160 2160 seruetur.

387 2193 646 2236 Scolasticis
668 2200 980 2249 proponantur
1004 2193 1192 2249 regulae
1215 2194 1455 2237 scolarum.

369 2316 386 2331 a
437 2305 507 2338 Ms.
531 2305 608 2339 illi.
662 2306 727 2331 —b
756 2306 828 2342 Ms.
848 2307 951 2340 etet.

369 2406 379 2426 ¹
431 2406 538 2440 Haec
562 2405 827 2450 intellegenda
851 2411 941 2441 sunt
966 2405 1014 2440 de
1041 2404 1260 2441 officiorum
1286 2405 1432 2451 regulis
1457 2417 1478 2441 a
1503 2406 1687 2455 Polanco,
1714 2408 1864 2453 Lainio,
1891 2414 1931 2444 et
1987 2438 2002 2464 ⁶

300 2464 428 2499 Natali
452 2464 708 2509 concinnam,
727 2470 766 2498 et
791 2464 927 2499 ultima
953 2475 1069 2499 manu
1094 2475 1115 2499 a
1140 2464 1282 2510 Borgia
1306 2463 1476 2511 donatis,
1498 2465 1547 2500 de
1577 2466 1720 2512 quibus
1745 2466 1930 2514 frequens
1982 2475 2002 2514 5⁶

299 2523 445 2558 mentio
464 2523 506 2557 fit
523 2523 562 2558 in
582 2523 711 2568 Epist.
733 2524 778 2558 P.
802 2523 952 2565 Nadal,
974 2529 1077 2558 tomo
1096 2523 1163 2558 111.
1986 2529 1997 2546 ‘-
