2028 3426
326 221 395 267 568
798 222 952 258 PATms
979 222 1221 257 HiERoNvMi
1249 221 1400 256 NADAL

340 314 755 369 ’Scholastieorum
780 331 1052 375 nostrorum,
1079 323 1155 379 qui
1184 324 1241 366 ad
1269 322 1438 366 maiora
1468 323 1619 366 studia
1647 323 1798 368 idonei
1821 337 1910 366 non

281 401 557 446 videbuntur
580 403 691 455 fore,
726 403 787 444 ita
810 400 958 444 studia
986 400 1303 457 disponantur,
1335 405 1422 446 540
1454 407 1516 452 vt,
1549 407 1650 456 post
1678 399 1909 444 sufficien-

281 486 370 522 tem
407 479 572 522 latinae
601 479 786 535 linguae
815 477 1141 533 cognitionem,
1172 478 1280 520 dent
1310 491 1492 533 operam
1523 476 1792 532 compendio
1814 476 1911 518 dia—

280 555 464 600 lectices
484 564 530 599 et
547 556 729 599 casibus
752 553 1073 607 conscientiae,
1100 567 1184 596 nec
1209 554 1264 596 ad
1293 553 1525 610 superiora
1553 553 1701 596 studia
1724 560 1933 596 conten--

281 634 406 676 dant.

367 712 498 766 Quae
534 710 688 753 haberi
727 710 874 754 solent
910 708 1240 765 disputationes
1269 708 1313 750 in
1354 707 1518 751 nostris
1555 707 1724 750 scholis
1753 707 1914 751 diebus

278 788 469 840 sabbati,
495 788 540 830 in
564 788 616 830 iis
655 794 1016 843 propugnatores
1054 801 1154 830 esse
1183 792 1413 842 poterunt,
1447 800 1538 828 non
1568 785 1710 828 nostri
1747 785 1910 837 solum,

281 866 360 910 sed
382 866 515 909 etiam
541 865 732 908 externi.

709 998 770 1027 DE
809 998 1151 1028 SCHOLASTICIS
1187 996 1484 1026 APPROBATIS

371 1096 681 1141 Scholasticus
720 1098 996 1153 approbatus
1035 1096 1318 1153 intelligitur,
1360 1095 1436 1151 qui
1461 1103 1506 1138 vt
1543 1095 1778 1137 minimum
1801 1095 1915 1137 duos

282 1189 424 1217 annos
454 1174 658 1230 exegerit
692 1174 1004 1230 probationem
1039 1182 1083 1217 et
1122 1181 1227 1217 vcta
1265 1173 1474 1226 ediderit,
1500 1180 1544 1216 et
1581 1173 1837 1215 declaratus
1859 1170 1916 1213 sit

281 1251 414 1294 etiam
439 1251 741 1294 scholasticus
764 1252 1040 1307 approbatus
1064 1266 1088 1294 a
1110 1250 1331 1307 superiori
1355 1265 1437 1293 suo
1454 1249 1673 1306 legitime,
1694 1248 1772 1304 qui
1795 1247 1916 1291 scili—

279 1337 351 1372 cet
374 1328 541 1372 iudicet
562 1328 688 1371 illum
713 1328 773 1372 ita
796 1328 1041 1384 profecisse
1066 1328 1111 1370 in
1134 1327 1312 1384 spiritu,
1340 1335 1386 1370 vt
1410 1327 1497 1371 iam
1527 1327 1748 1371 decedere
1777 1342 1803 1370 e
1831 1340 1915 1368 no-

282 1406 441 1449 uitiatu
465 1407 622 1462 possit.

337 1524 408 1566 541
503 1535 565 1564 DE
596 1534 729 1564 MODO
760 1534 1004 1563 REDDENDI
1038 1534 1285 1563 RATIONEM
1319 1532 1671 1563 CONSCIENTIAE

369 1640 533 1683 Modus
550 1639 766 1683 reddendi
786 1638 1004 1682 rationem
1024 1637 1331 1682 conscientiae
1347 1637 1390 1680 in
1410 1637 1696 1681 confessione
1714 1640 1780 1693 (ut
1790 1649 1915 1680 com-

282 1717 444 1771 pendio
467 1716 658 1770 dicatur)
683 1731 783 1760 esse
811 1724 960 1772 potest
996 1715 1272 1759 huiusmodi:
1299 1715 1442 1771 primo
1466 1722 1513 1756 vt
1536 1714 1672 1766 dicat,
1699 1729 1753 1756 an
1781 1714 1916 1756 fuerit

278 1793 502 1837 obnoxius
524 1794 657 1837 alicui
680 1801 866 1850 peccato
897 1793 1075 1837 mortali
1107 1800 1208 1849 post
1238 1792 1438 1835 vltimam
1471 1791 1805 1835 confessionem
1835 1805 1917 1847 ge-

279 1872 494 1915 neralem.

367 1950 434 1991 De
457 1948 605 1990 dubiis
628 1955 706 1991 aut
731 1948 967 1991 timoribus
991 1963 1048 1990 an
1072 1946 1345 1990 incurrerint
1369 1946 1414 1988 in
1444 1954 1683 2002 peccatum
1709 1947 1913 1988 mortale.

367 2027 434 2067 De
459 2025 584 2068 malis
622 2025 1005 2077 inclinationibus,
1042 2025 1198 2081 quales
1228 2024 1334 2075 sint,
1367 2030 1411 2067 et
1440 2023 1477 2066 si
1507 2023 1596 2066 sint
1628 2023 1915 2079 importunae

280 2110 358 2144 aut
382 2103 612 2146 molestae.

367 2180 435 2222 De
459 2179 707 2223 tentatione
731 2187 887 2223 contra
917 2180 1216 2232 vocationem,
1253 2180 1530 2233 institutum,
1567 2177 1917 2221 constitutiones

277 2263 355 2298 aut
379 2257 577 2311 regulas,
599 2257 871 2312 superiores,
898 2257 1217 2308 obedientiam,
1244 2265 1288 2300 et
1311 2256 1566 2313 specialiter
1589 2256 1644 2298 de
1669 2253 1916 2297 tentatione

277 2332 440 2384 carnis,
467 2341 545 2375 aut
573 2333 775 2375 cuiusuis
805 2334 988 2376 alterius
1027 2334 1323 2386 vehementis,
1357 2333 1636 2390 periculosae
1665 2339 1744 2375 aut
1776 2331 1915 2374 mole-

281 2419 376 2453 stae
401 2409 678 2454 tentationis.

366 2488 435 2531 De
459 2487 734 2543 proprietate
758 2487 801 2528 in
827 2487 895 2540 iis,
922 2502 1037 2542 quae
1061 2487 1287 2543 pertinent
1319 2489 1374 2530 ad
1399 2494 1727 2543 paupertatem.

367 2566 435 2608 De
458 2563 822 2618 conuersatione,
845 2564 882 2606 si
906 2579 995 2606 non
1021 2564 1228 2619 religiose
1251 2564 1310 2606 sit
1332 2570 1650 2616 conuersatus,
1671 2571 1716 2605 et
1734 2563 1790 2605 de
1807 2576 1916 2617 quo-

282 2643 350 2684 uis
372 2642 573 2697 periculo
596 2641 774 2697 peccati
797 2640 1037 2697 grauioris3
1079 2642 1135 2683 de
1158 2645 1243 2687 542
1273 2641 1451 2684 modica
1489 2640 1802 2684 aedificatione
1825 2647 1915 2682 tarn

278 2720 395 2762 intra
417 2734 552 2774 quam
577 2726 704 2763 extra
726 2719 928 2761 domum:
956 2726 1000 2762 et
1022 2719 1281 2761 sacerdotes
1303 2718 1456 2761 dicent
1486 2718 1714 2773 quomodo
1736 2732 1785 2761 se
1809 2731 1915 2773 ges-

277 2797 416 2839 serint
439 2796 485 2838 in
507 2795 871 2840 confessionibus
889 2795 1125 2839 audiendis
1142 2802 1187 2838 et
1205 2794 1251 2836 in
1271 2795 1511 2850 colloquiis
1531 2794 1793 2850 praesertim
1813 2807 1915 2836 cum
1940 2806 1942 2809 ·

278 2872 557 2915 mulieribus:
584 2873 640 2915 de
663 2872 734 2915 his
757 2872 891 2916 etiam
910 2886 1067 2915 omnes
1090 2871 1164 2914 alii
1187 2871 1354 2923 dicent,
1377 2872 1453 2926 qui
1478 2878 1693 2916 exercent
1715 2885 1798 2913 sua
1817 2885 1915 2912 mu-

281 2965 387 2992 nera
411 2957 489 2992 aut
513 2949 702 3005 quaeuis
738 2949 824 2992 alia
862 2956 989 2993 extra
1012 2949 1216 2991 domum.
1254 2950 1322 2991 De
1346 2947 1549 2991 oratione
1581 2955 1627 2990 et
1653 2946 1914 2998 deuotione,
1971 2940 1978 2967 ’-

281 3027 509 3080 quomodo
533 3041 581 3069 se
605 3025 850 3070 habuerint
871 3025 918 3068 in
941 3026 1030 3068 illa.
