2028 3426
355 215 423 251 442
831 208 983 243 PATms
1011 208 1256 244 HfflRoNYm
1284 208 1433 244 NADAL

305 315 383 349 aut
411 309 552 352 maior
580 324 683 366 pars
711 324 882 363 eorum,
916 312 1000 352 hoc
1030 309 1257 353 dixerunt.
1292 311 1420 353 Haec
1443 310 1562 354 enim
1586 312 1819 355 excusatio
1852 327 1941 356 non
1980 333 1983 339 >

303 385 487 437 sufficit,
515 401 661 442 neque
691 386 969 429 conueniens
999 394 1067 429 est
1097 386 1153 439 ei,
1186 387 1262 442 qui
1291 402 1346 430 ex
1375 387 1525 444 seipso
1554 389 1610 432 de
1639 391 1775 432 rebus
1804 389 1943 434 debet
1982 384 1999 430 ἶ,

301 463 559 515 (1666111616,
586 472 631 507 61
653 479 707 507 ex
732 479 821 518 quo
845 478 932 506 vno
956 465 1122 519 pendet
1145 464 1426 509 deliberatio.
1459 465 1618 508 Potius
1647 466 1768 510 enim
1800 467 1938 522 trepi-
1984 495 1988 497 -

299 540 406 582 dare
428 542 514 583 hoc
538 541 713 583 videtur
735 555 849 592 esse,
877 541 951 582 vbi
976 541 1289 597 trepidandum
1315 557 1405 586 non
1428 550 1512 596 est;
1538 543 1628 586 imo
1651 557 1759 586 vero
1776 543 1940 586 huius·

299 617 417 659 modi
449 618 763 662 excusationes
792 618 836 659 in
865 632 1002 661 causa
1030 633 1129 662 esse
1157 628 1363 675 possunt,
1396 627 1445 661 vt
1472 620 1691 676 superior,
1725 635 1816 663 non
1846 628 1936 663 tam

298 695 540 750 diligenter
579 709 711 749 quam
751 696 959 746 deberet,
1001 695 1332 739 animaduertat
1369 697 1477 751 quid
1521 705 1650 753 agat,
1697 704 1935 752 propterea

298 773 419 826 quod
444 772 670 827 refugium
694 771 778 814 sibi
802 772 1049 816 constituat
1072 773 1126 815 ad
1153 773 1412 816 huiusmodi
1436 774 1769 818 excusationes.

386 850 447 891 Vt
471 849 609 890 maior
633 849 815 892 libertas
837 850 1173 892 consultoribus
1197 851 1476 906 relinquatur
1494 849 1816 906 dicendi'quod
1833 866 1936 895 sen-

296 925 414 967 tiunt
447 926 537 981 (qui
572 925 737 980 alioqui
777 926 949 970 moueri
988 934 1173 982 possent
1211 928 1267 970 ad
1305 943 1440 970 vnam
1479 911 1752 972 sententiam
1789 929 1938 985 magis

296 1017 430 1057 quam
454 1004 510 1045 ad
533 1004 737 1054 alteram,
763 1003 800 1045 si
824 1004 1068 1059 superioris
1091 1004 1308 1047 iudicium
1332 1013 1439 1048 ante
1469 1005 1776 1062 intelligerent
1805 1021 1857 1050 63
1888 1006 1933 1048 111

296 1096 358 1131 16,
392 1095 524 1135 (1113111
555 1080 797 1136 proponit),
833 1082 890 1123 ad
922 1081 1136 1124 maiorem
1165 1082 1298 1125 etiam
1322 1082 1660 1126 deliberationis
1689 1083 1930 1139 perfectio-

294 1173 414 1208 nem,
438 1159 574 1201 debet
596 1157 802 1213 superior
824 1158 884 1210 id,
910 1160 1032 1213 quod
1055 1158 1100 1201 in
1123 1159 1494 1202 deliberationem
1518 1160 1718 1212 adducit,
1742 1161 1797 1205 19Ι
1821 1160 1931 1203 51111-

254 1249 257 1251 ’
294 1234 468 1289 pliciter
486 1249 754 1290 proponere,
776 1236 899 1278 nulla
917 1237 1021 1278 data
1039 1236 1388 1292 significatione,
1405 1238 1525 1292 quod
1546 1237 1692 1293 magis
1710 1238 1754 1279 in
1776 1253 1928 1289 vnam,

293 1326 426 1366 quam
451 1311 495 1353 in
519 1312 704 1354 alteram
729 1320 918 1368 partem,
945 1314 1134 1356 feratur.
1162 1314 1299 1368 Quod
1322 1313 1358 1356 si
1383 1328 1498 1369 quae
1522 1322 1769 1357 occurrunt
1798 1329 1851 1357 ea
1884 1315 1928 1358 in

293 1403 339 1431 re
375 1389 668 1433 difficultates
704 1389 914 1446 explicet,
954 1398 998 1433 et
1036 1390 1232 1433 rationes
1270 1390 1444 1445 aliquas
1480 1392 1656 1443 afferat,
1698 1380 1800 1434 sint*
1826 1391 1927 1436 illae

291 1466 528 1518 eiusmodi,
556 1481 672 1522 quae
694 1467 1008 1510 difficultatem
1037 1468 1347 1510 tantummodo
1370 1468 1617 1520 declarent,
1644 1483 1792 1523 neque
1814 1483 1930 1511 vnas

292 1558 426 1598 quam
466 1543 575 1586 alias
613 1543 929 1588 vehementius
967 1546 1245 1588 corroboret:
1287 1544 1483 1600 denique
1523 1545 1643 1587 dicat
1672 1560 1721 1589 se
1752 1560 1842 1588 non
1875 1546 1931 1588 ad

291 1636 424 1664 vnam
449 1621 596 1677 magis
614 1636 748 1677 quam
773 1622 959 1664 alteram
978 1628 1149 1677 partem
1173 1622 1322 1664 adhuc
1340 1621 1574 1674 inclinare,
1595 1630 1644 1664 vt
1667 1637 1757 1665 non
1775 1623 1925 1674 debet,

291 1713 382 1741 non
405 1698 571 1741 auditis
594 1697 946 1754 consultoribus,
972 1706 1017 1741 et
1040 1699 1280 1741 admoneat
1303 1698 1435 1750 serio,
1458 1706 1504 1740 vt
1521 1698 1661 1743 libere
1680 1700 1801 1754 quod
1819 1699 1931 1754 ipsis

290 1775 474 1819 videtur
496 1776 752 1819 enuntient.

378 1853 567 1908 Poterit,
594 1860 639 1897 et
661 1853 902 1909 aliquando
925 1854 1124 1907 debebit,
1146 1854 1348 1910 superior
1371 1869 1461 1897 non
1485 1855 1691 1906 definire,
1713 1869 1928 1910 praesen-

286 1931 407 1974 tibus
430 1931 779 1984 consultoribus3
807 1932 851 1973 id
873 1946 982 1975 vero
1007 1932 1157 1984 faciet,
1183 1939 1262 1975 aut
1282 1940 1331 1974 vt
1354 1940 1533 1988 tempus
1556 1932 1640 1975 sibi
1663 1939 1812 1975 sumat
1830 1933 1937 1975 lon-·

284 2008 388 2065 gius
410 2009 466 2050 ad
488 2008 799 2064 cogitandum,
826 2016 904 2051 aut
927 2009 1031 2064 quia
1055 2009 1215 2053 melius
1236 2009 1298 2051 illi
1321 2009 1383 2052 ita
1405 2009 1612 2052 videatur
1634 2017 1817 2065 propter
1839 2009 1924 2052 311-

284 2099 418 2139 quam
443 2100 643 2128 causam:
671 2085 789 2128 dicet
813 2093 962 2129 autem
987 2093 1145 2142 postea
1168 2086 1276 2141 quid
1298 2086 1345 2128 in
1367 2101 1419 2129 ea
1442 2101 1490 2129 re
1514 2087 1744 2142 agendum
1769 2087 1843 2131 sit.

373 2162 613 2205 Ordinaria
635 2162 899 2206 consulendi
924 2162 1036 2205 ratio
1059 2163 1159 2215 erit,
1185 2171 1233 2205 vt
1255 2164 1537 2207 consultores
1559 2173 1919 2219 congregentur,

284 2247 329 2282 et
355 2239 507 2282 dicant
525 2239 632 2295 quid
655 2239 873 2291 sentiunt,
901 2240 1164 2295 possintque
1186 2240 1303 2284 inter
1326 2255 1374 2283 se
1397 2241 1453 2282 de
1471 2255 1519 2283 re
1536 2240 1768 2296 proposita
1786 2255 1924 2297 agere

285 2330 338 2358 ac
352 2317 606 2372 disceptare
622 2317 678 2358 ad
690 2316 901 2359 maiorem
920 2317 1167 2360 claritatem
1184 2331 1287 2360 cum
1306 2317 1429 2359 omni
1449 2317 1522 2361 192
1538 2317 1755 2360 modestia
1771 2325 1816 2361 et
1833 2319 1922 2360 hu-

284 2393 487 2445 militate,
515 2408 705 2448 quorum
729 2393 863 2445 dictis
886 2394 1067 2446 auditis,
1093 2393 1279 2451 colligat
1301 2394 1504 2450 superior
1527 2409 1659 2437 suum
1684 2394 1917 2438 iudicium:

284 2470 447 2526 poterit
477 2470 611 2513 etiarn
643 2462 863 2525 superior,
889 2484 992 2512 611111
1023 2470 1063 2513 61
1094 2471 1321 2514 videbitur
1349 2471 1412 2514 ita
1441 2471 1672 2527 expedire,
1708 2479 1862 2527 petere
1892 2486 1916 2513 a

280 2547 474 2604 singulis
503 2562 706 2591 seorsum
736 2562 862 2589 suam
892 2548 1186 2600 sententiam,
1219 2550 1391 2604 absque
1421 2549 1510 2592 vlla
1539 2548 1913 2605 congregatione.

371 2624 588 2680 Superior
620 2624 941 2668 authoritatem
979 2639 1106 2667 suam
1147 2638 1198 2667 ac
1236 2625 1490 2669 decentiam
1531 2625 1725 2669 retinere
1763 2626 1918 2678 debet,
1982 2619 1983 2622 ¹

281 2717 384 2745 cum
424 2702 547 2744 omni
584 2701 852 2753 humilitate,
893 2701 1178 2756 simplicitate
1215 2709 1259 2744 et
1298 2702 1531 2754 modestia,
1566 2710 1613 2744 vt
1649 2717 1826 2757 semper
1857 2703 1917 2745 ita

282 2780 519 2835 praecipue
537 2779 582 2821 in
600 2778 1028 2832 consultationibus,
1051 2793 1197 2833 neque
1216 2778 1260 2820 in
1279 2779 1651 2834 disceptationem
1669 2787 1747 2822 aut
1764 2779 1915 2835 dispu-
1950 2815 1951 2819 ,
1985 2784 1991 2792 ’

280 2856 497 2900 tationem
520 2856 616 2912 ipse
639 2869 743 2898 curn
766 2855 1103 2898 consultoribus
1125 2855 1292 2899 veniat:
1319 2855 1396 2910 qui
1419 2856 1631 2910 quoniam
1654 2856 1699 2898 in
1722 2855 1913 2899 dicenda

278 2933 501 2976 sententia
525 2940 568 2975 et
591 2932 919 2988 disceptatione
942 2940 1048 2974 sunt
1070 2931 1214 2983 liberi,
1241 2932 1335 2976 fieri
1366 2940 1533 2987 posset,
1566 2940 1614 2974 vt
1644 2947 1778 2976 secus
1810 2947 1912 2976 cum

278 3010 508 3065 superiore
546 3017 752 3065 agerent,
794 3024 928 3065 quam
967 2996 1165 3054 deceret.
1206 3010 1377 3065 Itaque,
1419 3009 1455 3052 si
1493 3009 1600 3066 quid
1634 3009 1674 3054 ei
1709 3009 1914 3053 videatur
