2028 3426
351 266 420 304 512
824 258 977 294 PATms
1004 257 1248 294 Hmnonxm
1272 257 1421 294 NADAL

395 361 614 405 Seruetur
637 368 789 404 certus
811 360 1100 404 sacerdotum
1123 360 1234 402 ordo
1257 359 1303 402 in
1332 358 1568 403 missarum
1597 359 1738 403 sacris
1767 360 1939 405 facien-
2002 356 2019 419 3⁴

304 437 389 490 dis,
417 451 566 493 neque
589 438 680 480 duo
702 437 911 479 dicantur
933 449 1061 479 sacra
1082 436 1233 489 simul,
1259 435 1345 478 nisi
1377 450 1545 493 magna
1577 444 1697 481 esset
1728 438 1940 481 sacerdo-

303 521 398 556 turn
422 514 571 570 copia,
598 529 649 557 ac
676 522 783 556 tunc
806 513 944 556 etiam
967 519 1169 566 curetur,
1194 519 1242 555 vt
1270 525 1503 568 nunquam
1531 527 1709 557 sacrum
1742 513 1857 557 desit
1890 514 1939 560 in
1992 523 2017 576 ζ»,

303 605 514 648 supremo
536 591 663 634 altari
687 605 766 647 per
788 590 832 632 id
856 598 1052 646 tempus,
1075 604 1169 645 quo
1198 590 1416 634 celebrari
1439 589 1602 634 missae
1623 592 1787 644 solent,
1820 599 1865 649 et
1887 600 1936 636 vt

302 668 435 712 simul
458 669 548 711 duo
571 683 698 711 sacra
720 682 777 710 ne
800 667 1076 712 inchoentur
1097 675 1130 719 ³,
1156 668 1237 712 sed
1269 666 1345 710 vbi
1377 681 1518 710 vnum
1550 667 1608 711 sit
1638 682 1936 725 progressum·
1995 677 2010 691 ”

303 747 359 788 ad
397 745 692 798 offertorium,
732 750 792 790 411
831 745 1082 787 secundum
1119 743 1375 789 inchoetur:
1416 751 1461 789 et
1499 744 1536 788 si
1574 745 1658 788 tria
1697 745 1768 790 vel
1805 746 1934 802 plura

302 830 453 866 essent
475 822 664 865 dicenda
686 821 836 873 simul,
863 829 1045 877 propter
1074 822 1360 866 sacerdotum
1391 821 1746 874 multitudinem,
1783 829 1938 868 tamen
1999 807 2001 810 ι

301 915 359 944 ne
379 899 529 951 simul,
556 899 704 954 quoad
727 898 823 941 fieri
846 898 1005 954 possit,
1031 897 1319 952 inchoentur;
1346 899 1426 942 sed
1452 899 1688 942 commode
1711 898 1804 942 suis
1827 915 1933 956 spa—

300 976 382 1020 ciis
403 976 762 1032 distinguantur.

390 1055 499 1097 Post
521 1054 727 1096 absoluta
749 1053 900 1096 omnia
921 1067 1049 1096 sacra
1072 1060 1117 1097 et
1138 1052 1236 1096 eius
1258 1053 1473 1109 postremi
1495 1052 1611 1096 sacri
1640 1054 1932 1098 communio-

302 1146 421 1184 nem,
447 1146 505 1175 ne
527 1132 658 1174 detur
687 1131 960 1183 communio,
986 1130 1072 1174 nisi
1097 1131 1211 1174 forte
1233 1131 1368 1187 paulo
1398 1138 1499 1186 post
1529 1130 1662 1174 alicui
1691 1145 1932 1187 personae,

300 1222 415 1264 quae
439 1215 547 1251 tunc
571 1207 764 1264 primum
787 1207 1118 1252 cenfessionem
1149 1207 1435 1253 absoluisset.

387 1285 561 1329 Diebus
584 1284 854 1328 ieiuniorum
876 1285 932 1327 ad
955 1300 1059 1330 eum
1088 1299 1327 1329 numerum
1355 1299 1602 1338 sacrorum,
1635 1300 1752 1341 quae
1781 1287 1931 1331 solent

299 1361 515 1406 celebrari
546 1361 590 1404 in
628 1376 806 1405 summo
843 1361 988 1414 altari,
1021 1362 1214 1405 addatur
1242 1377 1391 1423 vnum·
1419 1369 1668 1419 praeterea,
1704 1377 1761 1405 ne
1798 1371 1931 1408 vacet

299 1448 477 1495 tempus
499 1447 604 1484 ante
632 1438 881 1491 meridiem,
908 1453 998 1495 quo
1020 1453 1112 1481 non
1135 1439 1192 1482 sit
1221 1453 1416 1493 sacrum;
1450 1447 1495 1484 et
1524 1448 1674 1484 tamen
1705 1441 1798 1484 fere
1827 1440 1927 1496 qui-

297 1518 399 1560 dem
422 1517 487 1568 fit,
514 1523 561 1558 vt
583 1516 789 1559 vltimum
813 1529 990 1558 sacrum
1013 1515 1058 1558 in
1088 1515 1468 1572 frequentioribus
1490 1516 1693 1573 collegiis
1715 1517 1928 1560 absolua-
1997 1576 2003 1582 ι

298 1603 370 1636 tur
398 1595 470 1637 vel
499 1593 685 1638 meridie
712 1593 784 1635 vel
813 1607 904 1636 non
932 1594 1070 1650 longe
1091 1601 1196 1637 ante
1229 1593 1479 1638 meridiem:
1504 1593 1616 1637 illud
1638 1595 1816 1649 hyeme,
1842 1595 1929 1637 hoc
1995 1614 1998 1617 ⁴

296 1678 481 1714 aestate.

384 1749 433 1790 In
455 1748 666 1791 omnibus
690 1747 852 1800 missis,
886 1762 974 1791 non
1004 1749 1150 1791 solum
1180 1748 1225 1791 in
1256 1749 1420 1792 summi
1448 1749 1617 1801 altaris,
1650 1750 1926 1793 accendatur

294 1825 338 1867 in
361 1825 617 1869 eleuatione
646 1825 919 1868 sanctissimi
943 1826 1212 1870 sacramenti
1245 1840 1419 1870 cerens.
1447 1827 1527 1869 Est
1555 1833 1706 1870 autem
1736 1840 1926 1871 consue·
1979 1841 1984 1846 ·

294 1903 402 1944 tudo
425 1910 473 1945 vt
495 1917 585 1944 non
608 1907 680 1948 412
703 1903 996 1958 extinguatur
1019 1903 1163 1946 donec
1187 1902 1255 1948 2.⁰
1278 1911 1346 1947 est
1368 1904 1568 1947 leuatum
1591 1903 1925 1946 sanctissimum

291 1986 623 2022 sacramentum
647 1988 752 2022 ante
775 1980 1044 2022 dominicam
1068 1980 1334 2033 orationem3
1360 1980 1405 2022 in
1428 1980 1672 2024 solenniori
1696 1980 1830 2025 etiam
1855 1995 1927 2024 sa—

291 2069 368 2098 cro
390 2057 537 2099 solent
561 2068 583 2099 2
605 2057 806 2100 accendi.
835 2058 1072 2101 Habeatur
1089 2057 1196 2100 item
1216 2058 1501 2114 campanula,
1523 2072 1638 2112 quae
1656 2072 1737 2113 pro
1754 2057 1924 2103 maiore

294 2133 577 2190 [reverentia]
602 2135 805 2189 pulsetur
827 2134 874 2176 in
897 2134 1169 2187 eleuatione,
1196 2141 1241 2178 et
1264 2135 1444 2186 tabella,
1471 2134 1546 2177 vbi
1568 2134 1927 2178 consecrationis

290 2211 444 2261 verba,
474 2210 655 2252 «Gloria
678 2210 723 2252 in
748 2211 965 2254 excelsis»
992 2219 1100 2263 etc.,
1126 2219 1171 2254 et
1197 2212 1398 2256 «Credo»
1425 2211 1514 2254 sint
1536 2211 1778 2268 descripta.

379 2287 511 2341 Quae
535 2286 709 2342 perdita
732 2288 788 2329 ab
811 2288 1010 2330 externis
1038 2288 1335 2333 inueniuntur
1358 2289 1402 2331 in
1430 2289 1620 2332 ecclesia
1648 2296 1816 2340 nostra,
1848 2290 1921 2334 vel

289 2364 345 2405 ad
368 2362 604 2406 ecclesiam
630 2364 855 2417 feruntur,
881 2379 932 2407 ea
956 2365 1232 2420 (praesertim
1257 2365 1293 2408 si
1317 2365 1407 2408 sint
1429 2365 1620 2408 alicuius
1647 2365 1800 2422 precii)
1823 2381 1918 2411 ser-

290 2447 365 2482 uet
401 2439 627 2493 aedituus,
664 2448 708 2483 et
744 2441 975 2496 pubblicet
1010 2441 1054 2483 in
1092 2442 1345 2497 frequentia
1375 2442 1595 2486 ecclesiae
1631 2457 1732 2487 esse
1769 2443 1917 2499 aliqua

288 2517 475 2561 inuenta
498 2527 542 2561 et
571 2525 767 2570 seruata,
800 2526 847 2559 vt
878 2518 1059 2561 veniant
1092 2534 1173 2562 sua
1201 2519 1450 2574 quaesituri
1479 2518 1512 2572 b3
1545 2519 1621 2574 qui
1645 2533 1747 2562 curn
1777 2535 1917 2565 vene—

287 2594 398 2646 rint,
433 2594 586 2637 dicant
616 2594 723 2650 quid
751 2595 1052 2650 perdiderint,
1093 2604 1138 2638 et
1173 2595 1356 2652 signum
1386 2604 1616 2652 exponant
1644 2597 1725 2649 rei,
1760 2604 1805 2640 et
1836 2612 1919 2653 pro

287 2671 451 2714 iudicio
481 2670 726 2727 superioris
753 2671 838 2714 illis
868 2685 938 2714 res
967 2673 1198 2715 reddatur.
1237 2675 1374 2728 Quod
1403 2674 1462 2725 si,
1494 2674 1647 2730 elapso
1679 2688 1819 2727 anno,
1852 2674 1916 2717 rei

285 2748 495 2791 dominus
517 2763 609 2791 non
633 2755 862 2804 appareat,
889 2749 1111 2793 vendatur
1134 2764 1204 2792 res
1227 2751 1344 2792 bona
1368 2750 1456 2793 fide
1478 2758 1524 2794 et
1551 2752 1682 2795 detur
1706 2751 1915 2807 pauperi-

285 2827 387 2877 bus,
413 2833 459 2868 et
482 2827 572 2868 hoc
595 2839 776 2880 quoque
799 2824 977 2880 publice
1000 2834 1254 2880 exponatur
1277 2840 1376 2870 esse
1399 2828 1644 2883 agendum.

354 2992 370 3007 a
425 2981 651 3016 inchoenter
671 2992 742 3017 ms.
794 2983 861 3008 —b
887 2982 1122 3027 quaesitura
1142 2992 1212 3016 ms.
