2028 3426
314 207 384 245 ²90
786 198 939 234 PA‘rms
966 197 1207 231 HfflRoNYMi
1234 195 1384 231 NADAL

265 308 434 357 egeant
473 300 658 357 spiritus
696 299 958 351 refectione,
984 298 1029 340 in
1053 312 1105 341 ea
1129 303 1441 350 exerceantur3
1472 296 1510 340 si
1543 296 1622 353 qui
1649 297 1785 342 etiam
1807 297 1898 342 sint

266 377 508 422 debiliores
538 377 715 433 spiritu,
749 377 820 420 uel
843 375 1115 425 difficiliores,
1142 380 1250 426 etc.,·
1282 381 1442 417 curent
1467 388 1544 430 per
1572 374 1897 418 confessarium

263 453 349 498 illis
372 455 603 500 subueniri
627 470 705 510 per
728 454 846 496 illam
870 451 1230 502 instructionem,
1257 465 1372 506 quae
1395 451 1685 507 peculiariter
1701 453 1809 495 data
1827 460 1897 496 est

263 546 342 587 pro
363 532 636 583 difficilibus,
663 532 827 586 quibus
846 530 955 571 illud
972 527 1257 584 peculiariter
1274 528 1438 584 poterit
1455 528 1660 581 concedi,
1681 536 1727 572 et
1744 528 1893 582 facile,

265 616 313 650 ut
337 608 453 651 intra
477 609 806 652 hebdomadam
830 607 1132 649 confiteantur
1153 613 1199 648 et
1222 605 1556 649 communicent
1580 607 1734 651 semel.

358 686 546 728 Pondus
576 684 796 734 carnium,
832 683 953 738 quod
981 681 1161 725 dabitur
1200 681 1430 735 fratribus,
1461 682 1544 725 erit
1582 697 1715 727 mane
1755 695 1779 736 7
1819 692 1908 731 aut,

231 803 234 807 .
266 769 371 804 octo
394 761 645 813 vnciarum,
673 770 716 804 et
741 772 763 814 5
789 768 866 802 aut
895 775 974 802 sex
997 760 1054 801 ad
1083 773 1290 811 coenam3
1317 757 1353 802 si
1382 758 1490 814 quid
1527 759 1612 802 erit
1635 760 1894 804 addendum

265 849 446 894 propter
469 854 586 889 ossa,
613 837 828 880 iudicabit
851 836 1069 892 superior.

352 916 550 958 Curetur
574 922 622 956 ut
646 914 904 958 sacerdotes
926 920 970 956 et
995 913 1170 964 fratres,
1197 920 1374 968 praeter
1396 913 1614 965 officium,
1635 914 1758 968 quod
1781 913 1896 957 reci—

264 999 376 1043 tant,
397 1000 441 1035 et
465 993 631 1047 duplex
653 1002 841 1033 examen
865 989 1184 1048 conscientiae,
1210 990 1368 1032 saltem
1391 989 1592 1033 mediam.
1608 991 1764 1033 horam
1787 991 1896 1035 dent

262 1068 559 1119 meditationi,
587 1068 622 1111 si
642 1068 716 1123 qui
742 1069 938 1110 fructum
956 1066 1136 1123 capiant
1159 1080 1214 1109 ex
1237 1066 1326 1118 illa3
1352 1066 1421 1109 sin
1446 1066 1611 1129 minus,
1632 1068 1789 1124 legant
1812 1068 1894 1110 ali—

263 1147 369 1199 quid
388 1149 571 1197 deuote,
594 1160 683 1188 non
704 1152 752 1186 ut
776 1144 1032 1200 intelligant
1050 1143 1307 1200 praecipua,
1329 1145 1408 1186 sed
1432 1150 1481 1186 ut
1504 1151 1708 1200 gustent,
1728 1144 1895 1188 sisten—

261 1227 319 1269 do
342 1225 387 1267 in
410 1223 538 1275 locis,
565 1223 620 1265 ad
645 1223 846 1273 modum,
872 1221 949 1276 qui
973 1220 1248 1278 praecipitur
1270 1220 1314 1264 in
1337 1221 1428 1264 fine
1450 1220 1766 1265 exercitiorum
1794 1223 1820 1265 ¹.

349 1303 584 1345 Habeatur
607 1300 651 1342 in
676 1299 867 1344 ecclesia
888 1306 1042 1342 nostra
1067 1306 1241 1341 tantum
1265 1299 1414 1342 oleum
1438 1298 1738 1352 infirmorum,
1770 1301 1893 1355 quod

256 1380 447 1435 singulis
471 1378 600 1420 annis
624 1377 747 1419 iuxta
772 1375 1151 1420 consuetudinem
1169 1375 1386 1419 ecclesiae
1404 1375 1652 1432 accipiatur
1670 1377 1726 1419 ab
1746 1378 1893 1421 eccle-

258 1458 322 1500 sia
345 1455 605 1500 cathedrali.

345 1536 392 1576 In
417 1533 615 1576 sacrario
649 1531 884 1575 sacristiae
908 1529 1049 1586 possit
1073 1530 1263 1573 alicuius·
1287 1530 1468 1584 nobilis,
1500 1531 1573 1574 uel
1596 1530 1780 1574 omnino
1811 1531 1894 1575 ali-

257 1593 401 1662 cuius,
428 1610 500 1652 cui
525 1609 654 1653 facile
678 1608 938 1666 persuaderi
969 1621 1060 1650 non
1090 1615 1241 1663 posset
1273 1607 1395 1670 utin
1426 1608 1617 1652 ecclesia
1651 1609 1892 1651 confitere·

255 1696 342 1740 tur,
383 1687 610 1731 confessio
649 1686 809 1730 audiri:
852 1685 996 1742 possit
1035 1684 1171 1729 etiam
1210 1685 1372 1728 horum
1412 1685 1641 1728 confessio
1678 1684 1823 1728 audiri
1846 1685 1890 1728 in

253 1768 392 1808 choro
418 1779 583 1820 magno
606 1772 652 1808 et
675 1777 819 1820 paruo
842 1762 1069 1819 superius.

342 1842 465 1885 Nihil
490 1856 547 1885 ex
571 1841 790 1891 sacristia,
814 1840 935 1895 quod
953 1839 1319 1884 benedictionem
1338 1838 1535 1894 aliquam
1553 1840 1738 1895 habeat,
1758 1838 1890 1882 adhi—

256 1922 415 1962 beatur
433 1919 478 1962 in
497 1918 759 1962 comoediis.

344 1998 460 2040 Cum
485 2010 564 2051 pro
601 1995 846 2052 sepulturis
884 1995 956 2038 uel
995 1993 1094 2036 aliis
1127 1995 1263 2037 rebus
1295 1977 1537 2050 pulsantur
1575 2006 1820 2049 campanae
1844 1993 1889 2036 in

256 2073 466 2116 omnibus
497 2072 690 2128 templis,
716 2071 752 2115 si
782 2072 827 2114 id
857 2072 934 2115 fiat
962 2071 1089 2114 iussu
1128 2070 1323 2113 caesaris
1355 2071 1428 2114 uel
1460 2069 1677 2126 episcopi,
1711 2070 1892 2114 uidetur

257 2150 411 2206 negari
437 2166 526 2193 non
553 2165 701 2205 posse,
727 2148 904 2211 tametsi
934 2148 1107 2192 moneri
1141 2154 1293 2203 posset
1316 2147 1557 2203 episcopus
1579 2162 1637 2192 ne
1669 2161 1752 2190 nos
1774 2146 1889 2190 obli-

256 2238 386 2283 garet
420 2228 475 2269 ad
500 2228 618 2269 hanc
651 2225 1046 2278 consuetudinem,
1083 2239 1198 2281 quae
1227 2239 1318 2267 non
1347 2232 1416 2267 est
1446 2224 1490 2266 in
1521 2223 1764 2268 Societate.
1797 2224 1889 2266 Pro

255 2304 502 2360 sepulturis
534 2303 869 2360 particularium
895 2302 1129 2345 hominum
1158 2316 1248 2344 non
1279 2301 1460 2344 uidetur
1488 2302 1777 2357 pulsandum,
1804 2300 1888 2344 nisi

257 2382 454 2425 habeant
478 2381 547 2423 ius
572 2382 848 2436 sepulturae,
875 2381 932 2424 de
955 2393 1046 2434 quo
1069 2378 1239 2421 dietum
1262 2385 1330 2421 est
1353 2378 1477 2421 alias.

343 2458 390 2501 Si
430 2457 529 2512 quis
569 2457 755 2513 sepeliat
787 2464 1015 2499 mortuum
1046 2470 1178 2499 suum
1208 2454 1253 2497 in
1284 2454 1491 2506 ecclesia,
1516 2462 1562 2497 et
1590 2469 1681 2497 non
1715 2453 1889 2499 reficiat

256 2535 582 2589 pauimentum,
609 2535 744 2578 debet
762 2533 884 2589 exigi
907 2534 963 2575 ab
985 2533 1049 2576 eis
1076 2539 1122 2575 ut
1145 2532 1255 2574 illud
1279 2531 1496 2575 reficiant.

343 2613 520 2662 Nullus,
548 2611 680 2655 etiam
705 2610 741 2653 si
765 2611 1020 2653 ius-habeat
1044 2609 1303 2665 sepulturae
1332 2608 1377 2650 in
1409 2609 1577 2664 templo
1609 2616 1780 2662 nostro,
1806 2609 1887 2651 de-

255 2688 328 2729 bet
353 2689 470 2743 apud
494 2702 575 2730 nos
598 2687 792 2742 sepeliri,
818 2687 854 2729 si
879 2692 1159 2742 compertum
1183 2685 1242 2728 sit
1259 2699 1362 2727 eum
1386 2700 1485 2729 esse
1508 2685 1802 2730 haereticum.

344 2763 541 2806 Possunt
566 2764 704 2806 nostri
731 2765 976 2817 celebrare,
1003 2762 1137 2806 etiam
1155 2761 1470 2818 praesentibus
1486 2760 1742 2814 haereticis,
1769 2769 1886 2806 utex

255 2841 549 2883 concessione
574 2840 818 2896 apostolica
843 2854 1111 2882 concessum
1136 2839 1369 2881 habemus.

329 2950 334 2966 ¹
390 2946 431 2979 ld
458 2952 531 2990 est,
559 2946 771 2981 secundum
798 2947 965 2992 aliquem
992 2957 1039 2980 ex
1066 2944 1190 2980 tribus
1215 2943 1339 2979 modis
1364 2943 1513 2990 orandi,
1532 2944 1597 2991 qui
1623 2945 1815 2979 habentur
1838 2944 1886 2979 ad
1921 2947 1924 2950 ’

256 3004 367 3039 tinem
388 3011 545 3050 quartae
565 3005 844 3040 hebdomadae.
