2028 3426
30 246 41 293 ⁸<
680 265 859 300 NOTITIA
886 271 1075 300 CODICUM
1594 274 1614 309 7
1620 274 1639 310 5

145 369 229 407 Fol.
257 370 498 415 198v-212v,
531 367 732 405 habentur
765 371 959 414 excerpta
980 377 1033 402 ex
1054 365 1113 411 iis,
1133 377 1238 412 quae
1265 366 1417 402 Natalis
1443 366 1688 414 Ulyssiponc

63 440 264 479 servanda
279 440 501 488 proposuit.
524 438 682 475 Titulus
703 442 765 474 est
783 437 1027 485 hujusmodi:
1053 436 1273 473 «Extracto
1295 437 1346 472 de
1367 437 1405 473 lo
1433 448 1512 483 que
1534 437 1632 472 dixo
1653 438 1689 473 01

23 512 106 565 pr.
126 510 257 548 Nadal
277 522 341 546 em
362 509 562 546 Lixboa.»
590 509 736 545 Manus
762 507 920 552 eadem,
947 518 1052 554 quae
1073 507 1398 554 inspraecedenti
1429 507 1689 544 documento.

32 592 45 634 ,ζ
67 583 162 620 Post
180 581 351 627 titulum,
372 585 596 628 sequuntur
620 590 693 626 104
708 579 859 615 monita
875 583 935 614 tot
948 578 1126 614 numeris
1147 578 1315 626 signata,
1333 578 1385 614 de
1404 578 1525 614 rebus
1547 578 1598 614 ad
1619 590 1690 626 gu-

41 648 43 650 *
67 653 344 690 bernationem
364 651 654 699 spectantibus,
677 662 731 687 ex
751 649 900 696 quibus
919 649 1033 696 plura
1060 650 1180 685 etiam
1213 650 1254 685 in
1280 648 1372 685 Cod.
1406 648 1526 685 Vatia.
1543 657 1573 696 3
1594 653 1632 684 ct
1669 657 1691 697 7

28 754 36 769 ,.
54 724 325 772 reperiuntur.
346 723 391 759 In
412 723 590 771 margine
612 721 662 758 ab
685 721 832 757 eodem
852 720 1026 765 librario,
1047 720 1115 767 qui
1134 724 1265 756 totum
1281 720 1573 756 documentum
1595 720 1691 755 scri-

33 779 50 838 }
66 794 155 842 psit,
175 798 313 829 notata
333 798 426 829 sunt
445 792 689 840 compendia
709 803 854 837 rerum,
875 791 914 827 in
932 791 1098 839 singulis
1114 791 1377 838 paragraphis
1399 795 1691 827 contentarum.

27 877 30 880 ·
52 865 152 905 Fol.
189 875 292 911 204V
326 876 471 912 purum
505 864 688 900 relictum
722 867 797 902 est.
830 862 913 898 Inc.
945 862 1052 898 «Los
1082 866 1260 898 rectores
1295 862 1568 898 aduiertan...»
1598 852 1693 898 Des.

52 952 127 979 *«...
144 935 319 983 despues
340 935 375 971 le
391 934 547 982 podran
569 934 640 970 dar
660 937 845 970 cuenta.»
874 933 1112 969 Notandum
1133 937 1196 968 est
1222 932 1262 967 in
1281 937 1366 968 tota
1393 933 1468 968 hac
1496 932 1618 980 longa
1634 933 1693 968 in—

30 1008 31 1013 ’
65 1007 282 1044 structione
294 1006 499 1043 observari
515 1005 685 1053 vestigia
696 1004 1045 1050 frequentissimae
1061 1015 1253 1039 manuum
1269 987 1573 1048 attrectationis,
1586 1003 1696 1039 unde

28 1054 40 1072 x
65 1077 314 1115 credendum
329 1082 390 1113 est
406 1078 483 1113 hoc
500 1075 721 1123 exemplari
737 1087 834 1111 usos
850 1074 975 1111 fuisse
992 1074 1270 1111 moderatores
1286 1074 1495 1120 lusitanos,
1516 1079 1559 1110 ut
1576 1074 1696 1110 etiam

66 1149 105 1187 in
126 1148 321 1196 superiori
342 1148 590 1184 documento
612 1146 984 1183 animadvertimus.

145 1219 231 1256 Fol.
254 1228 490 1267 213r-214v‚
513 1218 734 1254 «Extracto
755 1217 905 1254 sacado
927 1217 978 1253 de
1000 1217 1171 1265 algunos
1197 1217 1332 1253 auisos
1360 1227 1440 1263 que
1461 1216 1497 1252 el
1518 1216 1560 1253 P.
1587 1215 1698 1253 Gon-

36 1278 39 1282 *
69 1290 155 1338 calo
176 1290 260 1326 Vaz
279 1290 391 1326 tomo
418 1290 469 1326 de
505 1289 672 1337 platicas
707 1288 920 1325 familiares
955 1299 1032 1324 con
1054 1288 1090 1324 el
1124 1288 1165 1324 P.
1196 1287 1340 1333 Nadal‚
1373 1299 1418 1323 os
1438 1299 1565 1334 quaes
1586 1288 1652 1324 uio
1675 1299 1699 1324 o

68 1362 110 1406 P.
130 1361 259 1398 Nadal
280 1372 302 1397 e
323 1372 543 1408 aprouou.»
564 1361 679 1397 Haec
701 1365 794 1397 octo
816 1359 954 1396 ultima
973 1358 1099 1395 verba
1126 1359 1262 1395 addita
1296 1359 1457 1395 fuerunt
1476 1363 1570 1406 post
1603 1359 1699 1395 scri-

68 1433 247 1480 ptionem
267 1431 515 1477 documenti,
531 1436 575 1467 ut
593 1442 647 1467 ex
667 1431 754 1478 ipsa
781 1430 999 1478 scriptione
1026 1430 1111 1466 erui
1136 1429 1307 1475 videtur,
1338 1441 1444 1476 quae
1465 1434 1527 1465 est
1553 1429 1592 1465 in
1613 1434 1699 1465 toto

32 1505 145 1541 *hoc
165 1503 412 1539 documento
434 1490 618 1551 ejusdem
637 1514 793 1548 manus,
815 1513 920 1548 quae
949 1500 1264 1549 praecedentem
1292 1501 1461 1548 scripsit.
1498 1499 1699 1547 Compen-

69 1574 133 1611 dia
153 1575 497 1622 paragraphorum
516 1573 717 1610 habentur
736 1574 775 1609 in
795 1573 988 1621 margine,
1009 1578 1052 1609 ut
1079 1583 1212 1619 supra.
1234 1572 1389 1608 Decem
1409 1575 1450 1607 et
1471 1576 1564 1608 octo
1584 1583 1700 1619 para-

68 1645 221 1694 graphi,
240 1645 417 1681 numeris
437 1645 632 1693 signatae,
651 1648 924 1689 recensentur;
952 1643 1020 1680 ubi
1047 1643 1099 1679 de
1125 1642 1247 1679 rebus
1274 1642 1509 1679 domesticis
1535 1642 1618 1678 fere
1639 1646 1701 1678 est

69 1727 211 1753 sermo.
230 1715 315 1752 Jnc.
339 1725 399 1768 5<1.
419 1715 506 1751 Nao
523 1726 566 1751 se
586 1715 662 1751 fale
680 1726 754 1763 por
774 1715 943 1751 mandes
959 1714 1286 1751 nemmando...»
1305 1713 1401 1750 Des.
1421 1729 1483 1751 <<...
1496 1714 1701 1761 ponhasse
1748 1724 1751 1726 ·

51 1829 54 1831 Α
71 1798 147 1834 por
165 1787 311 1822 escrito
332 1786 376 1822 35
396 1791 533 1834 portas
554 1786 627 1822 das
647 1786 846 1822 latrinas.»

26 1842 30 1843 ⁷
151 1857 237 1894 Fol.
260 1865 333 1903 215
357 1868 533 1894 vacuum
546 1862 627 1896 est.

148 1928 235 1965 Fol.
258 1929 487 1974 216r-219r,
511 1928 757 1976 «Respostas
777 1927 816 1963 d‘
838 1927 1020 1976 algumas
1036 1931 1166 1963 cartas
1182 1937 1279 1974 pera
1297 1938 1320 1962 o
1342 1926 1384 1963 P.
1401 1925 1584 1973 Goncalo
1605 1926 1702 1971 Vaz,

38 2004 46 2013 ''
79 1998 131 2035 do
151 1999 191 2036 P.
212 1999 355 2045 Nadal,
376 1999 588 2036 recebidas
609 2011 631 2035 a
650 2010 676 2045 4
696 1998 747 2035 de
768 1999 906 2045 Marco
923 1998 974 2034 de
996 1998 1132 2043 1562.»
1155 1997 1311 2034 Eadem
1327 2009 1449 2034 manu
1470 2009 1516 2034 ac
1537 2008 1703 2045 praece-

78 2069 213 2107 dentia
238 2071 497 2116 documenta,
531 2082 554 2106 a
587 2070 654 2107 fol.
690 2069 844 2106 scilicet
869 2078 953 2114 191,
975 2069 1052 2105 hae
1083 2069 1371 2115 responsiones
1405 2068 1529 2104 Patris
1551 2068 1704 2104 Natalis

32 2135 52 2142 ⁷
76 2141 338 2189 transcriptae
365 2146 469 2178 sunt.
490 2141 571 2177 Eas
591 2141 720 2177 editas
754 2139 881 2177 habes
901 2140 941 2176 in
961 2138 1091 2188 Epist.
1112 2138 1164 2176 P.
1186 2137 1331 2175 Nadal
1346 2138 1380 2183 J,
1401 2139 1546 2187 627-63
1556 2149 1590 2175 2.
1621 2139 1703 2177 Ine.

26 2210 33 2265 2‘
62 2211 191 2259 'cQue
212 2223 256 2248 se
276 2223 348 2248 use
369 2212 444 2248 dos
465 2211 589 2250 liuros
609 2210 908 2259 prohibidos...»
933 2210 1030 2247 Des.
1053 2225 1114 2247 «...
1136 2221 1323 2246 escreuer
1343 2210 1419 2246 hos
1449 2210 1704 2247 consultores

26 2271 100 2331 'fis-pa
119 2282 195 2319 elle
215 2281 292 2320 soli
309 2283 362 2319 a.»
385 2282 472 2320 Fol.
495 2292 598 2327 219v
618 2293 794 2318 vacuum
814 2286 886 2318 est.

43 2341 46 2346 ¹
158 2352 244 2390 Fol.
281 2362 509 2398 220r-222r‚
544 2352 813 2389 «Instruction
846 2362 942 2399 para
975 2351 1011 2387 el
1045 2350 1315 2387 comissario.»
1353 2350 1468 2387 Haec
1496 2351 1705 2387 instructio

81 2423 203 2462 multo
224 2423 385 2459 brevior
405 2428 466 2459 est
485 2423 561 2468 illa,
583 2434 705 2469 quam
730 2427 874 2469 postea
899 2422 986 2468 ipse
1007 2421 1049 2458 P.
1070 2420 1224 2457 Natalis
1247 2420 1435 2471 confecit,
1460 2432 1567 2457 anno
1594 2422 1706 2467 1562,

32 2503 150 2542 pro
171 2494 213 2532 P.
235 2492 414 2530 Oliverio
431 2494 637 2530 Manareo.
659 2493 823 2541 Propria
844 2497 884 2529 et
915 2491 1225 2529 accommodata
1245 2496 1307 2528 est
1326 2492 1611 2529 commissariis
1632 2492 1705 2528 Hi-

81 2554 245 2612 spaniae
264 2570 304 2616 et
336 2565 581 2602 Lusitaniae.
616 2565 661 2600 In
682 2576 730 2600 ea
763 2557 1026 2601 recensentur
1058 2544 1281 2608 facultates,
1302 2574 1407 2609 quae
1428 2563 1706 2600 commissario

38 2621 44 2680 ’Ἰ
64 2626 336 2681 conveniunt,
356 2641 396 2673 et
416 2636 548 2673 officia
569 2635 620 2672 ab
641 2636 729 2683 ipso
749 2635 1005 2683 praestanda,
1026 2635 1179 2671 litterae
1200 2633 1251 2670 ab
1273 2634 1362 2682 ipso
1384 2634 1435 2670 ad
1463 2635 1707 2683 generalem,

79 2710 119 2742 et
137 2705 187 2742 ad
211 2707 343 2754 ipsum
363 2719 385 2743 a
400 2706 717 2754 provincialibus
732 2711 772 2743 et
787 2706 871 2742 aliis
888 2705 964 2742 sibi
981 2705 1252 2742 subordinatis
1274 2705 1608 2750 conscribendae,
1629 2710 1705 2741 etc.

55 2767 163 2815 ‘Inc.
193 2778 265 2814 «El
299 2778 432 2815 officio
467 2778 532 2814 del
559 2778 793 2814 comissario
827 2778 1003 2814 consiste
1037 2788 1087 2813 en
1114 2782 1228 2813 tener
1256 2777 1703 2824 superintendencia...»

45 2871 55 2903 3
80 2847 176 2886 Des.
198 2865 259 2886 «...
281 2849 448 2886 Escriua
468 2849 504 2886 al
534 2848 696 2899 general
723 2849 824 2886 cada
858 2860 982 2885 mes.»
1018 2848 1164 2884 Manus
1185 2849 1329 2885 eadem
1363 2849 1427 2884 hic
1462 2848 1575 2892 redit,
1606 2858 1709 2894 quae

46 2928 66 2969 fij
85 2919 194 2972 initia
213 2921 332 2968 hujus
353 2920 505 2957 codicis
526 2921 694 2968 scripsit.

154 3074 171 3091 a
197 3064 281 3099 Hoc
300 3067 462 3101 verbum
481 3065 643 3102 confuse
662 3072 862 3102 exaratum
878 3073 954 3102 est.
