<?xml version="1.0" encoding="UTF-8"?>
<!DOCTYPE html PUBLIC "-//W3C//DTD XHTML 1.0 Transitional//EN"
    "http://www.w3.org/TR/xhtml1/DTD/xhtml1-transitional.dtd">
<html xmlns="http://www.w3.org/1999/xhtml" xml:lang="en" lang="en">
 <head>
  <title>
</title>
<meta http-equiv="Content-Type" content="text/html;charset=utf-8" />
  <meta name='ocr-system' content='tesseract 3.04.00' />
  <meta name='ocr-capabilities' content='ocr_page ocr_carea ocr_par ocr_line ocrx_word'/>
</head>
<body>
  <div class='ocr_page' id='page_1' title='image "./epistolaephieron11nada_0348.png"; bbox 0 0 2028 3426; ppageno 0'>
   <div class='ocr_carea' id='block_1_1' title="bbox 314 177 1388 217">
    <p class='ocr_par' dir='ltr' id='par_1_1' title="bbox 314 177 1388 217">
     <span class='ocr_line' id='line_1_1' title="bbox 314 177 1388 217; baseline -0.005 0"><span class='ocrx_word' id='word_1_1' title='bbox 314 179 384 217; x_wconf 87' lang='lat'>322</span> <span class='ocrx_word' id='word_1_2' title='bbox 787 180 941 215; x_wconf 72' lang='lat' dir='ltr'>PATms</span> <span class='ocrx_word' id='word_1_3' title='bbox 968 180 1211 214; x_wconf 61' lang='lat' dir='ltr'>Hienom&#39;m</span> <span class='ocrx_word' id='word_1_4' title='bbox 1237 177 1388 213; x_wconf 78' lang='lat' dir='ltr'>NADAL</span> 
     </span>
    </p>
   </div>
   <div class='ocr_carea' id='block_1_2' title="bbox 267 277 1909 1877">
    <p class='ocr_par' dir='ltr' id='par_1_2' title="bbox 269 277 1904 722">
     <span class='ocr_line' id='line_1_2' title="bbox 356 277 1902 338; baseline -0.003 -12"><span class='ocrx_word' id='word_1_5' title='bbox 356 284 406 326; x_wconf 92' lang='lat' dir='ltr'>In</span> <span class='ocrx_word' id='word_1_6' title='bbox 423 283 558 326; x_wconf 90' lang='lat' dir='ltr'>domo</span> <span class='ocrx_word' id='word_1_7' title='bbox 581 288 838 338; x_wconf 88' lang='lat' dir='ltr'>augustana</span> <span class='ocrx_word' id='word_1_8' title='bbox 866 279 1129 323; x_wconf 81' lang='lat' dir='ltr'>instituatur</span> <span class='ocrx_word' id='word_1_9' title='bbox 1159 278 1273 322; x_wconf 85' lang='lat' dir='ltr'>ratio</span> <span class='ocrx_word' id='word_1_10' title='bbox 1306 278 1454 322; x_wconf 90' lang='lat' dir='ltr'>victus</span> <span class='ocrx_word' id='word_1_11' title='bbox 1480 277 1760 334; x_wconf 88' lang='lat' dir='ltr'>quotidiana,</span> <span class='ocrx_word' id='word_1_12' title='bbox 1785 292 1902 334; x_wconf 88' lang='lat' dir='ltr'>quae</span> 
     </span>
     <span class='ocr_line' id='line_1_3' title="bbox 269 353 1902 416; baseline -0.003 -14"><span class='ocrx_word' id='word_1_13' title='bbox 269 359 314 402; x_wconf 84' lang='lat' dir='ltr'>in</span> <span class='ocrx_word' id='word_1_14' title='bbox 345 359 549 416; x_wconf 84' lang='lat' dir='ltr'>collegiis</span> <span class='ocrx_word' id='word_1_15' title='bbox 578 360 863 410; x_wconf 78' lang='lat' dir='ltr'>obseruatus,</span> <span class='ocrx_word' id='word_1_16' title='bbox 900 371 982 400; x_wconf 88' lang='lat' dir='ltr'>nec</span> <span class='ocrx_word' id='word_1_17' title='bbox 1012 356 1203 411; x_wconf 87' lang='lat' dir='ltr'>maiores</span> <span class='ocrx_word' id='word_1_18' title='bbox 1234 354 1465 411; x_wconf 81' lang='lat' dir='ltr'>portiones</span> <span class='ocrx_word' id='word_1_19' title='bbox 1494 355 1699 399; x_wconf 84' lang='lat' dir='ltr'>carnium</span> <span class='ocrx_word' id='word_1_20' title='bbox 1730 355 1805 398; x_wconf 87' lang='lat' dir='ltr'>uel</span> <span class='ocrx_word' id='word_1_21' title='bbox 1836 353 1902 411; x_wconf 87' lang='lat' dir='ltr'>pi-</span> 
     </span>
     <span class='ocr_line' id='line_1_4' title="bbox 270 431 1904 491; baseline -0.004 -11"><span class='ocrx_word' id='word_1_22' title='bbox 270 436 414 480; x_wconf 83' lang='lat' dir='ltr'>scium</span> <span class='ocrx_word' id='word_1_23' title='bbox 435 437 562 488; x_wconf 86' lang='lat' dir='ltr'>fiant,</span> <span class='ocrx_word' id='word_1_24' title='bbox 589 450 723 491; x_wconf 87' lang='lat' dir='ltr'>quam</span> <span class='ocrx_word' id='word_1_25' title='bbox 747 435 792 477; x_wconf 90' lang='lat' dir='ltr'>in</span> <span class='ocrx_word' id='word_1_26' title='bbox 822 432 1041 490; x_wconf 87' lang='lat' dir='ltr'>collegiis;</span> <span class='ocrx_word' id='word_1_27' title='bbox 1067 432 1151 476; x_wconf 89' lang='lat' dir='ltr'>erit</span> <span class='ocrx_word' id='word_1_28' title='bbox 1174 439 1326 476; x_wconf 88' lang='lat' dir='ltr'>autem</span> <span class='ocrx_word' id='word_1_29' title='bbox 1355 432 1401 476; x_wconf 91' lang='lat' dir='ltr'>in</span> <span class='ocrx_word' id='word_1_30' title='bbox 1430 431 1616 475; x_wconf 88' lang='lat' dir='ltr'>arbitrio</span> <span class='ocrx_word' id='word_1_31' title='bbox 1644 431 1904 488; x_wconf 88' lang='lat' dir='ltr'>prouincia-</span> 
     </span>
     <span class='ocr_line' id='line_1_5' title="bbox 269 508 1903 570; baseline -0.004 -13"><span class='ocrx_word' id='word_1_32' title='bbox 269 513 323 557; x_wconf 92' lang='lat' dir='ltr'>lis</span> <span class='ocrx_word' id='word_1_33' title='bbox 346 513 543 570; x_wconf 89' lang='lat' dir='ltr'>positum</span> <span class='ocrx_word' id='word_1_34' title='bbox 569 522 617 556; x_wconf 89' lang='lat' dir='ltr'>ut</span> <span class='ocrx_word' id='word_1_35' title='bbox 640 512 832 565; x_wconf 82' lang='lat' dir='ltr'>singulis</span> <span class='ocrx_word' id='word_1_36' title='bbox 855 518 1107 567; x_wconf 84' lang='lat' dir='ltr'>apponatur</span> <span class='ocrx_word' id='word_1_37' title='bbox 1136 524 1220 553; x_wconf 88' lang='lat' dir='ltr'>sua</span> <span class='ocrx_word' id='word_1_38' title='bbox 1248 509 1411 566; x_wconf 89' lang='lat' dir='ltr'>portio,</span> <span class='ocrx_word' id='word_1_39' title='bbox 1436 516 1679 564; x_wconf 83' lang='lat' dir='ltr'>antequam</span> <span class='ocrx_word' id='word_1_40' title='bbox 1718 508 1903 553; x_wconf 89' lang='lat' dir='ltr'>veniant</span> 
     </span>
     <span class='ocr_line' id='line_1_6' title="bbox 271 586 1902 644; baseline -0.002 -10"><span class='ocrx_word' id='word_1_41' title='bbox 271 592 327 634; x_wconf 86' lang='lat' dir='ltr'>ad</span> <span class='ocrx_word' id='word_1_42' title='bbox 349 591 550 643; x_wconf 86' lang='lat' dir='ltr'>domum,</span> <span class='ocrx_word' id='word_1_43' title='bbox 573 605 704 644; x_wconf 81' lang='lat' dir='ltr'>quam</span> <span class='ocrx_word' id='word_1_44' title='bbox 730 588 957 644; x_wconf 81' lang='lat' dir='ltr'>pollicitus</span> <span class='ocrx_word' id='word_1_45' title='bbox 979 595 1047 630; x_wconf 89' lang='lat' dir='ltr'>est</span> <span class='ocrx_word' id='word_1_46' title='bbox 1070 586 1310 629; x_wconf 84' lang='lat' dir='ltr'>cardinalis</span> <span class='ocrx_word' id='word_1_47' title='bbox 1337 588 1365 639; x_wconf 83' lang='lat'>¹,</span> <span class='ocrx_word' id='word_1_48' title='bbox 1388 587 1461 630; x_wconf 93' lang='lat' dir='ltr'>uel</span> <span class='ocrx_word' id='word_1_49' title='bbox 1485 593 1534 628; x_wconf 89' lang='lat' dir='ltr'>ut</span> <span class='ocrx_word' id='word_1_50' title='bbox 1556 600 1646 628; x_wconf 91' lang='lat' dir='ltr'>non</span> <span class='ocrx_word' id='word_1_51' title='bbox 1670 600 1902 643; x_wconf 83' lang='lat' dir='ltr'>apponan-</span> 
     </span>
     <span class='ocr_line' id='line_1_7' title="bbox 273 664 1485 722; baseline -0.003 -12"><span class='ocrx_word' id='word_1_52' title='bbox 273 675 361 722; x_wconf 89' lang='lat' dir='ltr'>tur,</span> <span class='ocrx_word' id='word_1_53' title='bbox 389 669 470 712; x_wconf 84' lang='lat' dir='ltr'>sed</span> <span class='ocrx_word' id='word_1_54' title='bbox 493 667 626 710; x_wconf 80' lang='lat' dir='ltr'>simul</span> <span class='ocrx_word' id='word_1_55' title='bbox 651 681 806 708; x_wconf 86' lang='lat' dir='ltr'>omnes</span> <span class='ocrx_word' id='word_1_56' title='bbox 830 681 884 708; x_wconf 88' lang='lat' dir='ltr'>ex</span> <span class='ocrx_word' id='word_1_57' title='bbox 908 665 1070 709; x_wconf 89' lang='lat' dir='ltr'>eodem</span> <span class='ocrx_word' id='word_1_58' title='bbox 1088 664 1213 707; x_wconf 87' lang='lat' dir='ltr'>diseo</span> <span class='ocrx_word' id='word_1_59' title='bbox 1230 664 1485 712; x_wconf 83' lang='lat' dir='ltr'>comedant.</span> 
     </span>
    </p>

    <p class='ocr_par' dir='ltr' id='par_1_3' title="bbox 269 739 1907 1172">
     <span class='ocr_line' id='line_1_8' title="bbox 359 739 1906 799; baseline -0.002 -12"><span class='ocrx_word' id='word_1_60' title='bbox 359 744 495 787; x_wconf 87' lang='lat' dir='ltr'>Nullo</span> <span class='ocrx_word' id='word_1_61' title='bbox 518 751 649 799; x_wconf 76' lang='lat' dir='ltr'>pacto</span> <span class='ocrx_word' id='word_1_62' title='bbox 672 744 746 785; x_wconf 87' lang='lat' dir='ltr'>det</span> <span class='ocrx_word' id='word_1_63' title='bbox 777 740 1066 797; x_wconf 87' lang='lat' dir='ltr'>prouincialis</span> <span class='ocrx_word' id='word_1_64' title='bbox 1095 741 1289 796; x_wconf 79' lang='lat' dir='ltr'>aliquem</span> <span class='ocrx_word' id='word_1_65' title='bbox 1320 756 1345 785; x_wconf 92' lang='lat' dir='ltr'>e</span> <span class='ocrx_word' id='word_1_66' title='bbox 1382 740 1564 794; x_wconf 84' lang='lat' dir='ltr'>nostris,</span> <span class='ocrx_word' id='word_1_67' title='bbox 1591 754 1674 784; x_wconf 90' lang='lat' dir='ltr'>nec</span> <span class='ocrx_word' id='word_1_68' title='bbox 1707 747 1780 783; x_wconf 87' lang='lat' dir='ltr'>eat</span> <span class='ocrx_word' id='word_1_69' title='bbox 1810 739 1906 796; x_wconf 86' lang='lat' dir='ltr'>ipse</span> 
     </span>
     <span class='ocr_line' id='line_1_9' title="bbox 270 817 1904 874; baseline -0.003 -10"><span class='ocrx_word' id='word_1_70' title='bbox 270 822 325 864; x_wconf 89' lang='lat' dir='ltr'>ad</span> <span class='ocrx_word' id='word_1_71' title='bbox 355 820 658 864; x_wconf 75' lang='lat' dir='ltr'>visitationem</span> <span class='ocrx_word' id='word_1_72' title='bbox 688 819 884 874; x_wconf 82' lang='lat' dir='ltr'>aliquam</span> <span class='ocrx_word' id='word_1_73' title='bbox 914 818 1305 870; x_wconf 81' lang='lat' dir='ltr'>monasteriorum,</span> <span class='ocrx_word' id='word_1_74' title='bbox 1337 817 1654 870; x_wconf 86' lang='lat' dir='ltr'>ecclesiarum,</span> <span class='ocrx_word' id='word_1_75' title='bbox 1688 817 1763 862; x_wconf 91' lang='lat' dir='ltr'>uel</span> <span class='ocrx_word' id='word_1_76' title='bbox 1791 831 1904 873; x_wconf 90' lang='lat' dir='ltr'>qua-</span> 
     </span>
     <span class='ocr_line' id='line_1_10' title="bbox 269 894 1905 953; baseline -0.002 -13"><span class='ocrx_word' id='word_1_77' title='bbox 269 912 567 952; x_wconf 85' lang='lat' dir='ltr'>rumcumque</span> <span class='ocrx_word' id='word_1_78' title='bbox 597 910 905 953; x_wconf 81' lang='lat' dir='ltr'>personarum,</span> <span class='ocrx_word' id='word_1_79' title='bbox 939 895 983 938; x_wconf 92' lang='lat' dir='ltr'>in</span> <span class='ocrx_word' id='word_1_80' title='bbox 1020 909 1110 950; x_wconf 91' lang='lat' dir='ltr'>qua</span> <span class='ocrx_word' id='word_1_81' title='bbox 1143 894 1399 939; x_wconf 88' lang='lat' dir='ltr'>visitatione</span> <span class='ocrx_word' id='word_1_82' title='bbox 1431 894 1554 937; x_wconf 88' lang='lat' dir='ltr'>aliud</span> <span class='ocrx_word' id='word_1_83' title='bbox 1593 894 1744 947; x_wconf 87' lang='lat' dir='ltr'>faciat,</span> <span class='ocrx_word' id='word_1_84' title='bbox 1770 908 1905 950; x_wconf 90' lang='lat' dir='ltr'>quarn</span> 
     </span>
     <span class='ocr_line' id='line_1_11' title="bbox 271 971 1902 1030; baseline -0.002 -12"><span class='ocrx_word' id='word_1_85' title='bbox 271 990 387 1030; x_wconf 89' lang='lat' dir='ltr'>quae</span> <span class='ocrx_word' id='word_1_86' title='bbox 410 983 516 1017; x_wconf 85' lang='lat' dir='ltr'>sunt</span> <span class='ocrx_word' id='word_1_87' title='bbox 546 991 601 1018; x_wconf 84' lang='lat' dir='ltr'>ex</span> <span class='ocrx_word' id='word_1_88' title='bbox 629 973 855 1025; x_wconf 86' lang='lat' dir='ltr'>instituto,</span> <span class='ocrx_word' id='word_1_89' title='bbox 889 980 939 1015; x_wconf 89' lang='lat' dir='ltr'>ut</span> <span class='ocrx_word' id='word_1_90' title='bbox 970 971 1246 1024; x_wconf 86' lang='lat' dir='ltr'>concionari,</span> <span class='ocrx_word' id='word_1_91' title='bbox 1279 971 1588 1016; x_wconf 85' lang='lat' dir='ltr'>confessiones</span> <span class='ocrx_word' id='word_1_92' title='bbox 1615 971 1789 1026; x_wconf 90' lang='lat' dir='ltr'>audire,</span> <span class='ocrx_word' id='word_1_93' title='bbox 1814 978 1902 1016; x_wconf 88' lang='lat' dir='ltr'>etc.</span> 
     </span>
     <span class='ocr_line' id='line_1_12' title="bbox 274 1048 1907 1106; baseline -0.001 -14"><span class='ocrx_word' id='word_1_94' title='bbox 274 1051 480 1106; x_wconf 78' lang='lat' dir='ltr'>Reliqua,</span> <span class='ocrx_word' id='word_1_95' title='bbox 507 1065 623 1106; x_wconf 86' lang='lat' dir='ltr'>quae</span> <span class='ocrx_word' id='word_1_96' title='bbox 647 1052 703 1093; x_wconf 89' lang='lat' dir='ltr'>ad</span> <span class='ocrx_word' id='word_1_97' title='bbox 725 1050 950 1106; x_wconf 85' lang='lat' dir='ltr'>propriam</span> <span class='ocrx_word' id='word_1_98' title='bbox 981 1048 1252 1092; x_wconf 82' lang='lat' dir='ltr'>visitationis</span> <span class='ocrx_word' id='word_1_99' title='bbox 1275 1048 1495 1093; x_wconf 88' lang='lat' dir='ltr'>rationem</span> <span class='ocrx_word' id='word_1_100' title='bbox 1522 1048 1735 1102; x_wconf 87' lang='lat' dir='ltr'>attinent,</span> <span class='ocrx_word' id='word_1_101' title='bbox 1760 1048 1907 1093; x_wconf 88' lang='lat' dir='ltr'>aliena</span> 
     </span>
     <span class='ocr_line' id='line_1_13' title="bbox 276 1127 861 1172; baseline -0.005 0"><span class='ocrx_word' id='word_1_102' title='bbox 276 1137 380 1172; x_wconf 89' lang='lat' dir='ltr'>sunt</span> <span class='ocrx_word' id='word_1_103' title='bbox 404 1144 428 1171; x_wconf 82' lang='lat' dir='ltr'>a</span> <span class='ocrx_word' id='word_1_104' title='bbox 453 1129 624 1172; x_wconf 87' lang='lat' dir='ltr'>ratione</span> <span class='ocrx_word' id='word_1_105' title='bbox 650 1127 861 1170; x_wconf 90' lang='lat' dir='ltr'>instituti.</span> 
     </span>
    </p>

    <p class='ocr_par' dir='ltr' id='par_1_4' title="bbox 272 1202 1907 1415">
     <span class='ocr_line' id='line_1_14' title="bbox 360 1202 1905 1261; baseline -0.001 -13"><span class='ocrx_word' id='word_1_106' title='bbox 360 1208 414 1250; x_wconf 99' lang='lat' dir='ltr'>P.</span> <span class='ocrx_word' id='word_1_107' title='bbox 439 1207 689 1261; x_wconf 83' lang='lat' dir='ltr'>Gasparus,</span> <span class='ocrx_word' id='word_1_108' title='bbox 712 1205 875 1260; x_wconf 86' lang='lat' dir='ltr'>anglus</span> <span class='ocrx_word' id='word_1_109' title='bbox 893 1205 926 1256; x_wconf 69' lang='lat'>⁶³,</span> <span class='ocrx_word' id='word_1_110' title='bbox 948 1203 1201 1260; x_wconf 86' lang='lat' dir='ltr'>promoueri</span> <span class='ocrx_word' id='word_1_111' title='bbox 1221 1203 1384 1259; x_wconf 90' lang='lat' dir='ltr'>poterit</span> <span class='ocrx_word' id='word_1_112' title='bbox 1407 1203 1452 1246; x_wconf 92' lang='lat' dir='ltr'>in</span> <span class='ocrx_word' id='word_1_113' title='bbox 1475 1202 1755 1247; x_wconf 90' lang='lat' dir='ltr'>licentiatum</span> <span class='ocrx_word' id='word_1_114' title='bbox 1780 1204 1905 1246; x_wconf 89' lang='lat' dir='ltr'>theo-</span> 
     </span>
     <span class='ocr_line' id='line_1_15' title="bbox 272 1279 1907 1339; baseline -0.002 -14"><span class='ocrx_word' id='word_1_115' title='bbox 272 1283 434 1339; x_wconf 85' lang='lat' dir='ltr'>logiae:</span> <span class='ocrx_word' id='word_1_116' title='bbox 462 1297 549 1337; x_wconf 86' lang='lat' dir='ltr'>qua</span> <span class='ocrx_word' id='word_1_117' title='bbox 573 1282 616 1324; x_wconf 93' lang='lat' dir='ltr'>in</span> <span class='ocrx_word' id='word_1_118' title='bbox 643 1297 689 1325; x_wconf 93' lang='lat' dir='ltr'>re</span> <span class='ocrx_word' id='word_1_119' title='bbox 715 1284 767 1324; x_wconf 89' lang='lat' dir='ltr'>P.</span> <span class='ocrx_word' id='word_1_120' title='bbox 794 1281 968 1325; x_wconf 90' lang='lat' dir='ltr'>Natalis</span> <span class='ocrx_word' id='word_1_121' title='bbox 991 1295 1040 1324; x_wconf 90' lang='lat' dir='ltr'>se</span> <span class='ocrx_word' id='word_1_122' title='bbox 1063 1280 1250 1323; x_wconf 88' lang='lat' dir='ltr'>remittit</span> <span class='ocrx_word' id='word_1_123' title='bbox 1273 1281 1329 1323; x_wconf 91' lang='lat' dir='ltr'>ad</span> <span class='ocrx_word' id='word_1_124' title='bbox 1352 1279 1653 1324; x_wconf 86' lang='lat' dir='ltr'>conscientias</span> <span class='ocrx_word' id='word_1_125' title='bbox 1673 1280 1907 1323; x_wconf 85' lang='lat' dir='ltr'>examina-</span> 
     </span>
     <span class='ocr_line' id='line_1_16' title="bbox 275 1358 948 1415; baseline -0.001 -13"><span class='ocrx_word' id='word_1_126' title='bbox 275 1367 419 1402; x_wconf 88' lang='lat' dir='ltr'>torum</span> <span class='ocrx_word' id='word_1_127' title='bbox 444 1368 489 1404; x_wconf 90' lang='lat' dir='ltr'>et</span> <span class='ocrx_word' id='word_1_128' title='bbox 507 1359 694 1404; x_wconf 88' lang='lat' dir='ltr'>rectoris</span> <span class='ocrx_word' id='word_1_129' title='bbox 712 1358 948 1415; x_wconf 89' lang='lat' dir='ltr'>dilingani.</span> 
     </span>
    </p>

    <p class='ocr_par' dir='ltr' id='par_1_5' title="bbox 267 1434 1909 1720">
     <span class='ocr_line' id='line_1_17' title="bbox 357 1434 1909 1493; baseline -0.002 -13"><span class='ocrx_word' id='word_1_130' title='bbox 357 1437 404 1481; x_wconf 86' lang='lat' dir='ltr'>Si</span> <span class='ocrx_word' id='word_1_131' title='bbox 428 1439 485 1480; x_wconf 91' lang='lat' dir='ltr'>N.</span> <span class='ocrx_word' id='word_1_132' title='bbox 515 1436 770 1493; x_wconf 81' lang='lat' dir='ltr'>(Martinus)</span> <span class='ocrx_word' id='word_1_133' title='bbox 800 1444 817 1461; x_wconf 76' lang='lat'>³</span> <span class='ocrx_word' id='word_1_134' title='bbox 846 1435 892 1477; x_wconf 89' lang='lat' dir='ltr'>in</span> <span class='ocrx_word' id='word_1_135' title='bbox 915 1450 1014 1479; x_wconf 88' lang='lat' dir='ltr'>eam</span> <span class='ocrx_word' id='word_1_136' title='bbox 1042 1435 1194 1479; x_wconf 85' lang='lat' dir='ltr'>veniat</span> <span class='ocrx_word' id='word_1_137' title='bbox 1232 1434 1562 1487; x_wconf 86' lang='lat' dir='ltr'>difficultatem,</span> <span class='ocrx_word' id='word_1_138' title='bbox 1588 1434 1634 1477; x_wconf 90' lang='lat' dir='ltr'>in</span> <span class='ocrx_word' id='word_1_139' title='bbox 1671 1449 1761 1490; x_wconf 87' lang='lat' dir='ltr'>qua</span> <span class='ocrx_word' id='word_1_140' title='bbox 1785 1434 1909 1491; x_wconf 89' lang='lat' dir='ltr'>prius</span> 
     </span>
     <span class='ocr_line' id='line_1_18' title="bbox 267 1510 1907 1570; baseline -0.002 -13"><span class='ocrx_word' id='word_1_141' title='bbox 267 1521 378 1566; x_wconf 85' lang='lat' dir='ltr'>erat,</span> <span class='ocrx_word' id='word_1_142' title='bbox 405 1520 624 1558; x_wconf 89' lang='lat' dir='ltr'>euocetur</span> <span class='ocrx_word' id='word_1_143' title='bbox 648 1512 944 1570; x_wconf 89' lang='lat' dir='ltr'>prouincialis</span> <span class='ocrx_word' id='word_1_144' title='bbox 966 1529 992 1556; x_wconf 94' lang='lat' dir='ltr'>a</span> <span class='ocrx_word' id='word_1_145' title='bbox 1014 1520 1190 1556; x_wconf 87' lang='lat' dir='ltr'>rectore</span> <span class='ocrx_word' id='word_1_146' title='bbox 1214 1511 1594 1564; x_wconf 86' lang='lat' dir='ltr'>Monachium,·et</span> <span class='ocrx_word' id='word_1_147' title='bbox 1623 1510 1661 1554; x_wconf 90' lang='lat' dir='ltr'>is</span> <span class='ocrx_word' id='word_1_148' title='bbox 1685 1519 1793 1568; x_wconf 90' lang='lat' dir='ltr'>agat</span> <span class='ocrx_word' id='word_1_149' title='bbox 1817 1512 1907 1568; x_wconf 89' lang='lat' dir='ltr'>pri-</span> 
     </span>
     <span class='ocr_line' id='line_1_19' title="bbox 268 1588 1909 1644; baseline -0.001 -12"><span class='ocrx_word' id='word_1_150' title='bbox 268 1606 391 1633; x_wconf 91' lang='lat' dir='ltr'>mum</span> <span class='ocrx_word' id='word_1_151' title='bbox 411 1606 515 1634; x_wconf 91' lang='lat' dir='ltr'>curn</span> <span class='ocrx_word' id='word_1_152' title='bbox 535 1592 576 1634; x_wconf 94' lang='lat' dir='ltr'>N</span> <span class='ocrx_word' id='word_1_153' title='bbox 585 1624 613 1643; x_wconf 88' lang='lat'>.,</span> <span class='ocrx_word' id='word_1_154' title='bbox 633 1591 797 1635; x_wconf 90' lang='lat' dir='ltr'>deinde</span> <span class='ocrx_word' id='word_1_155' title='bbox 814 1604 918 1633; x_wconf 88' lang='lat' dir='ltr'>cum</span> <span class='ocrx_word' id='word_1_156' title='bbox 937 1589 1225 1642; x_wconf 86' lang='lat' dir='ltr'>cancellario,</span> <span class='ocrx_word' id='word_1_157' title='bbox 1245 1597 1290 1633; x_wconf 92' lang='lat' dir='ltr'>et</span> <span class='ocrx_word' id='word_1_158' title='bbox 1308 1588 1472 1633; x_wconf 88' lang='lat' dir='ltr'>efficiat</span> <span class='ocrx_word' id='word_1_159' title='bbox 1491 1589 1617 1641; x_wconf 91' lang='lat' dir='ltr'>illud,</span> <span class='ocrx_word' id='word_1_160' title='bbox 1639 1590 1758 1644; x_wconf 91' lang='lat' dir='ltr'>quod</span> <span class='ocrx_word' id='word_1_161' title='bbox 1779 1588 1909 1632; x_wconf 89' lang='lat' dir='ltr'>insti-</span> 
     </span>
     <span class='ocr_line' id='line_1_20' title="bbox 273 1665 1298 1720; baseline 0.002 -11"><span class='ocrx_word' id='word_1_162' title='bbox 273 1675 503 1712; x_wconf 90' lang='lat' dir='ltr'>tueramus</span> <span class='ocrx_word' id='word_1_163' title='bbox 533 1669 698 1720; x_wconf 87' lang='lat' dir='ltr'>facere,</span> <span class='ocrx_word' id='word_1_164' title='bbox 724 1674 775 1710; x_wconf 87' lang='lat' dir='ltr'>ut</span> <span class='ocrx_word' id='word_1_165' title='bbox 798 1668 992 1711; x_wconf 90' lang='lat' dir='ltr'>donetur</span> <span class='ocrx_word' id='word_1_166' title='bbox 1016 1669 1067 1710; x_wconf 89' lang='lat' dir='ltr'>P.</span> <span class='ocrx_word' id='word_1_167' title='bbox 1094 1667 1201 1709; x_wconf 91' lang='lat' dir='ltr'>duci</span> <span class='ocrx_word' id='word_1_168' title='bbox 1224 1665 1241 1691; x_wconf 70' lang='lat' dir='ltr'>b</span> <span class='ocrx_word' id='word_1_169' title='bbox 1265 1668 1298 1711; x_wconf 80' lang='lat'>⁵.</span> 
     </span>
    </p>

    <p class='ocr_par' dir='ltr' id='par_1_6' title="bbox 268 1743 1909 1877">
     <span class='ocr_line' id='line_1_21' title="bbox 357 1743 1909 1801; baseline -0.001 -14"><span class='ocrx_word' id='word_1_170' title='bbox 357 1747 597 1800; x_wconf 76' lang='lat' dir='ltr'>Quantum</span> <span class='ocrx_word' id='word_1_171' title='bbox 621 1744 679 1788; x_wconf 93' lang='lat' dir='ltr'>sit</span> <span class='ocrx_word' id='word_1_172' title='bbox 698 1759 780 1801; x_wconf 92' lang='lat' dir='ltr'>pro</span> <span class='ocrx_word' id='word_1_173' title='bbox 805 1744 1000 1801; x_wconf 88' lang='lat' dir='ltr'>singulis</span> <span class='ocrx_word' id='word_1_174' title='bbox 1019 1744 1206 1787; x_wconf 92' lang='lat' dir='ltr'>nouitiis</span> <span class='ocrx_word' id='word_1_175' title='bbox 1225 1744 1567 1800; x_wconf 84' lang='lat' dir='ltr'>supputandum</span> <span class='ocrx_word' id='word_1_176' title='bbox 1586 1743 1630 1786; x_wconf 93' lang='lat' dir='ltr'>in</span> <span class='ocrx_word' id='word_1_177' title='bbox 1650 1744 1786 1786; x_wconf 91' lang='lat' dir='ltr'>domo</span> <span class='ocrx_word' id='word_1_178' title='bbox 1803 1757 1909 1799; x_wconf 86' lang='lat' dir='ltr'>pro-</span> 
     </span>
     <span class='ocr_line' id='line_1_22' title="bbox 268 1821 1906 1877; baseline -0.001 -13"><span class='ocrx_word' id='word_1_179' title='bbox 268 1822 478 1874; x_wconf 88' lang='lat' dir='ltr'>bationis,</span> <span class='ocrx_word' id='word_1_180' title='bbox 504 1822 686 1865; x_wconf 84' lang='lat' dir='ltr'>difficile</span> <span class='ocrx_word' id='word_1_181' title='bbox 704 1822 830 1865; x_wconf 89' lang='lat' dir='ltr'>dictu</span> <span class='ocrx_word' id='word_1_182' title='bbox 853 1830 938 1874; x_wconf 85' lang='lat' dir='ltr'>est,</span> <span class='ocrx_word' id='word_1_183' title='bbox 965 1821 1051 1865; x_wconf 89' lang='lat' dir='ltr'>nisi</span> <span class='ocrx_word' id='word_1_184' title='bbox 1074 1837 1122 1865; x_wconf 88' lang='lat' dir='ltr'>re</span> <span class='ocrx_word' id='word_1_185' title='bbox 1140 1821 1264 1877; x_wconf 87' lang='lat' dir='ltr'>prius</span> <span class='ocrx_word' id='word_1_186' title='bbox 1283 1827 1474 1864; x_wconf 88' lang='lat' dir='ltr'>tractata</span> <span class='ocrx_word' id='word_1_187' title='bbox 1492 1835 1597 1864; x_wconf 91' lang='lat' dir='ltr'>cum</span> <span class='ocrx_word' id='word_1_188' title='bbox 1616 1827 1791 1865; x_wconf 86' lang='lat' dir='ltr'>rectore</span> <span class='ocrx_word' id='word_1_189' title='bbox 1811 1835 1906 1863; x_wconf 92' lang='lat' dir='ltr'>mo-</span> 
     </span>
    </p>
   </div>
   <div class='ocr_carea' id='block_1_3' title="bbox 267 1899 543 1943">
    <p class='ocr_par' dir='ltr' id='par_1_7' title="bbox 267 1899 543 1943">
     <span class='ocr_line' id='line_1_23' title="bbox 267 1899 543 1943; baseline -0.007 0"><span class='ocrx_word' id='word_1_190' title='bbox 267 1899 502 1943; x_wconf 84' lang='lat' dir='ltr'>nachiensi</span> <span class='ocrx_word' id='word_1_191' title='bbox 529 1900 543 1920; x_wconf 77' lang='lat'>‘³</span> 
     </span>
    </p>
   </div>
   <div class='ocr_carea' id='block_1_4' title="bbox 267 1897 1907 2186">
    <p class='ocr_par' dir='ltr' id='par_1_8' title="bbox 267 1897 1905 2033">
     <span class='ocr_line' id='line_1_24' title="bbox 578 1897 1905 1951; baseline -0.003 -7"><span class='ocrx_word' id='word_1_192' title='bbox 578 1907 623 1944; x_wconf 91' lang='lat' dir='ltr'>et</span> <span class='ocrx_word' id='word_1_193' title='bbox 652 1899 751 1942; x_wconf 91' lang='lat' dir='ltr'>aliis</span> <span class='ocrx_word' id='word_1_194' title='bbox 784 1899 1054 1944; x_wconf 86' lang='lat' dir='ltr'>rectoribus:</span> <span class='ocrx_word' id='word_1_195' title='bbox 1085 1899 1266 1943; x_wconf 89' lang='lat' dir='ltr'>videtur</span> <span class='ocrx_word' id='word_1_196' title='bbox 1299 1898 1644 1951; x_wconf 68' lang='lat' dir='ltr'>inconueffiens,</span> <span class='ocrx_word' id='word_1_197' title='bbox 1671 1905 1722 1941; x_wconf 94' lang='lat' dir='ltr'>ut</span> <span class='ocrx_word' id='word_1_198' title='bbox 1755 1897 1905 1940; x_wconf 88' lang='lat' dir='ltr'>minus</span> 
     </span>
     <span class='ocr_line' id='line_1_25' title="bbox 267 1974 1697 2033; baseline 0 -15"><span class='ocrx_word' id='word_1_199' title='bbox 267 1991 348 2032; x_wconf 88' lang='lat' dir='ltr'>pro</span> <span class='ocrx_word' id='word_1_200' title='bbox 369 1976 548 2019; x_wconf 90' lang='lat' dir='ltr'>illorum</span> <span class='ocrx_word' id='word_1_201' title='bbox 568 1992 676 2029; x_wconf 88' lang='lat' dir='ltr'>vno,</span> <span class='ocrx_word' id='word_1_202' title='bbox 702 1991 839 2032; x_wconf 91' lang='lat' dir='ltr'>quam</span> <span class='ocrx_word' id='word_1_203' title='bbox 862 1991 943 2033; x_wconf 89' lang='lat' dir='ltr'>pro</span> <span class='ocrx_word' id='word_1_204' title='bbox 966 1975 1209 2020; x_wconf 85' lang='lat' dir='ltr'>scolastico</span> <span class='ocrx_word' id='word_1_205' title='bbox 1226 1976 1390 2019; x_wconf 88' lang='lat' dir='ltr'>alendo</span> <span class='ocrx_word' id='word_1_206' title='bbox 1408 1974 1697 2020; x_wconf 53' lang='lat' dir='ltr'>numeretur.</span> 
     </span>
    </p>

    <p class='ocr_par' dir='ltr' id='par_1_9' title="bbox 267 2051 1907 2186">
     <span class='ocr_line' id='line_1_26' title="bbox 355 2051 1907 2108; baseline -0.002 -12"><span class='ocrx_word' id='word_1_207' title='bbox 355 2054 493 2108; x_wconf 79' lang='lat' dir='ltr'>Quod</span> <span class='ocrx_word' id='word_1_208' title='bbox 516 2055 572 2096; x_wconf 86' lang='lat' dir='ltr'>ad</span> <span class='ocrx_word' id='word_1_209' title='bbox 603 2061 757 2098; x_wconf 87' lang='lat' dir='ltr'>uestes</span> <span class='ocrx_word' id='word_1_210' title='bbox 788 2068 950 2105; x_wconf 83' lang='lat' dir='ltr'>nouas,</span> <span class='ocrx_word' id='word_1_211' title='bbox 991 2052 1078 2096; x_wconf 92' lang='lat' dir='ltr'>illis</span> <span class='ocrx_word' id='word_1_212' title='bbox 1117 2052 1335 2096; x_wconf 82' lang='lat' dir='ltr'>fratribus</span> <span class='ocrx_word' id='word_1_213' title='bbox 1366 2066 1526 2097; x_wconf 82' lang='lat' dir='ltr'>recens</span> <span class='ocrx_word' id='word_1_214' title='bbox 1556 2052 1716 2104; x_wconf 87' lang='lat' dir='ltr'>factas,</span> <span class='ocrx_word' id='word_1_215' title='bbox 1742 2051 1819 2107; x_wconf 90' lang='lat' dir='ltr'>qui</span> <span class='ocrx_word' id='word_1_216' title='bbox 1852 2066 1907 2096; x_wconf 87' lang='lat' dir='ltr'>ex</span> 
     </span>
     <span class='ocr_line' id='line_1_27' title="bbox 267 2128 1907 2186; baseline 0 -15"><span class='ocrx_word' id='word_1_217' title='bbox 267 2130 390 2172; x_wconf 87' lang='lat' dir='ltr'>Vrbe</span> <span class='ocrx_word' id='word_1_218' title='bbox 414 2137 641 2175; x_wconf 87' lang='lat' dir='ltr'>uenerunt</span> <span class='ocrx_word' id='word_1_219' title='bbox 663 2138 708 2174; x_wconf 92' lang='lat' dir='ltr'>et</span> <span class='ocrx_word' id='word_1_220' title='bbox 732 2129 1017 2186; x_wconf 88' lang='lat' dir='ltr'>Herbipolim</span> <span class='ocrx_word' id='word_1_221' title='bbox 1040 2137 1199 2186; x_wconf 91' lang='lat' dir='ltr'>postea</span> <span class='ocrx_word' id='word_1_222' title='bbox 1221 2129 1476 2182; x_wconf 89' lang='lat' dir='ltr'>mittentur,</span> <span class='ocrx_word' id='word_1_223' title='bbox 1509 2128 1689 2182; x_wconf 85' lang='lat' dir='ltr'>attinet,</span> <span class='ocrx_word' id='word_1_224' title='bbox 1716 2143 1807 2172; x_wconf 89' lang='lat' dir='ltr'>non</span> <span class='ocrx_word' id='word_1_225' title='bbox 1837 2135 1907 2172; x_wconf 90' lang='lat' dir='ltr'>est</span> 
     </span>
    </p>
   </div>
   <div class='ocr_carea' id='block_1_5' title="bbox 265 2206 1907 2263">
    <p class='ocr_par' dir='ltr' id='par_1_10' title="bbox 265 2206 1907 2263">
     <span class='ocr_line' id='line_1_28' title="bbox 265 2206 1907 2263; baseline -0.001 -14"><span class='ocrx_word' id='word_1_226' title='bbox 265 2221 348 2249; x_wconf 86' lang='lat' dir='ltr'>cur</span> <span class='ocrx_word' id='word_1_227' title='bbox 377 2208 643 2260; x_wconf 86' lang='lat' dir='ltr'>rectoribus,</span> <span class='ocrx_word' id='word_1_228' title='bbox 669 2208 747 2263; x_wconf 89' lang='lat' dir='ltr'>qui</span> <span class='ocrx_word' id='word_1_229' title='bbox 776 2215 928 2252; x_wconf 88' lang='lat' dir='ltr'>vestes</span> <span class='ocrx_word' id='word_1_230' title='bbox 957 2208 1199 2260; x_wconf 88' lang='lat' dir='ltr'>dederunt,</span> <span class='ocrx_word' id='word_1_231' title='bbox 1235 2213 1446 2263; x_wconf 86' lang='lat' dir='ltr'>sumptus</span> <span class='ocrx_word' id='word_1_232' title='bbox 1476 2206 1653 2250; x_wconf 90' lang='lat' dir='ltr'>illarum</span> <span class='ocrx_word' id='word_1_233' title='bbox 1689 2206 1907 2250; x_wconf 86' lang='lat' dir='ltr'>refunda-</span> 
     </span>
    </p>
   </div>
   <div class='ocr_carea' id='block_1_6' title="bbox 270 2295 534 2301">
    <p class='ocr_par' dir='ltr' id='par_1_11' title="bbox 270 2295 534 2301">
     <span class='ocr_line' id='line_1_29' title="bbox 270 2295 534 2301; baseline 0 0"><span class='ocrx_word' id='word_1_234' title='bbox 270 2295 534 2301; x_wconf 95' lang='lat' dir='ltr'> </span> 
     </span>
    </p>
   </div>
   <div class='ocr_carea' id='block_1_7' title="bbox 266 2334 1908 2494">
    <p class='ocr_par' dir='ltr' id='par_1_12' title="bbox 266 2334 1908 2494">
     <span class='ocr_line' id='line_1_30' title="bbox 341 2334 1907 2383; baseline -0.001 -12"><span class='ocrx_word' id='word_1_235' title='bbox 341 2348 357 2364; x_wconf 72' lang='lat' dir='ltr'>a</span> <span class='ocrx_word' id='word_1_236' title='bbox 408 2336 522 2372; x_wconf 89' lang='lat' dir='ltr'>Prius</span> <span class='ocrx_word' id='word_1_237' title='bbox 546 2342 697 2373; x_wconf 86' lang='lat' dir='ltr'>tantum</span> <span class='ocrx_word' id='word_1_238' title='bbox 722 2337 757 2372; x_wconf 97' lang='lat' dir='ltr'>N</span> <span class='ocrx_word' id='word_1_239' title='bbox 778 2337 905 2373; x_wconf 88' lang='lat' dir='ltr'>fuerat</span> <span class='ocrx_word' id='word_1_240' title='bbox 929 2336 1131 2383; x_wconf 88' lang='lat' dir='ltr'>scripturn.</span> <span class='ocrx_word' id='word_1_241' title='bbox 1153 2336 1255 2372; x_wconf 88' lang='lat' dir='ltr'>Dein</span> <span class='ocrx_word' id='word_1_242' title='bbox 1280 2336 1431 2372; x_wconf 90' lang='lat' dir='ltr'>Natalis</span> <span class='ocrx_word' id='word_1_243' title='bbox 1455 2335 1605 2371; x_wconf 90' lang='lat' dir='ltr'>addidit</span> <span class='ocrx_word' id='word_1_244' title='bbox 1629 2347 1745 2383; x_wconf 89' lang='lat' dir='ltr'>supra</span> <span class='ocrx_word' id='word_1_245' title='bbox 1764 2334 1907 2371; x_wconf 79' lang='lat' dir='ltr'>Marti-</span> 
     </span>
     <span class='ocr_line' id='line_1_31' title="bbox 267 2395 1908 2444; baseline 0 -14"><span class='ocrx_word' id='word_1_246' title='bbox 267 2407 354 2432; x_wconf 85' lang='lat' dir='ltr'>nus.</span> <span class='ocrx_word' id='word_1_247' title='bbox 409 2416 443 2422; x_wconf 90' lang='lat'><em>-</em></span> <span class='ocrx_word' id='word_1_248' title='bbox 457 2398 473 2423; x_wconf 80' lang='lat' dir='ltr'><strong>b</strong></span> <span class='ocrx_word' id='word_1_249' title='bbox 502 2397 545 2432; x_wconf 92' lang='lat' dir='ltr'>In</span> <span class='ocrx_word' id='word_1_250' title='bbox 566 2397 741 2443; x_wconf 87' lang='lat' dir='ltr'>margine</span> <span class='ocrx_word' id='word_1_251' title='bbox 759 2397 856 2432; x_wconf 90' lang='lat' dir='ltr'>haec</span> <span class='ocrx_word' id='word_1_252' title='bbox 876 2396 1033 2444; x_wconf 88' lang='lat' dir='ltr'>scripsit</span> <span class='ocrx_word' id='word_1_253' title='bbox 1056 2397 1262 2432; x_wconf 88' lang='lat' dir='ltr'>Polancus:</span> <span class='ocrx_word' id='word_1_254' title='bbox 1287 2395 1536 2432; x_wconf 79' lang='lat' dir='ltr'>Consulatur</span> <span class='ocrx_word' id='word_1_255' title='bbox 1559 2396 1603 2431; x_wconf 83' lang='lat' dir='ltr'>in</span> <span class='ocrx_word' id='word_1_256' title='bbox 1634 2395 1711 2430; x_wconf 80' lang='lat' dir='ltr'>tali</span> <span class='ocrx_word' id='word_1_257' title='bbox 1727 2406 1822 2431; x_wconf 90' lang='lat' dir='ltr'>casu</span> <span class='ocrx_word' id='word_1_258' title='bbox 1840 2406 1908 2442; x_wconf 82' lang='lat' dir='ltr'>ge-</span> 
     </span>
     <span class='ocr_line' id='line_1_32' title="bbox 266 2456 1784 2494; baseline 0.001 -4"><span class='ocrx_word' id='word_1_259' title='bbox 266 2456 419 2491; x_wconf 81' lang='lat' dir='ltr'>neralis</span> <span class='ocrx_word' id='word_1_260' title='bbox 437 2460 530 2491; x_wconf 84' lang='lat' dir='ltr'>ante</span> <span class='ocrx_word' id='word_1_261' title='bbox 555 2457 844 2494; x_wconf 82' lang='lat' dir='ltr'>dimissionem.</span> <span class='ocrx_word' id='word_1_262' title='bbox 1781 2461 1784 2465; x_wconf 83' lang='lat'>&#39;</span> 
     </span>
    </p>
   </div>
   <div class='ocr_carea' id='block_1_8' title="bbox 271 2532 435 2536">
    <p class='ocr_par' dir='ltr' id='par_1_13' title="bbox 271 2532 435 2536">
     <span class='ocr_line' id='line_1_33' title="bbox 271 2532 435 2536; baseline 0 0"><span class='ocrx_word' id='word_1_263' title='bbox 271 2532 435 2536; x_wconf 95' lang='lat' dir='ltr'> </span> 
     </span>
    </p>
   </div>
   <div class='ocr_carea' id='block_1_9' title="bbox 267 2574 1911 3038">
    <p class='ocr_par' dir='ltr' id='par_1_14' title="bbox 341 2574 1310 2622">
     <span class='ocr_line' id='line_1_34' title="bbox 341 2574 1310 2622; baseline 0.004 -12"><span class='ocrx_word' id='word_1_264' title='bbox 341 2576 350 2596; x_wconf 84' lang='lat'>¹</span> <span class='ocrx_word' id='word_1_265' title='bbox 403 2575 622 2611; x_wconf 87' lang='lat' dir='ltr'>Cardinalis</span> <span class='ocrx_word' id='word_1_266' title='bbox 647 2581 890 2622; x_wconf 87' lang='lat' dir='ltr'>augustanus</span> <span class='ocrx_word' id='word_1_267' title='bbox 907 2576 1003 2614; x_wconf 94' lang='lat' dir='ltr'>Otto</span> <span class='ocrx_word' id='word_1_268' title='bbox 1017 2574 1310 2614; x_wconf 83' lang='lat' dir='ltr'>Truchsessius.</span> 
     </span>
    </p>

    <p class='ocr_par' dir='ltr' id='par_1_15' title="bbox 267 2634 1911 2789">
     <span class='ocr_line' id='line_1_35' title="bbox 338 2634 1911 2683; baseline 0.001 -14"><span class='ocrx_word' id='word_1_269' title='bbox 338 2636 352 2656; x_wconf 76' lang='lat'><strong>²</strong></span> <span class='ocrx_word' id='word_1_270' title='bbox 403 2635 446 2670; x_wconf 90' lang='lat' dir='ltr'>P.</span> <span class='ocrx_word' id='word_1_271' title='bbox 468 2635 618 2682; x_wconf 90' lang='lat' dir='ltr'>Gaspar</span> <span class='ocrx_word' id='word_1_272' title='bbox 637 2636 882 2683; x_wconf 86' lang='lat' dir='ltr'>Haywodus,</span> <span class='ocrx_word' id='word_1_273' title='bbox 902 2635 1126 2682; x_wconf 86' lang='lat' dir='ltr'>theologiae</span> <span class='ocrx_word' id='word_1_274' title='bbox 1144 2635 1281 2671; x_wconf 89' lang='lat' dir='ltr'>doctor</span> <span class='ocrx_word' id='word_1_275' title='bbox 1300 2635 1502 2681; x_wconf 88' lang='lat' dir='ltr'>Dilingae.</span> <span class='ocrx_word' id='word_1_276' title='bbox 1529 2634 1591 2674; x_wconf 86' lang='lat' dir='ltr'>Cf.</span> <span class='ocrx_word' id='word_1_277' title='bbox 1616 2635 1744 2683; x_wconf 76' lang='lat' dir='ltr'>Epist.</span> <span class='ocrx_word' id='word_1_278' title='bbox 1763 2636 1813 2673; x_wconf 91' lang='lat' dir='ltr'>P.</span> <span class='ocrx_word' id='word_1_279' title='bbox 1830 2635 1911 2671; x_wconf 84' lang='lat' dir='ltr'>Na-</span> 
     </span>
     <span class='ocr_line' id='line_1_36' title="bbox 267 2694 1907 2743; baseline 0.001 -15"><span class='ocrx_word' id='word_1_280' title='bbox 267 2694 352 2737; x_wconf 83' lang='lat' dir='ltr'>dal,</span> <span class='ocrx_word' id='word_1_281' title='bbox 372 2694 440 2740; x_wconf 92' lang='lat' dir='ltr'>III,</span> <span class='ocrx_word' id='word_1_282' title='bbox 459 2704 543 2740; x_wconf 88' lang='lat'>229,</span> <span class='ocrx_word' id='word_1_283' title='bbox 562 2695 630 2730; x_wconf 90' lang='lat' dir='ltr'>ubi</span> <span class='ocrx_word' id='word_1_284' title='bbox 649 2696 790 2741; x_wconf 87' lang='lat' dir='ltr'>Borgia</span> <span class='ocrx_word' id='word_1_285' title='bbox 805 2696 904 2731; x_wconf 88' lang='lat' dir='ltr'>hane</span> <span class='ocrx_word' id='word_1_286' title='bbox 923 2695 1210 2743; x_wconf 87' lang='lat' dir='ltr'>promotionem</span> <span class='ocrx_word' id='word_1_287' title='bbox 1233 2694 1385 2730; x_wconf 85' lang='lat' dir='ltr'>Natalis</span> <span class='ocrx_word' id='word_1_288' title='bbox 1409 2700 1449 2730; x_wconf 90' lang='lat' dir='ltr'>et</span> <span class='ocrx_word' id='word_1_289' title='bbox 1473 2694 1623 2731; x_wconf 88' lang='lat' dir='ltr'>Canisii</span> <span class='ocrx_word' id='word_1_290' title='bbox 1637 2694 1788 2741; x_wconf 71' lang='lat' dir='ltr'>‘judicio</span> <span class='ocrx_word' id='word_1_291' title='bbox 1805 2705 1907 2731; x_wconf 90' lang='lat' dir='ltr'>com-</span> 
     </span>
     <span class='ocr_line' id='line_1_37' title="bbox 270 2753 402 2789; baseline 0.015 -2"><span class='ocrx_word' id='word_1_292' title='bbox 270 2753 402 2789; x_wconf 83' lang='lat' dir='ltr'>m1ttit.</span> 
     </span>
    </p>

    <p class='ocr_par' dir='ltr' id='par_1_16' title="bbox 272 2813 1909 2978">
     <span class='ocr_line' id='line_1_38' title="bbox 340 2813 1909 2861; baseline 0.001 -14"><span class='ocrx_word' id='word_1_293' title='bbox 340 2813 354 2833; x_wconf 77' lang='lat'><strong>³</strong></span> <span class='ocrx_word' id='word_1_294' title='bbox 406 2814 513 2848; x_wconf 87' lang='lat' dir='ltr'>Haec</span> <span class='ocrx_word' id='word_1_295' title='bbox 531 2814 579 2849; x_wconf 91' lang='lat' dir='ltr'>de</span> <span class='ocrx_word' id='word_1_296' title='bbox 600 2815 641 2850; x_wconf 88' lang='lat' dir='ltr'>P.</span> <span class='ocrx_word' id='word_1_297' title='bbox 663 2814 829 2850; x_wconf 88' lang='lat' dir='ltr'>Martino</span> <span class='ocrx_word' id='word_1_298' title='bbox 848 2814 1107 2851; x_wconf 79' lang='lat' dir='ltr'>Stevordiano</span> <span class='ocrx_word' id='word_1_299' title='bbox 1134 2813 1393 2860; x_wconf 80' lang='lat' dir='ltr'>intelligenda</span> <span class='ocrx_word' id='word_1_300' title='bbox 1419 2813 1620 2860; x_wconf 87' lang='lat' dir='ltr'>videntur,</span> <span class='ocrx_word' id='word_1_301' title='bbox 1643 2825 1692 2849; x_wconf 86' lang='lat' dir='ltr'>ex</span> <span class='ocrx_word' id='word_1_302' title='bbox 1718 2813 1781 2861; x_wconf 91' lang='lat' dir='ltr'>iis,</span> <span class='ocrx_word' id='word_1_303' title='bbox 1809 2825 1909 2861; x_wconf 89' lang='lat' dir='ltr'>quae</span> 
     </span>
     <span class='ocr_line' id='line_1_39' title="bbox 272 2871 1904 2920; baseline 0.002 -15"><span class='ocrx_word' id='word_1_304' title='bbox 272 2871 422 2906; x_wconf 83' lang='lat' dir='ltr'>Natalis</span> <span class='ocrx_word' id='word_1_305' title='bbox 446 2873 612 2918; x_wconf 87' lang='lat' dir='ltr'>Borgiae</span> <span class='ocrx_word' id='word_1_306' title='bbox 640 2873 677 2908; x_wconf 90' lang='lat' dir='ltr'>in</span> <span class='ocrx_word' id='word_1_307' title='bbox 697 2874 864 2920; x_wconf 88' lang='lat' dir='ltr'>epistola</span> <span class='ocrx_word' id='word_1_308' title='bbox 892 2883 935 2919; x_wconf 89' lang='lat'>14</span> <span class='ocrx_word' id='word_1_309' title='bbox 966 2873 1202 2910; x_wconf 86' lang='lat' dir='ltr'>Novembris</span> <span class='ocrx_word' id='word_1_310' title='bbox 1232 2873 1321 2919; x_wconf 84' lang='lat'>1566</span> <span class='ocrx_word' id='word_1_311' title='bbox 1343 2872 1433 2910; x_wconf 89' lang='lat' dir='ltr'>data</span> <span class='ocrx_word' id='word_1_312' title='bbox 1453 2873 1664 2910; x_wconf 87' lang='lat' dir='ltr'>referebat.</span> <span class='ocrx_word' id='word_1_313' title='bbox 1687 2872 1749 2912; x_wconf 83' lang='lat' dir='ltr'>Cf.</span> <span class='ocrx_word' id='word_1_314' title='bbox 1778 2873 1904 2920; x_wconf 79' lang='lat' dir='ltr'>Epist.</span> 
     </span>
     <span class='ocr_line' id='line_1_40' title="bbox 272 2930 793 2978; baseline 0.008 -15"><span class='ocrx_word' id='word_1_315' title='bbox 272 2930 323 2964; x_wconf 86' lang='lat' dir='ltr'>P.</span> <span class='ocrx_word' id='word_1_316' title='bbox 344 2930 493 2972; x_wconf 83' lang='lat' dir='ltr'>Nadal,</span> <span class='ocrx_word' id='word_1_317' title='bbox 515 2931 586 2977; x_wconf 90' lang='lat' dir='ltr'>III,</span> <span class='ocrx_word' id='word_1_318' title='bbox 607 2941 689 2977; x_wconf 89' lang='lat'>292,</span> <span class='ocrx_word' id='word_1_319' title='bbox 711 2931 793 2978; x_wconf 86' lang='lat'>293.</span> 
     </span>
    </p>

    <p class='ocr_par' dir='ltr' id='par_1_17' title="bbox 346 2990 944 3038">
     <span class='ocr_line' id='line_1_41' title="bbox 346 2990 944 3038; baseline 0.012 -16"><span class='ocrx_word' id='word_1_320' title='bbox 346 2991 356 3009; x_wconf 54' lang='lat'>*¹</span> <span class='ocrx_word' id='word_1_321' title='bbox 408 2990 451 3024; x_wconf 90' lang='lat' dir='ltr'>P.</span> <span class='ocrx_word' id='word_1_322' title='bbox 473 2991 702 3028; x_wconf 89' lang='lat' dir='ltr'>Dominicus</span> <span class='ocrx_word' id='word_1_323' title='bbox 722 2992 944 3038; x_wconf 83' lang='lat' dir='ltr'>Menginus.</span> 
     </span>
    </p>
   </div>
   <div class='ocr_carea' id='block_1_10' title="bbox 1968 0 2028 853">
    <p class='ocr_par' dir='ltr' id='par_1_18' title="bbox 1968 0 2028 853">
     <span class='ocr_line' id='line_1_42' title="bbox 1968 0 2028 853; baseline 0 0"><span class='ocrx_word' id='word_1_324' title='bbox 1968 0 2028 853; x_wconf 95' lang='lat' dir='ltr'> </span> 
     </span>
    </p>
   </div>
  </div>
 </body>
</html>
