2028 3426
727 216 1156 253 INSTRUCTIONEs—ol
1639 222 1706 267 567

122 315 176 357 lis
192 317 389 371 Laynez,
404 330 462 359 ne
480 316 626 359 taedio
644 316 911 368 afficiantur,
927 317 1004 372 qui
1021 317 1185 361 docent
1203 317 1249 359 in
1267 318 1488 362 classibus
1508 321 1633 363 latini
1652 312 1751 366 ser-

122 391 284 443 monis,
310 391 348 434 si
371 391 542 435 diutius
563 393 609 435 in
630 392 716 436 illis
739 393 1071 437 contineantur:
1098 400 1146 435 vt
1168 393 1339 437 scilicet
1362 409 1417 436 ex
1446 397 1645 449 nouitiis,
1672 399 1749 453 qui

121 468 398 510 absoluerint
421 468 708 521 nouitiatum,
734 469 993 525 deligantur
1015 469 1091 524 qui
1114 469 1203 512 sint
1226 470 1375 514 idonei
1394 472 1449 513 ad
1474 473 1744 527 docendum,

121 545 190 587 vel
211 543 257 585 in
280 544 499 587 classibus
536 545 868 600 grammatices,
908 546 980 588 vel
1003 546 1049 588 in
1086 546 1229 589 classe
1251 547 1569 589 humaniorum
1599 550 1747 593 litera-

118 635 233 672 rum,
260 616 329 663 <sel
352 620 398 662 in
436 621 578 664 classe
615 621 749 664 etiarn
788 621 1050 674 rhetorices,
1091 629 1139 663 vt
1161 621 1296 664 alicui
1333 622 1511 665 illarum
1535 626 1743 669 classium

115 697 328 752 praesint,
354 705 597 753 antequam
619 699 779 741 studiis
797 699 894 741 aliis
911 700 1020 742 dent
1041 713 1239 754 operam.
1260 699 1294 740 Ii
1313 700 1419 743 item
1438 709 1741 755 assumantur,

113 774 190 827 qui
211 773 360 816 studia
383 775 699 818 humaniorum
721 776 952 819 literarum
975 777 1048 817 vel
1072 776 1322 819 rhetorices
1339 781 1423 822 538
1442 778 1738 832 absoluerint,

111 858 352 905 antequam
390 851 701 907 philosophiae
730 853 837 895 dent
874 867 1077 908 operam;
1119 853 1381 907 praesertim
1412 853 1468 895 ad
1507 853 1741 899 inferiores

110 928 292 979 classes,
318 927 491 971 etiamsi
515 929 570 971 ad
602 928 918 971 humaniorum
956 929 1186 972 literarum
1220 929 1435 973 destinari
1468 930 1656 984 possint.
1685 933 1739 973 Et

110 1011 260 1046 tamen
282 1017 513 1058 nunquam
535 1005 612 1059 qui
634 1004 795 1047 latinas
823 1004 974 1047 literas
997 1005 1042 1047 in
1071 1020 1160 1059 vno
1190 1005 1383 1061 collegio
1406 1005 1664 1058 didicerint,
1692 1008 1737 1050 in

108 1081 268 1124 eodem
292 1081 485 1136 collegio
507 1082 688 1125 easdem
711 1083 918 1125 doceant:
945 1071 1159 1137 poterunt
1183 1083 1226 1124 in
1246 1082 1347 1124 alio.
1369 1084 1567 1125 Rursum
1591 1085 1732 1136 exiis,

109 1156 184 1210 qui
202 1157 351 1199 studia
368 1157 682 1213 philosophiae
700 1158 994 1211 absoluerint,
1016 1159 1072 1200 ad
1090 1158 1372 1214 supradictas
1389 1160 1555 1201 classes
1571 1162 1736 1203 assumi
1756 1206 1759 1210 ,

107 1239 322 1287 poterunt
345 1242 374 1276 a.

194 1311 429 1353 Postremo
448 1325 503 1353 ex
520 1311 605 1363 his,
628 1311 704 1366 qui
728 1313 864 1355 finem
885 1312 1151 1368 theologicis
1175 1312 1485 1355 auditionibus
1510 1315 1731 1366 fecerunt,

104 1386 263 1429 eodem
295 1386 510 1430 destinari
538 1395 768 1443 poterunt,
800 1396 1042 1443 antequam
1072 1388 1118 1430 in
1150 1387 1448 1430 ministerium
1478 1390 1728 1444 mittantur,

103 1462 188 1504 nisi
210 1464 331 1517 quod
352 1478 408 1505 ex
430 1466 590 1506 horum
614 1479 802 1508 numero
825 1465 887 1506 illi
910 1465 1047 1509 eximi
1070 1472 1285 1521 poterunt
1314 1473 1359 1507 et
1381 1467 1629 1519 debebunt,
1656 1469 1732 1522 qui

103 1537 329 1594 insignem
354 1539 547 1595 aliquam
573 1541 770 1584 habeant
796 1542 1057 1585 facultatem
1086 1541 1401 1584 concionandi:
1428 1543 1730 1587 continebun-

101 1622 174 1656 tur
197 1616 371 1658 veroin
392 1617 672 1671 professione
694 1620 854 1660 harum
877 1618 1106 1660 literarum
1130 1620 1186 1661 ad
1208 1633 1436 1660 summum
1460 1632 1488 1672 4
1510 1620 1639 1662 annis
1658 1623 1729 1665 vel

44 1745 47 1749 ¹
101 1691 244 1734 tribus
261 1706 365 1734 cum
382 1693 581 1746 dimidio,
603 1694 689 1736 nisi
706 1694 843 1750 aliqui
860 1694 1044 1746 fuerint,
1061 1709 1252 1750 quorum
1265 1695 1442 1738 animus
1460 1696 1518 1738 sit
1535 1711 1728 1752 propen—
1780 1754 1784 1757 -

100 1782 177 1810 sus
200 1769 256 1811 ad
278 1769 353 1812 illa
374 1771 540 1823 studia,
571 1779 615 1813 et
645 1772 836 1815 libenter
865 1772 910 1814 in
939 1772 1025 1814 illis
1053 1771 1274 1815 classibus
1296 1773 1519 1815 versaturi
1541 1774 1727 1816 videan-

99 1851 171 1887 tur
193 1846 427 1901 prolixius.
455 1849 535 1889 Est
558 1855 707 1892 tamen
732 1849 1186 1892 animaduertendum
1209 1844 1267 1891 ex'
1291 1849 1478 1892 nouitiis
1495 1855 1576 1895 539
1600 1866 1725 1893 assu-

31 1920 33 1923 ’
97 1921 330 1987 mipotius
352 1924 533 1976 debere,
561 1925 637 1979 qui
666 1926 953 1968 inferioribus
977 1926 1196 1968 classibus
1226 1926 1443 1981 praesint,
1476 1942 1531 1969 ex
1559 1928 1723 1982 quibus

0 3382 41 3426 ἔνι-ἵ·
10 3371 12 3375 ·

95 1999 152 2040 ad
174 1999 427 2054 superiores
450 2002 642 2056 gradum
667 2002 845 2048 faciant.
870 2002 1048 2057 Reliqui
1070 2017 1196 2054 vero,
1223 2003 1307 2044 etsi
1329 2003 1538 2046 omnibus
1568 2005 1723 2047 classi—

94 2075 180 2134 bus
201 2075 375 2131 possint
397 2077 596 2132 praefici,
617 2086 767 2122 tamen
785 2078 1067 2134 frequentius
1084 2078 1214 2121 classi
1233 2079 1552 2122 humaniorum
1575 2080 1724 2124 litera-

96 2166 215 2203 rum,
241 2160 316 2194 vet
340 2153 586 2196 rhetorices
607 2154 943 2210 praeficientur,
969 2155 1005 2197 si
1029 2164 1072 2199 et
1091 2157 1306 2198 facultate
1324 2157 1502 2199 valeant
1520 2171 1574 2199 ex
1593 2159 1723 2200 theo-

104 2227 266 2283 logicis
288 2230 345 2271 ad
366 2244 548 2272 cursum
572 2231 734 2273 artium
756 2233 1125 2287 praelegendum.

182 2306 350 2361 Magna
371 2320 475 2348 cum
499 2307 721 2350 modestia
744 2323 793 2352 se
815 2316 977 2364 gerant
1000 2309 1045 2351 in
1068 2308 1451 2364 disputationibus
1480 2310 1635 2361 nostri3
1662 2311 1719 2353 si-

92 2382 187 2423 mul
209 2396 420 2438 magnam
448 2382 694 2427 adhibeant
721 2369 1038 2440 disputationis
1064 2385 1353 2428 viuacitatem
1384 2393 1428 2429 et
1461 2386 1708 2429 veritatem.

91 2459 214 2502 Inter
236 2457 556 2514 disputandum
581 2475 705 2514 vero,
731 2461 928 2505 externis
950 2476 1053 2503 eum
1076 2462 1317 2505 verborum
1346 2463 1564 2506 honorem
1594 2464 1716 2506 defe-

91 2541 206 2586 rent,
231 2535 308 2589 qui
330 2535 416 2578 illis
438 2537 551 2579 solet
573 2537 729 2580 haberi
751 2537 796 2579 in
819 2537 1059 2581 academiis
1081 2538 1386 2593 generalibus,
1415 2546 1591 2580 nostros
1614 2538 1631 2563 '³
1653 2539 1715 2581 ita

90 2612 424 2666 compellandos
451 2619 468 2638 ⁰
504 2613 719 2656 modestis
755 2614 981 2669 epithetis,
1022 2621 1067 2657 et
1089 2629 1205 2670 quae
1243 2614 1477 2670 religiosos
1507 2614 1713 2657 homines

88 2687 296 2740 deceant,
321 2689 546 2732 nouerint.
572 2691 663 2734 Sed
684 2691 740 2733 de
764 2690 834 2733 his
857 2690 1063 2745 superius
1086 2697 1154 2734 est
1176 2690 1345 2732 dictum
1370 2690 1514 2732 fusius
1545 2692 1570 2732 ¹.

157 2833 174 2850 ³
222 2823 370 2859 Ultima
394 2833 414 2869 5
439 2826 558 2860 verba
582 2826 775 2872 posterius
800 2826 946 2862 addita.
1002 2828 1068 2853 -b
1098 2826 1224 2861 nostri
1249 2837 1318 2861 ms.
1372 2835 1434 2851 —c
1462 2826 1707 2871 compellan-

50 2907 52 2909 .
85 2881 130 2915 di
148 2893 220 2916 ms.

155 3006 165 3026 ¹
217 3007 277 3044 Cf,
297 3007 556 3044 Monumenta
575 3010 871 3058 Paedagogica,
893 3021 1008 3055 pagg.
1033 3010 1197 3055 116-119.
