2028 3426
490 266 763 302 MONUMENTA
789 273 1044 302 PRovmcmE
1070 265 1380 311 AUSTRIAE—47
1636 277 1702 314 275

115 365 317 417 fessarii,
360 365 530 407 habent
566 381 591 408 a
632 369 764 409 Patre
802 366 1002 423 generali
1040 374 1084 409 et
1130 367 1438 410 commissario
1483 369 1745 412 facultatem

114 441 336 495 omnium,
369 443 636 486 absoluendi
666 458 717 486 ac
746 443 879 486 etiam
908 443 1197 499 dispensandi
1235 458 1337 486 cum
1366 444 1578 496 externis,
1611 460 1744 500 quam

110 534 173 562 ex
196 519 331 561 bullis
353 519 519 561 nostris
541 520 777 573 habemus,
805 522 877 564 uel
900 521 1032 565 etiam
1051 536 1106 564 ex
1127 520 1474 576 particularibus
1493 523 1746 565 concessio-

115 595 266 646 nibus,
294 595 354 638 ita
378 603 528 639 tamen
551 603 601 638 ut
622 598 817 652 pendeat
834 597 908 640 illa
926 597 1170 640 auctoritas
1186 612 1242 640 ex
1259 597 1443 640 arbitrio
1461 598 1741 653 superiorum

108 671 442 724 .suorum,·siue
465 672 622 724 uelint,
651 680 699 714 ut
722 673 795 716 illa
818 674 1058 717 autoritate
1081 689 1171 716 non
1194 682 1395 726 utantur,
1423 674 1519 717 siue
1548 675 1593 717 in
1616 683 1742 731 parte

107 749 261 791 ‚solum
280 756 481 802 utantur3
504 750 625 804 quod
647 750 1009 794 animaduertant
1026 751 1294 806 superiores,
1317 766 1421 793 cum
1442 751 1741 795 confessarios

105 825 373 881 designant.
398 827 616 869 Rectores
639 841 748 869 uero
776 827 861 882 ipsi
890 828 1092 870 eamdem
1124 828 1381 871 facultatem
1411 829 1662 893 habebunt,
1695 836 1739 873 et

111 909 341 957 praeterea
359 903 649 958 dispensandi
667 917 770 945 cum
797 904 1006 946 Patribus
1024 919 1076 947 ac
1102 904 1312 947 fratribus
1336 904 1381 947 in
1403 904 1633 962 ieiuni[i]s‚
1655 907 1737 948 ho—

109 978 170 1021 ris
188 980 418 1031 canendis,
434 987 541 1031 etc.,
557 979 601 1021 in
620 980 920 1022 celebratione
939 988 1041 1023 ante
1058 982 1221 1032 lucem,
1236 989 1335 1036 post
1354 981 1601 1034 meridiem,
1624 989 1730 1034 etc.,

102 1055 266 1098 eadem
296 1055 578 1107 condicione,
614 1063 664 1098 ut
701 1056 988 1111 prouincialis
1018 1058 1158 1112 possit
1190 1057 1307 1100 illam
1341 1059 1628 1102 autoritatem
1665 1060 1734 1102 uel

109 1133 402 1186 suspendere,
428 1133 500 1176 uel
524 1139 790 1187 temperare.
816 1133 1074 1175 Facultates
1094 1149 1200 1177 uero
1218 1133 1529 1189 intelligentur
1546 1150 1601 1179 ex
1619 1150 1732 1190 quo—

98 1209 208 1250 dam
238 1208 534 1262 quaternione
566 1208 770 1264 antiquo,
797 1209 874 1264 qui
902 1216 970 1253 est
997 1209 1042 1251 in
1081 1210 1289 1266 collegio,
1322 1225 1411 1265 quo
1444 1211 1733 1255 continentur

98 1284 426 1329 concessiones
445 1293 490 1327 et
508 1286 761 1338 facultates,
783 1286 947 1341 quibus
965 1286 1029 1328 uti
1047 1293 1193 1341 potest
1209 1287 1414 1330 Societas
1432 1287 1475 1330 in
1494 1288 1563 1331 his
1577 1289 1727 1331 rebus.

190 1361 380 1417 Regulis
402 1362 669 1415 officiorum,
697 1377 809 1417 quas
836 1377 891 1405 ex
920 1364 1043 1407 Urbe
1071 1364 1344 1419 accepimus,
1377 1372 1562 1407 utentur
1592 1380 1730 1421 supe-

95 1437 243 1481 riores
266 1445 311 1481 et
339 1438 694 1482 comunicabunt
725 1454 894 1495 magno
927 1454 1030 1482 cum
1059 1439 1241 1492 iudicio,
1274 1455 1378 1482 nam
1416 1442 1558 1484 multa
1595 1449 1730 1485 erunt

99 1514 304 1558 fortassis
327 1514 373 1557 in
395 1514 498 1568 illis,
531 1530 647 1570 quae
675 1517 827 1559 futura
854 1516 1033 1572 propria
1062 1516 1256 1572 collegio
1285 1532 1470 1560 romano
1503 1502 1722 1561 uel‘domi

97 1605 327 1645 romanae;
354 1592 477 1635 Patri
507 1608 612 1636 uero
641 1593 789 1637 Natali
819 1608 910 1636 non
937 1593 1063 1636 licuit
1091 1609 1170 1649 per
1200 1594 1523 1649 occupationes
1554 1595 1610 1639 de
1640 1595 1726 1637 illis

93 1667 315 1712 iudicium
339 1671 472 1714 ferre.

189 1746 583 1800 Quemadmodum
605 1754 674 1790 est
696 1746 742 1789 in
764 1747 959 1803 scriptis,
985 1747 1238 1803 superiores
1261 1747 1445 1791 audient
1476 1747 1724 1790 confessio-

90 1837 173 1865 nes
196 1824 433 1878 generales
454 1832 711 1876 semestres3
737 1831 797 1876 et,
824 1824 1203 1879 quemadmodum
1228 1823 1319 1866 dixi
1348 1824 1633 1879 prouinciali,
1659 1815 1721 1867 ita

92 1900 170 1942 fiet
207 1899 456 1951 distinctio,
498 1908 550 1942 ut
585 1900 777 1958 singulis
815 1900 943 1943 annis
986 1902 1125 1944 altera
1170 1900 1464 1944 r'enouatione
1509 1908 1717 1944 uotorum

84 1975 244 2018 audiat
267 1976 573 2031 prouincialis,
600 1978 740 2022 altera
762 1984 925 2021 rector.

178 2052 226 2096 Si
249 2053 357 2108 quid
378 2055 576 2096 habeant
597 2054 875 2098 difficultatis
896 2054 941 2097 in
965 2056 1100 2099 rebus
1128 2054 1222 2097 suis
1251 2054 1441 2110 agendis
1474 2056 1548 2099 uel
1577 2070 1716 2111 pecu-

89 2128 176 2171 niis
197 2129 449 2185 exigendis,
471 2138 619 2175 rector
636 2131 942 2186 collegialium
957 2132 1031 2175 uel
1048 2131 1372 2174 comensalium
1391 2131 1501 2173 illud
1521 2133 1719 2176 referant

82 2206 144 2248 ad
169 2212 392 2250 rectorem
415 2207 594 2263 collegii
616 2207 775 2250 nostri.
804 2209 867 2251 Ea
888 2208 964 2252 ille
989 2215 1140 2252 utetur
1167 2223 1303 2263 opera
1334 2210 1385 2250 Ρ.
1419 2208 1649 2253 Victoriae
1673 2216 1718 2253 et

80 2296 141 2324 eo
170 2291 476 2338 procuratore,
509 2298 643 2338 quem
672 2293 779 2327 sunt
807 2284 1019 2327 habituri.
1055 2286 1211 2341 ltaque
1239 2284 1350 2326 nihil
1379 2285 1478 2337 erit,
1511 2286 1631 2340 quod
1654 2285 1715 2327 illi

88 2365 286 2403 rectores
308 2367 447 2415 agant
470 2374 574 2403 cum
599 2362 803 2414 Occhoa3
829 2376 932 2404 cum
958 2364 1010 2404 Ρ.
1041 2361 1258 2415 Victoria,
1284 2361 1321 2404 si
1350 2361 1513 2405 rectori
1544 2360 1719 2404 uidebi-‘

81 2442 174 2487 tur,
200 2443 415 2491 poterunt
438 2451 572 2493 agere
595 2437 835 2493 aliquando
865 2431 939 2480 ¹..s

172 2512 289 2554 Cum
327 2520 461 2556 erunt
497 2513 737 2569 impraessa
771 2514 1018 2570 spiritualia
1051 2514 1286 2567 exercitia,
1322 2514 1453 2557 inibit
1486 2514 1704 2558 rationem

77 2594 231 2631 rector
252 2602 551 2644 expensarum
575 2591 791 2643 omnium,
818 2606 929 2646 quas
948 2591 1105 2634 fecerit
1123 2591 1365 2647 collegium
1384 2591 1431 2633 in
1447 2590 1709 2646 imprimen-

76 2663 151 2705 dis
169 2664 410 2717 exercitiis,
430 2673 745 2722 praeterquam
762 2668 883 2722 quod
901 2674 1155 2710 nostrorum
1176 2668 1380 2717 fratrum,
1401 2667 1477 2721 qui
1496 2667 1708 2709 iuuerunt

72 2738 461 2795 ‘impraessionem,
488 2757 578 2785 non
601 2744 879 2799 computabit
902 2758 1120 2799 expensas
1147 2742 1308 2785 uictus.
1338 2744 1467 2785 Hanc
1487 2741 1704 2785 rationem

72 2815 224 2859 mittat
247 2818 303 2859 ad
327 2819 506 2860 Patrem
535 2820 807 2874 generalem,
833 2834 937 2862 cum
971 2818 1164 2875 primum
1197 2818 1402 2861 confecta
1434 2817 1583 2861 fuerit.
1614 2817 1704 2860 Sed

71 2906 199 2935 nunc
221 2893 365 2948 primo
388 2908 568 2949 quoque
591 2902 791 2951 tempore
813 2895 981 2938 scribat
1010 2897 1065 2937 ad
1096 2896 1275 2937 Patrem
1306 2894 1562 2949 generalem
1593 2892 1701 2948 quid

148 2998 157 3017 ¹
208 2998 268 3032 De
286 2999 454 3042 negotiis
479 2999 580 3035 inter
598 3001 810 3036 Victoriam
835 3007 874 3036 et
897 3000 1070 3037 Ochoam
1090 3000 1217 3046 aliqua
1242 2999 1486 3044 attinguntur
1512 2999 1551 3033 in
1572 2999 1701 3044 Epist.

77 3056 127 3091 P.
140 3052 303 3099 'Nadah
323 3058 367 3103 11,
389 3059 558 3102 474-476.
