2028 3426
400 223 469 269 436
555 232 558 234 ·
872 224 1026 258 PATms
1053 223 1297 259 Hissnonvmr
1323 222 1474 259 NADAL

445 326 589 377 Haec,
616 340 783 381 quae
757 324 984 368 veneralia
1007 331 1129 377 sunt,
1155 324 1287 368 simul
1310 332 1354 368 et
1377 339 1494 380 quae
1510 333 1765 382 sequuntur
1786 327 1974 382 particu

358 402 488 455 laria,
513 402 694 445 docebit
718 417 799 445 nos
821 403 963 453 Deus,
989 401 1026 444 si
1050 400 1223 457 gratiae
1244 401 1385 457 ipsius
1408 402 1638 457 cooperari
1661 402 1864 447 velimus.
1962 326 2007 480 ζ

446 480 618 523 Blande
642 481 852 533 loquatur
874 478 1078 534 superior
1100 487 1144 522 et
1168 478 1384 523 suauiter.
1950 457 2007 521 41

443 557 614 600 Sereno
638 555 859 610 hilarique
882 556 1027 597 vultu.
1967 542 2006 610 ’133

445 633 517 677 176
553 634 667 676 Cum
693 632 924 675 charitatis
941 632 1286 688 significatione.
1968 620 2005 699 (l

443 712 544 753 Non
569 711 845 766 praeseferat
868 710 1047 766 culpam
1071 709 1327 753 meminisse
1348 708 1562 768 P[atrum]
1589 725 1641 754 ac
1666 709 1699 770 f[
1704 712 1933 772 ratrum]v
1937 685 2006 771 bir¹i

353 801 455 829 cum
481 787 566 829 illis
589 786 699 843 agit
727 788 806 830 sed
830 786 979 842 potius
1002 786 1121 830 illam
1144 795 1333 831 excuset
1356 795 1400 830 et
1423 787 1612 838 minuat
1639 789 1675 831 si
1687 709 1795 832 [fieri
1823 774 1991 845 possit?

1967 437 1982 480 <x

444 866 478 906 E
482 879 608 906 arum
636 879 802 916 rerum,
829 879 945 920 quae
974 864 1017 906 in
1049 864 1158 921 ipsis
1189 865 1362 908 laudari
1394 874 1600 922 possunt,
1636 867 1895 911 memoriam
1933 881 2003 915 ser<

355 949 509 985 tenere
533 941 773 997 significet.

442 1020 510 1061 Ne
534 1034 588 1061 ex
613 1018 802 1074 imperio
826 1019 1087 1075 praecipiat,
1113 1020 1192 1064 sed
1216 1035 1270 1064 ex
1299 1020 1598 1077 benignitate,
1632 1021 1886 1076 tranquille,
1912 1021 1984 1081 <ii-4

352 1103 472 1139 serte
498 1103 648 1139 tamen
672 1103 717 1138 et
740 1102 909 1152 aperte,
936 1103 985 1139 vt
1007 1096 1043 1140 si
1066 1097 1202 1140 dicat:
1977 1155 1981 1158 ι

440 1172 598 1215 Facias
622 1175 722 1215 hoc.
750 1173 910 1216 Facias
933 1175 1020 1217 hoc
1044 1175 1197 1227 frater,
1222 1176 1294 1218 vel
1318 1177 1470 1220 Pater.
1495 1177 1673 1218 Bonum
1698 1175 1797 1227 erit,
1829 1175 1866 1218 si
1894 1166 1986 1235 hot}>

348 1249 523 1293 feceris.
548 1251 650 1292 Hoc
673 1249 811 1292 facias
834 1265 984 1293 amore
1008 1250 1108 1296 Dei.
1131 1252 1471 1307 Nonnunquam
1491 1251 1642 1295 etiam:
1670 1266 1797 1308 rogo,
1818 1259 1866 1294 vt
1889 1254 1978 1296 hoc

349 1327 504 1371 facias.
531 1328 633 1369 Non
657 1326 791 1369 dicet:
819 1329 984 1370 mando
1007 1329 1077 1371 vel
1102 1328 1344 1384 praecipi03
1371 1329 1514 1372 multo
1538 1329 1703 1372 minus:
1726 1331 1889 1372 mando
1907 1319 1989 1374 vel

348 1403 576 1459 praecipio
598 1403 643 1445 in
667 1403 835 1446 virtute
857 1412 1042 1448 sanctae
1065 1405 1366 1459 obedientiae,
1391 1406 1464 1448 vel
1492 1405 1538 1448 in
1568 1405 1749 1450 nomine
1778 1406 1973 1462 Domini,

347 1482 447 1523 Hoc
478 1488 626 1525 tamen
656 1481 806 1526 dicere
836 1482 1000 1537 poterit
1027 1483 1277 1536 dumtaxat,
1303 1482 1339 1525 si
1369 1483 1430 1526 ita
1458 1482 1672 1537 iubendo,
1700 1483 1880 1540 insigne
1904 1499 1980 1540 pez·-

348 1557 539 1600 riculum
565 1560 636 1602 vel
659 1560 872 1602 damnum
896 1559 1027 1602 vitari
1050 1559 1179 1603 aliter
1200 1574 1292 1602 non
1313 1568 1481 1616 posset.
1994 1610 1995 1614 Ἰ

436 1636 508 1679 177
543 1636 787 1687 Omnibus,
813 1636 889 1691 qui
913 1644 1019 1679 sunt
1042 1638 1126 1680 sub
1150 1637 1247 1681 eius
1269 1638 1616 1693 gubernatione,
1643 1638 1718 1681 vbi
1736 1638 1820 1694 ipsi
1843 1645 1982 1695 caput*

353 1713 570 1768 aperient,
598 1713 693 1769 ipse
715 1713 822 1757 item
845 1713 1031 1769 aperiet,
1057 1715 1135 1758 sed
1159 1714 1309 1757 statim
1334 1722 1474 1770 teget.

436 1791 537 1832 Non
564 1790 793 1845 permittat
817 1799 972 1847 aperto
995 1791 1143 1847 capite
1166 1798 1272 1834 ante
1289 1807 1338 1836 se
1361 1791 1609 1836 consistere
1635 1793 1794 1835 Patres
1815 1799 1860 1835 et
1886 1767 1978 1837 fra-

345 1875 457 1919 tres3
491 1868 571 1911 sed
601 1875 751 1911 tamen
781 1883 901 1910 nunc
931 1868 1085 1920 citius,
1111 1883 1233 1912 nunc
1267 1883 1358 1911 non
1387 1868 1448 1912 ita
1476 1869 1582 1922 cito,
1614 1869 1768 1912 iubeat
1798 1878 1975 1925 tegere,

347 1958 428 1999 pro
452 1959 745 1999 personarum
772 1946 843 1987 vel
866 1960 1015 1988 rerum
1039 1945 1282 2001 exigentia.

436 2021 505 2065 Sit
528 2035 636 2064 vero
660 2023 1005 2077 praescriptum
1032 2030 1079 2064 vt
1102 2024 1322 2067 abeuntes
1344 2038 1399 2067 ex
1430 2023 1667 2078 colloquiis
1696 2023 1989 2079 superiorumi

352 2097 554 2153 aperiant
578 2106 730 2154 caput,
757 2107 865 2142 tunc
890 2106 1037 2142 tamen
1064 2114 1298 2144 necessum
1322 2114 1415 2143 non
1444 2100 1528 2143 erit
1556 2100 1812 2156 superiores
1840 2103 1987 2157 capul-i

346 2175 536 2230 aperire.
1958 2176 1963 2188 '

439 2253 746 2296 Subministro
769 2255 1027 2297 sacerdotes
1051 2262 1187 2310 caput
1210 2268 1299 2297 non
1329 2255 1545 2310 aperiant,
1577 2256 1656 2298 sed
1686 2254 1834 2310 potius
1866 2255 1985 2297 subs-

348 2328 553 2373 minister
576 2330 902 2382 sacerdotibus,
924 2332 1045 2385 quod
1069 2345 1206 2386 quum
1229 2331 1408 2383 facient,
1431 2339 1538 2374 tunc
1561 2331 1694 2375 etiam
1718 2332 1924 2374 sacerdot

346 2405 566 2462 aperient.

435 2484 502 2526 Ne
527 2483 582 2525 sit
607 2497 825 2538 praeceps
847 2483 891 2525 in
916 2485 1141 2538 loquendo
1164 2484 1370 2540 superior
1392 2485 1464 2528 vel
1487 2484 1616 2537 leuis,
1643 2485 1722 2527 sed
1741 2472 1975 2546 moderate*
2026 2485 2028 2488 ’

343 2559 514 2615 grauis.

436 2635 505 2680 Sit
529 2636 626 2680 eius
652 2636 817 2693 agendi
847 2635 960 2678 ratio
991 2636 1147 2687 facilis,
1178 2638 1313 2689 clara,
1348 2637 1562 2689 iucunda,
1594 2638 1726 2693 plana
1756 2651 1808 2680 ac
1842 2635 1979 2690 fami&¹

344 2712 479 2755 liaris.

434 2789 607 2833 Audiat
630 2804 732 2832 cum
757 2789 1106 2834 mansuetudine
1129 2798 1315 2833 attente.

434 2867 663 2922 Intelligat
685 2875 911 2911 accurate.

429 2943 503 2987 Nil
529 2952 696 2988 temere
718 2952 762 2988 et
786 2958 1082 3000 praepropere
1106 2944 1391 2998 respondeat.
1420 2943 1491 2989 178
1516 2944 1571 2986 Et
1595 2952 1746 2988 tamen
1768 2943 1814 2987 in
1833 2945 1967 2988 rebus
2025 2933 2028 2947 ¹

339 3021 545 3064 facilibus
568 3021 659 3064 cito
684 3022 968 3077 respondeat.
1947 3015 1952 3026 ⁸
