2028 3426
594 293 868 330 MONUMENTA
893 295 1132 330 ITALIAE—2
1585 312 1630 345 90

58 395 188 438 etitas
208 403 226 419 ³
247 409 328 437 sua
345 394 620 450 significauit
641 395 773 438 nobis
790 409 869 450 per
885 402 1186 450 protectorem
1205 411 1253 439 se
1277 397 1393 440 uelle
1417 400 1675 445 examinare

22 491 26 494 ·
60 486 127 514 res
148 477 337 513 nostras:
364 470 481 514 idem
500 478 545 514 et
566 471 714 514 innuit
737 473 857 514 R.¹¹¹¹¹S
880 472 1139 516 Traniensis
1168 475 1193 516 ¹.

145 559 185 598 2,
212 554 257 589 et
278 561 369 588 non
397 547 619 602 permitet,
652 549 772 603 quod
801 548 1059 604 suspicabat
1081 565 1218 594 nosce
1246 553 1568 607 exploratores,
1604 554 1675 595 his

58 623 332 678 ⁷temporibus
355 623 562 676 maxime,
587 624 752 678 quibus
774 625 989 672 sanctitas
1018 641 1099 669 sua
1127 627 1403 683 significauit
1425 644 1506 671 sua
1530 644 1675 685 nego—

60 699 133 752 tia,
159 706 208 742 ut
231 701 408 754 Laynes
429 707 474 742 et
497 700 730 743 Bobadilla
752 702 784 744 ⁴².

145 789 186 830 3,
217 776 337 830 quod
368 791 458 818 non
487 777 688 831 permisit
717 777 928 833 hispanos
957 779 1021 822 ire
1049 781 1105 822 ad
1135 780 1393 835 Hispanias,
1426 783 1506 824 sed
1535 782 1676 825 iratus

59 852 256 909 pontifex
278 852 390 894 dixit
411 853 512 896 illis:
535 854 671 896 uultis
689 869 745 896 ne
763 855 947 899 obedire
964 857 1174 899 mandato
1197 857 1354 913 iniquo
1373 859 1493 914 regis
1517 859 1672 909 uestri,

57 936 102 972 et
129 929 270 971 addit:
307 931 449 972 «Nolo
479 938 528 972 ut
558 932 730 973 romani
762 932 1072 986 despondeant
1095 948 1218 989 spem
1257 935 1380 989 pacis
1418 942 1568 978 uestra
1602 937 1675 978 ab·

56 1005 240 1050 sentia.»

141 1095 184 1136 4,
215 1084 336 1137 quod
380 1085 558 1138 Laynes
590 1092 635 1127 et
669 1100 757 1141 ego
795 1086 1014 1129 habemus
1045 1102 1279 1142 expresam
1315 1088 1615 1132 obedientiam
1651 1105 1675 1132 a

60 1160 109 1203 S.
133 1158 181 1201 S,
202 1173 259 1202 ne
281 1159 600 1215 di[s]eedamus
621 1162 676 1203 ab
697 1163 820 1205 Urbe
842 1162 938 1205 sine
956 1178 1038 1205 sua
1061 1163 1259 1216 lieentia,
1282 1179 1365 1208 nee
1389 1165 1604 1220 permisit,
1626 1177 1676 1207 ut

51 1249 143 1291 ego
163 1235 271 1278 irem
291 1237 347 1278 ad
371 1235 643 1279 uisitandum
669 1240 871 1281 Montem
895 1240 1174 1291 Flaseonem,
1203 1241 1287 1284 etsi
1310 1241 1530 1285 instanter
1548 1243 1676 1298 petiit

32 1356 35 1361 x
60 1313 110 1366 R.
116 1320 147 1337 ²¹⁵
169 1313 458 1356 Saracenus
445 1314 458 1334 ³

45 1445 62 1450 λ
144 1399 184 1442 5.
211 1390 315 1432 Non
344 1347 525 1445 expedit
553 1398 598 1432 et
628 1390 692 1433 ire
719 1400 900 1447 propter
924 1394 1136 1449 temporis
1159 1394 1458 1449 incommoda,
1485 1395 1672 1447 seilicet,
1686 1445 1687 1448 Ἴ

57 1461 270 1509 bellorum
294 1465 506 1521 pericula,
532 1467 666 1511 maris
690 1476 735 1512 et
759 1475 917 1522 terrae,
944 1471 1083 1526 longa
1104 1465 1428 1527 peregrinatio,
1460 1479 1594 1525 estas;
1627 1482 1672 1516 et

38 1541 251 1585 'timenda
272 1551 391 1586 esset
413 1543 647 1586 infirmitas
670 1546 742 1587 uel
764 1532 1018 1601 captiuitas,
1040 1548 1240 1591 absentia
1265 1549 1563 1604 collegiorum
1583 1556 1671 1591 tam

58 1618 296 1661 multorum
320 1634 567 1675 regnorum
590 1619 622 1672 b,
649 1635 782 1675 quam
806 1622 898 1677 pati
920 1637 1012 1665 non
1035 1631 1239 1678 possunt;
1268 1633 1318 1666 ut
1346 1625 1435 1667 sint
1463 1626 1675 1669 absentes

37 1695 218 1750 'profesi
240 1695 285 1737 in
307 1696 448 1748 Italia,
474 1697 621 1749 Galia,
648 1705 692 1741 et
714 1699 975 1742 Germania.

140 1772 182 1823 6,
208 1773 328 1826 quod
356 1787 438 1815 nee
466 1773 633 1816 seimus
656 1782 671 1799 0
700 1774 834 1828 uiam,
861 1783 906 1819 et
934 1776 1125 1819 reditum
1148 1776 1166 1802 d
1189 1777 1466 1833 ignoramus,
1492 1778 1529 1820 si
1558 1779 1674 1822 bella

2 1847 5 1861 ²
38 1835 293 1904 ..persistant
321 1858 352 1901 e,
384 1857 429 1893 et
457 1851 644 1893 dubium
674 1852 710 1894 si
737 1853 960 1907 generalis
989 1861 1107 1896 esset
1136 1854 1181 1896 in
1215 1855 1450 1910 Hispania,
1477 1855 1513 1897 si
1538 1856 1674 1897 uellet

2 1929 5 1934 “
57 1922 116 1966 ibi
136 1939 398 1980 permanere
420 1934 465 1969 et
486 1942 577 1970 non
602 1930 758 1981 Rome,
785 1929 861 1970 ubi
884 1931 1019 1974 debet
1041 1945 1140 1974 esse
1162 1932 1292 1975 sedes
1315 1931 1509 1986 propria.

143 2012 184 2054 7,
210 2003 330 2057 quod
354 2003 569 2047 faciemus
592 2020 673 2047 nos
695 2005 874 2048 odiosos
902 2007 998 2049 aliis
1026 2007 1300 2059 nationibus,
1337 2016 1384 2050 ut
1411 2008 1555 2064 ispani
1586 2016 1675 2052 tra—

3 2099 7 2117 ·.
59 2077 166 2121 hant
182 2092 336 2123 omnes
361 2080 564 2124 nationes
582 2082 637 2124 ad
656 2082 913 2137 Hispanias,
940 2084 1172 2138 presertim
1196 2098 1300 2126 eum
1325 2100 1481 2127 sumus
1503 2086 1671 2140 plures,

55 2161 98 2197 et
118 2153 132 2179 f
148 2155 271 2198 Italia
293 2163 361 2199 est
383 2157 508 2199 locus
531 2158 753 2210 comunis,
779 2173 862 2201 nee
885 2161 1013 2203 decet
1042 2170 1092 2203 ut
1114 2170 1249 2217 caput
1271 2169 1343 2205 eat
1366 2163 1421 2204 ad
1444 2164 1598 2217 pedes.

122 2313 138 2330 a
184 2306 268 2338 etas
290 2315 365 2338 ms.
421 2306 486 2332 —b
513 2305 591 2349 Sic3
607 2308 828 2341 rectorum?
876 2317 941 2335 —0
965 2309 1089 2343 simus
1104 2321 1174 2344 ms.
1227 2311 1292 2337 —d
1317 2305 1493 2345 reditam‘
1507 2322 1578 2346 ms.
1632 2332 1673 2335 —

2 2385 8 2398 2
56 2368 71 2386 ὃ
92 2360 307 2403 ρνοςὶείαηί
326 2373 396 2398 ms.
450 2364 510 2389 —f
532 2366 574 2398 ut
592 2375 663 2398 ms.

7 2534 9 2545 Ι
62 2503 64 2506 ·
125 2496 132 2515 ¹
184 2497 355 2542 Joannes
375 2498 636 2534 Bernardinus
656 2500 794 2534 Scotus
819 2500 992 2547 (Scotti),
1013 2501 1061 2538 O.
1089 2502 1382 2550 Theatinorum,
1402 2505 1594 2540 tranensis
1619 2517 1670 2539 ar

54 2553 320 2601 chiepiscopus
339 2562 378 2590 et
395 2557 615 2592 cardinalis.

2 2603 10 2665 fl
70 2615 71 2619 ’
122 2613 135 2634 ²
183 2613 227 2648 Id
244 2620 318 2658 est,
339 2626 415 2650 non
441 2616 718 2661 permissurum
738 2629 931 2653 summum
950 2619 1171 2665 pontificem
1190 2621 1373 2667 hispanos
1392 2623 1584 2668 homines,
1608 2623 1672 2657 im*

5 2702 10 2710 ,
51 2670 225 2707 ’,ωίῐιθηῒε
244 2673 363 2719 bello,
382 2674 485 2720 quod
503 2675 678 2720 proximo
706 2676 929 2722 Septembri
947 2684 1172 2725 susceptum
1191 2679 1265 2715 fuit
1282 2681 1332 2715 ab
1349 2681 1521 2727 hispanis
1540 2688 1673 2716 contra

7 2726 11 2768 Ϊ
38 2727 216 2765 ·.Pau1um
233 2731 301 2775 IV,
322 2737 558 2768 transmeare
577 2735 698 2769 Roma
717 2734 756 2770 in
774 2736 1018 2782 Hispaniam,
1038 2738 1117 2784 ubi,
1139 2739 1250 2785 quasi
1269 2741 1547 2786 exploratores,
1569 2752 1630 2775 res
1654 2753 1674 2774 a

59 2788 236 2833 pontifice
260 2796 394 2825 contra
420 2792 639 2838 Philippum
663 2800 796 2839 gestas
821 2797 995 2830 revelare
1019 2802 1211 2842 poterant.
1232 2797 1293 2833 Cf.
1314 2799 1489 2833 PETRUM
1514 2799 1671 2845 NOREs‚

9 2839 11 2843 ⁸
58 2845 192 2882 Storia
218 2849 325 2883 della
344 2861 502 2896 guerra
526 2851 569 2886 di
593 2853 720 2888 Paolo
739 2852 802 2887 IV
823 2865 972 2889 sommo
986 2856 1179 2902 pontefice
1198 2860 1334 2892 contro
1353 2858 1419 2903 gli
1441 2859 1674 2904 spagnzcoli,
1689 2867 1694 2872 ’

3 2906 10 2947 ’ζ
57 2905 95 2941 in
111 2908 298 2945 Arclzivio
327 2912 469 2946 storico
499 2911 685 2954 italiwzo,
715 2913 793 2947 vol.
814 2913 901 2958 XII,
924 2914 1144 2949 Florentiae
1167 2916 1269 2960 18473
1293 2923 1333 2951 et
1351 2918 1486 2953 L1NUM
1507 2919 1670 2962 MUNOZ,

7 2971 10 3001 1
61 2963 215 3002 Guerra
232 2969 278 3004 de
298 2982 349 3004 zm
368 2982 446 3004 ano
463 2969 574 3005 enz‘re
592 2971 627 3005 el
647 2971 762 3017 Papa
783 2972 913 3006 Paulo
932 2973 1030 3019 IVy
1044 2974 1178 3020 Felipe
1197 2975 1321 3014 JIrev
1339 2977 1385 3010 de
1401 2977 1578 3022 Espczfia,
1596 2977 1669 3010 Ma-

5 3024 9 3055 21
55 3016 287 3072 drid‚1869

7 3079 9 3084 ¹
82 3094 88 3098 ·
126 3085 139 3104 ³
187 3085 400 3122 Saracenas
420 3087 630 3133 (Saraceni,
651 3088 883 3140 Sarracino),
904 3091 1073 3135 Joannes
1093 3092 1268 3136 Michae'I,
1290 3093 1512 3128 cardinalis.
