2028 3426
691 274 868 309 NOT1T1A
895 282 1083 310 comeum
1607 283 1646 317 17

14 391 16 395 ’
75 383 253 417 mentum
291 377 532 414 continetur.
568 376 667 415 Inc.:
704 386 765 415 «Ι.
800 375 961 424 Cogitet
994 387 1041 412 ac
1068 380 1204 423 speret
1238 376 1277 412 in
1311 375 1551 412 Domino...»
1584 376 1691 412 Des:

78 450 162 488 «8...
183 453 228 486 ut
252 448 362 485 solus
390 459 480 484 eam
500 447 649 484 debeat
678 452 974 496 agere.»—3.¹1³
998 436 1129 483 }‹Vsus
1151 446 1271 483 officii
1298 447 1500 482 ministri.»
1530 446 1693 493 Septem

74 520 231 570 regulas
251 519 411 556 duabus
431 519 470 555 in
491 519 648 567 paginis
669 518 804 564 habet,
830 529 995 565 prorsus
1016 518 1196 554 diversas
1218 517 1268 553 ab
1296 517 1355 562 iis,
1377 528 1482 563 quae
1508 518 1547 552 in
1577 517 1692 552 Insti-

72 597 157 630 tuto
183 591 222 628 S.
238 590 271 638 J.
297 590 561 637 reperiuntur.
589 589 684 626 Inc.:
709 589 761 626 «Ι.
783 589 964 625 Minister
985 589 1083 625 sciat
1110 600 1154 624 se
1174 599 1265 624 esse
1286 588 1595 624 instrumentum
1621 588 1692 622 im-

73 662 292 700 mediatum
310 661 540 697 rectoris...»
563 660 672 697 Des:
698 660 1025 697 «...referendum
1045 659 1096 695 ad
1118 659 1380 706 superiorem,
1397 658 1436 694 id
1458 658 1582 694 libere
1603 663 1693 705 pot-

74 737 222 771 erunt.»
234 737 358 778 ——4118
383 731 513 768 «Vsus
541 731 662 768 officii
689 730 973 768 subministri.»
1012 740 1058 767 10
1083 730 1243 779 regulas
1270 730 1310 766 in
1345 729 1504 765 duabus
1538 729 1695 777 paginis

74 803 389 852 comprehendit.
423 802 517 840 Inc.:
549 802 602 839 «I.
636 801 903 839 Subminister
936 807 1151 849 propterea
1185 806 1308 837 est...»
1341 800 1450 836 Des:
1488 809 1601 837 «10...
1637 800 1695 835 di-

74 880 181 913 ctum
200 874 239 910 in
259 874 345 910 eius
366 873 538 910 officio.»
562 873 829 910 Undecimam
848 873 1029 922 regulam
1049 872 1262 909 addiderat
1287 872 1447 919 propria
1469 882 1591 907 manu
1612 870 1694 906 Na-

73 946 173 991 talis,
193 944 264 981 sed
280 950 424 992 postea
445 956 534 981 eam
555 943 717 984 delevit.
741 944 832 980 Hae
852 944 1015 992 regulae
1037 955 1191 988 omnes,
1212 942 1288 979 sub
1310 943 1420 978 hisce
1440 953 1465 988 4
1483 941 1604 978 titulis
1625 953 1694 989 po—

74 1018 184 1062 sitae,
205 1015 256 1052 ab
290 1027 372 1052 uno
404 1015 577 1060 librario,
611 1014 730 1051 nobis
759 1014 924 1061 quidem
958 1015 1112 1063 ignoto,
1139 1019 1343 1059 exaratae,
1372 1013 1491 1049 variis
1517 1024 1539 1049 a
1566 1012 1696 1048 Natali

75 1086 425 1125 emendationibus
446 1087 666 1135 castigatae
688 1090 794 1137 sunt.
820 1086 884 1121 Ex
906 1086 951 1122 iis
972 1086 1106 1133 plures
1126 1085 1178 1121 ad
1199 1085 1324 1121 nostri
1345 1084 1518 1120 instituti
1538 1083 1697 1131 regulas

75 1163 300 1206 cooptatae,
321 1157 413 1194 licet
433 1157 593 1194 diverso
614 1157 738 1193 modo
762 1161 802 1193 et
822 1156 962 1193 ordine
985 1156 1179 1205 digestae,
1200 1156 1372 1192 fuerunt.

148 1237 205 1275 15.
264 1227 588 1276 «Compendium
614 1228 887 1264 instructionis
909 1239 982 1275 pro
1009 1228 1068 1272 iis,
1099 1227 1166 1274 qui
1193 1230 1420 1274 praesunt.»
1450 1225 1551 1262 Sunt
1576 1237 1697 1272 quae-

75 1301 168 1337 dam
187 1300 351 1345 monita,
379 1299 652 1347 superioribus
679 1298 799 1335 valde
825 1298 934 1335 utilia
955 1298 1006 1334 ad
1036 1303 1145 1344 recte
1171 1296 1493 1346 gubernandum.
1517 1295 1700 1343 Quatuor

76 1371 178 1408 soliis
196 1371 454 1407 continentur
481 1370 556 1407 sub
577 1371 655 1407 hoc
681 1369 808 1406 titulo:
843 1368 1167 1416 «Compendium
1194 1368 1480 1412 instructionis,
1507 1378 1610 1413 quae
1641 1366 1699 1408 iis,

76 1442 143 1490 qui
162 1447 365 1490 praesunt,
386 1441 480 1478 data
501 1446 562 1477 est
581 1441 633 1477 de
654 1452 703 1477 eo
724 1440 1071 1488 quemadmodum
1092 1451 1135 1476 se
1156 1450 1295 1488 gerere
1317 1438 1495 1474 debeant
1515 1448 1610 1485 erga
1630 1448 1700 1484 pa—

74 1518 154 1550 tres
173 1524 220 1549 ac
237 1513 413 1550 fratres.»
437 1512 667 1549 Nonnullae
687 1511 993 1548 emendationes
1010 1511 1286 1559 autographae
1307 1510 1348 1546 P.
1370 1509 1533 1545 Natalis.
1555 1508 1700 1544 Manus

76 1589 136 1632 est
154 1584 342 1635 ejusdem·
358 1583 517 1629 librarii,
547 1584 616 1630 qui
637 1583 794 1631 scripsit
820 1587 1094 1627 monumenta,
1116 1581 1191 1618 sub
1212 1581 1388 1618 numeris
1414 1590 1454 1626 13
1489 1585 1528 1616 et
1563 1590 1608 1625 14
1637 1591 1699 1615 re-

76 1656 218 1703 posita,
239 1655 483 1702 quibuscum
503 1655 603 1691 haec
624 1655 664 1691 in
684 1666 767 1691 uno
787 1654 1052 1701 quaternione
1074 1653 1190 1689 simul
1211 1652 1380 1689 collecta
1400 1651 1569 1696 fuerant,
1590 1655 1699 1686 ante-

77 1738 197 1773 quam
216 1727 256 1763 in
276 1727 471 1774 majorem
490 1725 675 1762 codicem
703 1725 956 1770 referrentur,
977 1729 1017 1761 et
1042 1725 1081 1760 in
1111 1724 1250 1761 ultimo
1280 1724 1399 1771 hujus
1425 1722 1700 1769 quaternionis

76 1798 169 1834 folio
190 1798 304 1843 haec,
324 1797 477 1834 Natalis
493 1808 627 1842 manu,
649 1801 841 1833 annotata
863 1796 1031 1833 fuerant:
1070 1795 1274 1844 «Regulae
1291 1799 1330 1830 et
1363 1794 1438 1830 alia
1458 1799 1517 1839 τῆς
1541 1797 1652 1843 τρίτης
1668 1811 1697 1832 ,»

67 1864 186 1916 'quod
207 1868 468 1916 probabiliter
490 1868 542 1904 de
562 1868 678 1904 tertia
698 1867 852 1904 Natalis
880 1868 1072 1903 missione
1104 1866 1269 1915 intelligi
1295 1865 1431 1910 debet,
1458 1864 1621 1909 scilicet,
1649 1874 1698 1899 eo

75 1944 257 1987 ternpore
278 1940 381 1976 hanc
404 1939 709 1976 instructionem
736 1939 1002 1986 compositam
1029 1938 1151 1974 fuisse
1172 1942 1212 1973 et
1236 1948 1317 1973 una
1343 1947 1436 1972 cum
1455 1934 1602 1983 regulis
1623 1939 1698 1970 etc.
1744 1930 1747 1933 ’

78 2015 322 2047 asservatam
355 2010 405 2047 ab
439 2011 529 2058 ipso
563 2010 605 2047 P.
639 2009 783 2046 Natali.
818 2009 901 2046 Inc.
940 2008 1074 2045 «Gerit
1108 2007 1254 2045 Christi
1288 2017 1565 2054 personam...»
1602 2005 1698 2041 Des.

77 2086 232 2129 septem
251 2081 447 2127 versibus,
468 2081 519 2118 ab
546 2081 635 2128 ipso
665 2081 707 2118 P.
729 2080 861 2117 Natali
882 2080 1057 2116 exaratis
1080 2085 1119 2116 et
1148 2079 1295 2116 additis
1324 2078 1375 2114 ad
1405 2077 1569 2121 calcem,
1596 2088 1697 2122 quo-

76 2164 162 2189 rum
181 2153 282 2189 haec
303 2152 441 2188 ultima
467 2156 560 2188 sunt
586 2151 723 2188 verba:
756 2151 865 2188 <‹...in
892 2151 1156 2187 instructione
1183 2136 1490 2197 prouincialium
1516 2147 1696 2183 dicitur.»

161 2224 221 2260 16.
282 2222 486 2272 «Regulae
533 2223 902 2270 superintendentis
941 2222 1204 2271 collegiorum
1249 2233 1551 2258 romanorum.»
1607 2221 1699 2256 Duo

36 2346 39 2348 -
77 2299 231 2331 tantum
256 2294 348 2331 folia
375 2295 452 2330 hae
477 2294 640 2342 regulae
668 2298 883 2341 occupant,
909 2293 1105 2330 tredecim
1131 2293 1309 2330 numeris
1338 2293 1563 2337 distinctae,
1585 2297 1624 2327 et
1650 2291 1699 2327 ab

79 2365 217 2414 ignoto
237 2365 355 2401 nobis
382 2365 542 2401 librario
569 2365 753 2412 scriptae.
782 2364 864 2401 Inc.
895 2364 1116 2412 «Imprimis
1144 2365 1326 2411 superior
1348 2364 1420 2400 erit
1442 2362 1600 2411 collegii
1626 2374 1698 2397 no-

80 2436 159 2482 stri,
174 2436 406 2485 germanici,
426 2436 639 2481 seminarii,
656 2440 696 2472 et
711 2435 857 2472 domus
872 2436 1268 2480 catechumenorum,
1286 2434 1361 2471 sub
1379 2432 1614 2482 prouinciali
1636 2444 1700 2468 ro-

79 2518 199 2544 mano
220 2512 260 2543 et
279 2507 492 2556 generali.»
514 2507 611 2544 Des.
636 2500 750 2544 «mse
776 2518 868 2543 cum
895 2506 1072 2561 generali
1099 2511 1318 2543 acturum.»
1352 2505 1396 2540 In
1427 2504 1610 2551 sequenti
1638 2503 1698 2539 so-

80 2577 131 2614 lio
151 2578 252 2614 haec
272 2579 434 2626 propria
452 2589 575 2614 manu
595 2578 753 2625 scripsit
768 2577 979 2614 Polancus:
1005 2577 1206 2625 «Quando
1228 2588 1271 2613 se
1291 2575 1459 2612 vbieren
1487 2575 1537 2610 de
1557 2573 1702 2622 ynbiar

81 2647 249 2696 algunos
269 2648 380 2685 fuera
399 2660 424 2697 y
445 2659 562 2685 cerea
583 2648 635 2684 de
655 2648 824 2686 Roma...
847 2648 1037 2686 ...hallase
1058 2659 1107 2684 en
1134 2647 1173 2684 10
1193 2646 1408 2695 particular
1428 2646 1574 2694 alguna
1596 2644 1699 2680 diffi-

81 2718 226 2764 cultad,
245 2719 282 2755 la
301 2719 431 2767 podra
450 2724 739 2767 representas.»
771 2719 969 2767 Quisnam
989 2724 1129 2755 auctor
1149 2719 1290 2755 harum
1310 2717 1538 2766 regularum
1558 2715 1701 2752 extite-

42 2827 47 2832 ,
81 2789 140 2834 rit,
159 2794 200 2825 et
218 2790 383 2837 quando
404 2790 576 2838 scriptae
596 2790 754 2836 fuerint,
774 2802 857 2827 non
878 2795 1048 2827 constat.
1151 2835 1153 2840 ,

165 2870 225 2909 17.
286 2860 458 2897 «Avisos
478 2872 573 2908 para
593 2861 629 2897 el
650 2861 818 2898 sindaco
839 2866 880 2898 et
903 2873 1000 2908 para
1025 2861 1086 2897 los
1108 2865 1217 2896 otros
1238 2858 1430 2895 officiales
1457 2857 1698 2892 inferiores.»

81 2929 202 2967 Foliis
227 2931 273 2967 16
293 2931 357 2968 hic
377 2932 588 2978 quaternio
609 2932 819 2978 conflatur,
841 2943 1013 2979 quorum
1033 2932 1162 2979 primo
1189 2931 1290 2966 haec
1315 2934 1471 2965 tantum
1499 2926 1701 2973 inscriptio

83 3000 234 3038 Natalis
257 3003 508 3051 autographa
527 3003 642 3039 inest:
668 3003 811 3040 «Vtilia
832 3014 887 3039 ex
907 3003 949 3040 P.
965 3008 1005 3039 et
1024 3002 1146 3039 aliis.»
1169 3001 1248 3038 Ubi
1265 3000 1359 3036 illud
1382 2998 1703 3035 animadverten-

85 3070 182 3108 dum
214 3077 292 3118 est,
326 3072 402 3109 sub
436 3073 707 3120 appellatione
740 3073 887 3110 Patris
916 3074 1001 3109 sine
1031 3073 1189 3118 addito,
1218 3071 1402 3108 Natalem
1432 3069 1560 3105 solere
1597 3067 1702 3102 desi—

264 3140 377 3168 Ems‘r.
398 3141 435 3169 P.
456 3141 589 3177 NADAL,
609 3149 687 3170 τοΜ.
709 3142 770 3170 IV.
1526 3137 1543 3163 3
