2028 3426
690 260 867 296 Noni-m
895 267 1081 294 comeum
1608 258 1653 303 89

79 367 236 406 Titulus
251 370 323 402 est:
337 365 514 413 «Regras
531 363 584 400 do
601 358 931 400 correitor.»Inc.
950 361 1062 398 «ΝΞΟ
1084 361 1324 409 eastigue...»
1348 360 1443 395 Des.
1458 376 1517 396 «...
1537 360 1586 395 de
1604 360 1699 397 bom

31 482 36 485 .
60 437 299 485 exemplo.»
325 435 519 484 Ejusdem
539 434 730 482 temporis
750 445 797 470 ac
818 432 1045 480 superiores
1065 431 1228 480 regulae
1249 442 1339 467 esse
1359 430 1558 467 videntur.

153 509 236 546 Fol.
263 513 502 554 104v-105v,
524 510 658 542 exstat
679 504 1020 551 complementum
1047 502 1311 539 ordinationis
1341 501 1457 546 illius,
1484 512 1606 547 quam
1633 513 1698 537 su-

74 581 219 630 perius,
239 579 278 615 ff.
296 579 346 624 ,81
371 583 410 614 et
430 577 492 623 82,
512 577 686 613 vidimus
707 576 759 612 de
779 574 1043 622 temporibus,
1064 573 1213 620 quibus
1234 572 1381 621 singuli
1408 572 1626 619 praepositi
1647 572 1697 607 ad

74 651 269 689 mediatos
302 648 529 696 superiores
563 647 738 684 scribere
773 645 990 682 debebant.
1026 634 1193 681 Eadem¹
1216 655 1371 689 manus,
1406 654 1511 690 quae
1545 642 1699 678 initium

42 735 45 738 ·
75 723 190 770 hujus
211 720 472 758 ordinationis
492 719 716 766 scripserat,
739 717 802 754 hie
823 717 936 753 redit.
954 717 1036 752 Ine.
1059 714 1235 752 «Oi-dem
1252 715 1302 751 de
1320 725 1508 751 escreuer
1523 713 1631 749 onde
1647 713 1699 749 ha

50 833 54 835 .
72 798 152 831 tres
171 791 458 828 consultores.»
482 789 578 826 Des.
602 805 662 826 «...
679 800 732 824 no
753 788 822 824 fim
839 788 890 823 de
911 786 1190 825 Nouembro.»

151 862 235 900 Fol.
262 862 495 906 106r-110v,
519 859 683 896 «Orden
704 859 755 895 de
776 859 833 895 135
855 858 1011 894 56116135
1034 858 1084 893 de
1105 857 1141 893 la
1164 856 1401 903 Compasn'a,
1423 858 1576 902 quanto
1598 855 1620 890 a
1641 855 1698 891 las

56 933 362 974 605111ωο165.»
385 931 468 969 Sub
495 932 573 967 hoe
602 930 716 966 titulo
743 929 914 966 habetur
940 929 1149 975 antiquum
1175 927 1410 974 exemplum
1438 926 1700 963 ordinationis

68 1005 298 1044 scholarum
313 1003 536 1048 Societatis‚
546 1013 667 1049 quam
682 1001 821 1037 videre
834 1000 986 1048 poteris
998 1000 1099 1036 inter
1113 997 1292 1035 stlonum.
1302 997 1498 1046 Paedag„
1508 1008 1599 1046 pag.
1609 998 1635 1033 6
1642 998 1700 1043 56.

74 1077 272 1124 Scriptum
292 1080 353 1111 est
373 1074 423 1110 ab
445 1073 592 1110 eodem
616 1072 788 1117 librario,
817 1072 885 1118 qui
913 1071 1110 1118 superius,
1140 1055 1196 1107 ff.'
1214 1070 1347 1118 75-80‚
1377 1070 1508 1105 varias
1542 1068 1701 1117 regulas

33 1164 37 1172 ’
76 1147 264 1185 exaravit.
293 1146 375 1183 Ine.
413 1145 628 1197 «Ninguno
664 1144 794 1181 seolar
815 1155 857 1179 se
886 1142 1087 1180 reeiba...»
1110 1142 1205 1179 Des.
1240 1157 1302 1179 «...
1329 1129 1478 1177 mucho
1505 1140 1645 1177 aiudar
1676 1153 1701 1188 y

75 1218 233 1256 seruir.»

153 1288 238 1326 Fol.
264 1298 278 1325 1
291 1298 305 1324 Ι
318 1297 397 1324 Ι1-Ι
410 1294 487 1333 151,
508 1286 558 1323 ab
581 1286 728 1323 eodem
747 1285 920 1330 librario,
941 1284 1009 1332 qui
1029 1285 1183 1331 priores
1203 1284 1255 1320 de
1274 1282 1455 1320 moribus
1482 1282 1699 1319 ordinatio—

42 1380 58 1405 χ
79 1371 150 1397 1165
170 1359 364 1404 exaravit,
386 1358 566 1405 sequitur
587 1357 687 1394 ordo
709 1357 951 1402 scholarum,
979 1355 1029 1392 ad
1057 1355 1206 1391 litteras
1232 1359 1434 1402 spectans.
1461 1353 1620 1390 Titulus
1641 1359 1701 1389 est

78 1430 318 1479 hujusmodi:
342 1428 508 1467 «Orden
529 1429 580 1465 de
600 1429 657 1465 las
679 1428 865 1465 sehuelas
887 1427 938 1463 de
958 1427 995 1463 la
1015 1425 1239 1473 Compasn'a
1256 1430 1409 1472 quanto
1426 1425 1521 1461 alas
1541 1425 1697 1461 letras.»

59 1502 153 1554 „Hic
174 1502 273 1539 ordo
295 1502 426 1538 editus
447 1505 508 1537 est
526 1501 566 1537 in
587 1499 766 1537 llffomcm.
788 1497 980 1546 Paedag„
1002 1509 1094 1547 pag.
1115 1498 1205 1535 662.
1227 1497 1308 1534 Ι116.
1329 1497 1414 1533 «En
1431 1496 1491 1533 los
1508 1496 1701 1545 collegios

77 1583 155 1621 que
175 1573 211 1609 la
232 1572 520 1620 Compasn'a...»
544 1571 640 1608 Des,
667 1588 724 1608 «...
745 1583 770 1619 y
791 1551 1016 1607 studiantes
1036 1569 1072 1605 al
1093 1573 1262 1605 rector.»

154 1643 239 1681 Fol.
266 1654 280 1680 1
293 1651 350 1689 15,
371 1648 432 1679 est
451 1642 686 1690 exemplum
706 1642 961 1688 antiquarum
981 1639 1223 1689 regularum,
1251 1639 1302 1675 ad
1329 1638 1606 1684 scholasticos,
1633 1639 1701 1685 qui

42 1701 288 1754 .'Societatis
322 1714 482 1751 scholas
509 1714 777 1761 frequentant,
805 1712 1085 1760 spectantium.
1114 1711 1222 1747 Inter
1242 1715 1377 1746 nostra
1397 1708 1576 1746 llffonum.
1598 1709 1700 1745 Pae-

51 1783 54 1815 ἶ
79 1785 181 1833 dag„
203 1797 294 1835 pag.
314 1786 362 1832 65
373 1793 405 1832 5,
425 1787 501 1822 hae
520 1785 683 1834 regulae
703 1785 810 1832 typis
832 1795 1012 1820 excusae
1033 1787 1136 1819 sunt.
1155 1782 1238 1821 Ine.
1261 1781 1429 1830 «Tpdos
1444 1781 1504 1817 los
1521 1781 1700 1817 studian-

76 1862 136 1894 tes
155 1869 259 1906 oyan
281 1857 462 1894 missa...»
488 1856 584 1893 Des.
608 1872 669 1893 «...
690 1855 900 1892 hechados
921 1866 998 1891 con
1019 1853 1226 1902 ynominia
1246 1853 1298 1888 de
1318 1852 1354 1889 la
1381 1852 1582 1889 sehuela.»
1612 1850 1700 1887 Ma?

66 1938 152 1966 'nus
172 1928 327 1974 eadem,
348 1939 452 1975 quae
473 1928 512 1964 in
532 1925 871 1975 praecedentibus
891 1925 1158 1962 documentis.

155 1999 310 2036 Ibidem
331 2011 353 2035 a
372 1984 500 2048 tergo,
521 2004 582 2035 est
601 2002 896 2045 transumptum
919 1995 1178 2044 jurisjurandi
1205 1995 1298 2032 facti
1328 1995 1367 2031 in
1396 1994 1605 2031 academia
1635 2005 1702 2030 co-

79 2070 320 2107 ninbricensi
339 2081 446 2106 anno
472 2069 583 2115 1565.

69 2129 72 2132 .
154 2141 238 2178 Fol.
266 2151 279 2176 Ι
293 2142 399 2177 lor-1
413 2150 497 2189 17v‚
524 2140 694 2176 «Auisos
715 2151 811 2187 para
832 2139 892 2175 los
910 2138 1151 2175 scholares.»
1174 2137 1247 2173 Est
1261 2141 1558 2183 transumptum
1573 2136 1701 2171 moni-

48 2231 53 2250 .-
80 2217 222 2258 torum,
255 2212 475 2259 antiquitus
504 2211 750 2260 in—collegiis
783 2210 1016 2246 Lusitaniae
1046 2213 1086 2245 et
1115 2208 1200 2245 aliis
1230 2207 1454 2253 Societatis‚
1487 2218 1560 2254 pro
1594 2206 1702 2242 bona

19 2279 24 2286 ‘
51 2303 55 2305 *
81 2283 408 2320 scholasticorum
435 2283 686 2319 institutione
712 2280 995 2318 adhibitorum.
1023 2279 1142 2316 Edita
1168 2284 1261 2316 sunt
1290 2279 1391 2315 haec
1421 2278 1573 2315 monita
1600 2279 1703 2314 inter

47 2397 50 2401 ¹
80 2353 255 2392 Monum.
283 2353 473 2401 Paedag„
502 2365 594 2402 pag.
620 2353 669 2399 65
679 2365 711 2401 3.
739 2352 823 2391 Ine.
854 2351 1011 2399 «Sepan
1045 2351 1106 2387 los
1136 2350 1341 2387 scholares
1368 2361 1448 2396 que
1474 2349 1594 2398 luego
1623 2360 1702 2395 que

46 2447 53 2458 ›
82 2437 216 2463 son...»
238 2425 334 2461 Des.
360 2441 420 2462 «...
441 2425 590 2461 mucho
611 2423 764 2472 ayudar
783 2435 808 2471 y
829 2422 987 2458 seruis.»

157 2495 242 2533 Fol.
269 2495 501 2544 117v-118r,
526 2494 696 2543 «Reglas
717 2493 781 2530 del
803 2497 1042 2530 corrector.»
1064 2492 1228 2539 Septem
1247 2491 1410 2540 regulae
1431 2491 1495 2527 hic
1515 2491 1701 2527 transcri—

26 2608 28 2610 .
45 2583 57 2601 κ
83 2571 173 2614 ptae
205 2567 474 2614 reperiuntur,
509 2577 614 2613 quae
641 2565 860 2611 antiquitus
893 2576 915 2600 a
950 2553 1177 2600 correctore
1204 2563 1244 2599 in
1276 2562 1488 2599 Societatis
1523 2561 1701 2609 collegiis

50 2656 67 2662 ,.
83 2637 354 2676 servabantur.
375 2638 521 2674 Manus
542 2637 697 2673 eadem.
720 2635 873 2672 Publici
890 2635 989 2683 juris
1005 2634 1134 2671 factae
1151 2633 1299 2670 suntin
1316 2632 1493 2670 lllonmn.
1511 2631 1699 2678 Paedag„

58 2725 67 2729 “
81 2719 172 2757 pag.
191 2709 280 2757 643.
301 2709 384 2745 Ine.
408 2719 467 2745 «1.
490 2707 653 2756 Castige
674 2707 697 2743 a
717 2706 776 2743 los
797 2705 1065 2743 5611013165...»
1087 2705 1183 2742 Des,
1215 2720 1274 2742 «...
1301 2703 1527 2752 integridad
1548 2716 1571 2750 y
1593 2702 1699 2738 buen

40 2791 60 2834 '¹
86 2779 309 2827 exemplo.»

48 2830 51 2842 ‚
159 2850 244 2887 Fol.
270 2861 284 2887 1
297 2850 354 2896 18,
379 2849 478 2886 «Del
497 2837 680 2885 librero.»
705 2848 852 2885 eodem
870 2852 1053 2894 tempore
1069 2851 1110 2883 et
1124 2846 1175 2883 ab
1193 2845 1339 2882 eodem
1356 2844 1513 2881 librario
1531 2843 1700 2890 scriptae

84 2925 175 2958 sunt
192 2921 267 2957 hae
288 2921 339 2957 de
360 2920 564 2968 praefecto
585 2919 855 2956 bibliothecae
875 2918 1051 2966 regulae,
1071 2929 1172 2964 quas
1192 2916 1319 2953 habes
1340 2916 1379 2952 in
1402 2914 1579 2951 Momm.
1602 2914 1699 2949 Pac-

54 3025 58 3028 ,
87 2989 189 3039 dag„
209 3003 300 3040 pag.
320 2992 409 3037 644.
432 2991 514 3028 Ine.
537 2990 609 3026 «El
629 3001 709 3037 que
728 2990 834 3026 tiene
852 3000 973 3037 cargo
990 2988 1092 3024 dela
1108 2987 1330 3024 libraria...»
1349 2986 1445 3022 Des.
1465 3000 1524 3021 «...
1542 2983 1702 3020 barrera

84 3061 188 3099 cada
206 3062 281 3098 dos
301 3062 400 3099 dias.
421 3061 530 3098 Laus
550 3061 677 3098 Deo.»
