2028 3426
285 215 354 249 866
860 213 998 248 Eprsr.
1027 211 1070 246 P.
1102 211 1251 247 NADAL

241 315 554 373 splendissima
594 315 666 356 illa
694 327 803 357 suae
833 312 1085 356 diuinitatis
1113 313 1232 365 luce,
1258 312 1368 356 nihil
1398 312 1656 356 dimouetur
1684 315 1740 356 ab
1773 314 1872 358 infi-

240 395 331 436 nita
356 392 560 436 immensi
584 392 652 434 sui
679 390 852 434 roboris
882 389 1153 433 constantia.
1184 389 1191 447 Ι
1219 389 1402 433 —Nihil
1432 390 1615 442 certius,
1641 391 1754 433 nihil
1783 399 1873 434 tam

238 469 559 515 necessarium.
588 469 713 524 Quid
732 476 779 510 tu
799 468 883 519 vis,
905 467 1013 523 quid
1030 474 1259 523 expectas,
1281 481 1519 523 quousque
1544 469 1726 511 tandem
1749 483 1872 511 amo-

240 563 332 592 rem
358 562 448 589 non
473 545 694 601 concipis?
719 547 862 588 Putas
886 560 942 589 ne
972 545 1214 599 aliquando
1238 545 1334 587 fore
1363 551 1411 586 vt
1434 544 1478 586 in
1502 544 1588 587 illis
1612 546 1800 599 laboret,
1827 546 1870 589 in

239 625 325 668 illis
348 624 575 680 affligatur
599 622 744 665 virtus
767 622 942 664 diuina?
965 623 1128 665 Nonne
1151 629 1219 664 sat
1244 629 1312 665 est
1336 621 1422 673 tibi,
1439 622 1474 664 si
1499 621 1542 664 in
1568 621 1653 664 illis
1675 637 1755 678 per
1777 638 1871 665 mo-

238 704 344 744 dum
364 716 410 744 se
434 708 564 756 gerat
586 698 854 742 laborantis?
878 700 1040 741 Nonne
1062 698 1172 741 satis
1194 699 1334 742 habes
1357 697 1393 741 si
1424 698 1592 750 infima,
1620 698 1655 741 si
1675 699 1869 754 abiecta,

238 780 273 821 si
292 778 473 830 afflicta,
488 778 524 820 si
539 791 655 832 quae
673 784 831 820 contra
848 790 976 819 suam
995 775 1195 830 alioquin
1213 783 1366 820 essent
1379 776 1677 828 voluntatem,
1690 786 1874 832 propter

239 866 282 901 te
300 857 427 912 agat?
444 855 492 899 Si
511 854 612 909 quis
635 855 707 896 vel
724 853 965 897 scintillam
983 853 1121 896 sentit
1139 852 1185 895 in
1203 854 1339 897 corde
1357 852 1500 895 diuini
1521 853 1591 896 vel
1614 853 1778 896 amoris
1802 856 1874 898 vel

240 932 465 984 desiderii,
492 939 538 976 et
560 932 631 974 his
660 945 749 973 non
774 939 1001 982 mouetur,
1027 932 1151 972 hunc
1168 945 1257 986 ego
1275 940 1429 986 aptum
1449 931 1506 973 ad
1529 931 1872 986 contemplatio-

238 1026 338 1055 nem
363 1024 453 1052 non
478 1009 608 1052 facile
630 1009 828 1059 credam,
851 1009 921 1051 vel
940 1016 1063 1051 certe
1086 1006 1168 1048 236
1185 1008 1377 1052 verebor
1395 1022 1452 1051 ne
1481 1007 1542 1049 illi
1571 1007 1768 1050 charitas
1788 1007 1873 1052 Dei

236 1086 500 1131 obcalluerit
523 1100 706 1142 quoquo
729 1092 878 1140 pacto;
906 1099 1026 1136 narn,
1053 1084 1090 1127 si
1117 1084 1228 1126 nihil
1251 1084 1373 1127 aliud
1406 1091 1530 1128 certe
1566 1083 1872 1140 congemisci-

244 1180 344 1207 mus
368 1179 524 1208 omnes
546 1178 649 1206 cum
673 1162 896 1205 desiderio
919 1169 1155 1205 creaturae
1178 1170 1315 1216 atque
1340 1162 1612 1213 laboramus,
1635 1161 1679 1203 id
1702 1169 1720 1185 ὃ
1741 1160 1875 1203 simul
1931 1197 1934 1200 .

243 1242 380 1285 efficit
403 1243 530 1285 Deus
553 1248 688 1295 atque
708 1247 923 1296 operatur
945 1239 990 1281 in
1015 1238 1160 1290 nobis,
1182 1238 1414 1295 indignius
1436 1238 1617 1293 quidem
1636 1253 1771 1293 quam
1796 1252 1876 1293 pro

241 1335 322 1362 sua
345 1319 521 1361 infinita
545 1318 711 1361 virtute
734 1324 869 1372 atque
894 1316 1108 1361 essentia.

326 1398 562 1439 Hactenus
595 1403 696 1438 tuas
730 1408 818 1451 ego
854 1394 1050 1436 rationes
1081 1393 1291 1445 subfulsi,
1325 1409 1381 1436 ne
1409 1393 1508 1435 illas
1536 1392 1873 1436 dissimulanter

239 1474 491 1529 transigere
507 1480 643 1529 atque
667 1471 811 1515 obiter
830 1471 847 1495 ³*
866 1486 1036 1527 posses,
1058 1471 1440 1526 quemadmodum
1459 1470 1734 1514 institueras.
1756 1470 1873 1513 Sunt

240 1553 368 1593 firma
392 1551 465 1593 illa
489 1558 566 1592 tua
595 1557 880 1605 argumenta,
911 1555 1019 1591 sunt
1041 1547 1260 1600 efficacia,
1288 1549 1438 1591 Pater.
1467 1548 1727 1600 Caeterum,
1751 1547 1873 1601 quod

236 1629 401 1671 videris
424 1627 855 1682 contemplationem
880 1634 1080 1669 nostram
1105 1626 1285 1670 eleuare
1308 1625 1514 1681 exemplo
1544 1623 1684 1680 patris
1712 1638 1869 1666 carna-

237 1707 291 1749 lis
316 1704 580 1749 nobilissimi
610 1705 741 1756 velle,
771 1704 1014 1748 «Procedit
1044 1703 1222 1760 (inquis)
1252 1705 1364 1747 haec
1394 1702 1529 1745 huius
1552 1701 1635 1744 viri
1665 1701 1873 1745 conside·

236 1784 348 1827 ratio
378 1792 421 1827 et
451 1782 773 1838 contemplatio
795 1783 852 1824 ad
881 1796 984 1826 eum
1016 1782 1216 1833 modum,
1242 1795 1332 1835 quo
1364 1780 1409 1822 in
1439 1780 1569 1822 nobis
1599 1778 1875 1823 excitaretur

237 1862 427 1903 affectus
451 1868 496 1902 et
524 1873 650 1902 arnor
678 1859 683 1915 1
713 1860 769 1902 ad
791 1860 1017 1902 carnalem
1048 1865 1221 1914 patrem
1252 1857 1598 1908 nobilissimum,
1632 1855 1667 1899 si
1698 1855 1875 1898 videre-

235 1953 336 1980 mus
359 1953 463 1981 eum
493 1937 709 1980 afflictum
733 1951 815 1992 pro
844 1936 1020 1989 nobis»,
1046 1944 1133 1978 etc.
1161 1935 1344 1988 Nescio,
1371 1936 1508 1979 frater
1531 1933 1608 1988 mi,
1633 1933 1710 1975 vbi
1734 1939 1875 1976 terra-

236 2031 332 2057 rum
369 2014 687 2071 peregrinatus
719 2029 768 2058 es
797 2015 882 2056 hac
909 2027 1118 2066 censura;
1156 2011 1470 2056 existimabam
1499 2011 1618 2056 enim
1650 2025 1738 2067 ego
1770 2009 1876 2052 solis

235 2092 321 2135 illis
344 2092 455 2135 locis
487 2093 543 2135 de
576 2092 731 2135 labore
763 2091 849 2135 Dei
883 2091 928 2133 in
963 2090 1111 2142 Esaia,
1138 2091 1194 2132 de
1227 2091 1380 2133 labore
1409 2089 1515 2132 item
1545 2088 1650 2144 Xpi.
1678 2094 1874 2130 nostram

236 2184 418 2212 causam
443 2169 594 2225 egisse
618 2177 677 2221 te;
705 2169 784 2211 sed
808 2168 940 2212 video
964 2170 1052 2210 hoc
1081 2174 1316 2223 praeterea
1344 2166 1551 2222 exemplo
1582 2173 1625 2208 te
1655 2164 1784 2208 nobis
1812 2163 1876 2206 ire

238 2246 486 2302 suppetias;
507 2261 617 2290 ‚nam
641 2246 678 2288 si
698 2245 1038 2302 potentissimus
1056 2252 1192 2299 atque
1211 2244 1329 2286 idern
1349 2242 1728 2299 generosissimus
1745 2249 1761 2267 ⁰
1778 2256 1872 2293 reX,

238 2323 334 2365 sine
359 2324 527 2375 labore,
553 2323 651 2366 sine
674 2322 895 2376 molestia,
921 2337 1025 2365 cum
1048 2335 1227 2365 summa
1250 2320 1385 2366 etiam
1407 2319 1748 2374 tranquillitate,
1770 2332 1874 2361 curn

239 2415 413 2442 summa
433 2401 666 2456 voluptate
684 2413 736 2442 ac
754 2400 914 2456 gloria,
930 2399 1057 2452 mihi,
1071 2398 1243 2442 homini
1262 2397 1568 2441 abiectissimo
1587 2404 1722 2451 atque
1741 2410 1875 2452 spur-

237 2477 437 2528 cissimo,
464 2477 720 2529 inseruiret,
742 2492 814 2521 me
832 2476 1035 2529 vestiret,
1056 2475 1316 2519 cubiculum
1341 2481 1632 2531 expurgaret,
1658 2473 1874 2516 lectulum

240 2558 564 2606 ster237neret,
590 2554 716 2597 cibos
741 2561 933 2610 pararet,
959 2551 1218 2597 comedenti
1243 2551 1533 2602 ministraret,
1560 2564 1722 2592 manus
1744 2550 1800 2592 ad
1825 2564 1876 2591 os

240 2631 514 2682 subleuaret,
542 2632 755 2675 mandere
777 2631 912 2675 etiam
936 2630 1062 2673 cibos
1085 2629 1280 2681 iuuaret,
1307 2627 1417 2670 nihil
1437 2635 1485 2670 tu
1505 2643 1561 2672 ex
1579 2626 1648 2669 his
1672 2625 1875 2668 ministe-

241 2706 315 2748 riis
340 2707 445 2749 mihi
469 2708 608 2751 velles
631 2708 795 2751 amoris
818 2706 1064 2760 conciliari;
1091 2714 1135 2751 et
1165 2714 1315 2749 tamen
1345 2705 1442 2749 sine
1471 2705 1624 2747 labore
1653 2704 1876 2746 laboraret

242 2798 318 2824 rex
343 2783 431 2833 ille,
459 2784 555 2826 sine
585 2784 828 2827 afflictione
857 2784 1155 2840 affligeretur.
1182 2783 1335 2838 Opera
1360 2789 1509 2825 tamen
1538 2795 1621 2823 sua
1643 2779 1876 2823 maiestate

244 2859 252 2897 i
262 2859 445 2914 ndignia
468 2861 628 2904 obiret.
657 2862 794 2915 Quod
818 2860 854 2903 si
878 2861 923 2903 in
946 2860 1034 2903 illis
1051 2860 1291 2911 laboraret,
1313 2858 1608 2915 affligeretur,
1629 2855 1876 2913 ignominia

311 3038 327 3050 Δ·
380 3028 555 3061 Obscure
582 3035 798 3063 exaratum.
854 3029 916 3054 —b
950 3027 1123 3063 Confuse
1143 3026 1346 3073 scripturn.
1401 3034 1462 3052 -c
1486 3024 1778 3072 geuorissimus
1804 3034 1875 3058 ms.
