2028 3426
331 169 400 202 822
909 172 1044 210 EPis’r.
1075 174 1118 212 P.
1148 175 1299 211 NADAL

278 284 397 322 cum,
422 270 498 311 vbi
521 271 789 314 catholicam
814 274 1013 318 traducis
1035 277 1412 323 enuntiationem.
1442 283 1680 327 Postremo
1707 287 1915 331 conside-

277 347 466 389 randum
484 349 606 402 quod
628 356 726 391 erat
749 351 1058 395 necessarium
1078 354 1242 407 facere,
1265 364 1313 398 vt
1333 371 1380 402 se
1404 359 1658 403 summittat
1677 363 1914 419 ecclesiae,

276 437 391 477 quae
408 423 445 466 si
463 424 591 467 aliter
610 435 810 479 censeat,
832 435 1053 473 retractas
1075 445 1192 486 quae
1209 432 1378 476 dixisti.
1403 435 1549 479 Aliter
1567 439 1745 482 censuit
1769 442 1917 486 eccle-

274 499 355 544 sia:
383 508 520 555 quare
544 508 592 543 tu
619 503 818 548 effundis
835 519 951 560 quae
968 507 1227 563 suspicatus
1246 510 1415 554 omnia?
1434 513 1490 555 ad
1511 521 1763 559 extremum
1788 518 1918 561 dam—

274 592 353 620 nas
378 585 436 629 te,
463 579 493 621 4
515 586 670 623 nostra
693 584 999 636 commendas;
1027 599 1129 628 nam
1153 586 1261 641 quid
1283 595 1352 630 est
1375 589 1497 632 aliud
1522 593 1605 634 hac
1635 593 1680 635 in
1707 608 1752 636 re
1784 602 1912 638 tuum

274 655 489 697 iudicium
513 657 795 701 summittere
819 658 986 702 iudicio
1019 662 1255 715 ecclesiae,
1300 665 1383 707 nisi
1408 680 1524 721 quae
1556 676 1632 711 tua
1656 678 1764 713 sunt
1790 673 1915 714 dam-

274 746 381 775 nare
405 740 448 776 te
471 732 557 775 iam
582 748 705 776 nunc
729 735 804 777 vbi
827 736 967 780 scires
991 739 1207 783 exercitia
1225 756 1326 785 esse
1343 743 1399 785 ab
1419 745 1610 791 ecclesia
1629 748 1914 792 confirmata?

273 810 501 865 Expunge
529 809 671 866 igitur
701 826 818 867 quae
849 814 1083 870 scripsisti,
1126 818 1272 861 lacera
1307 819 1718 876 libellum—Non,
1750 824 1915 880 inquit,

272 887 436 939 lacero;
474 888 554 930 sed
593 889 772 944 appello
804 891 861 933 ad
891 892 1134 935 concilium
1165 909 1189 937 a
1213 898 1528 952 papa—Vide
1554 915 1609 943 ne
1632 902 1777 943 solum
1808 902 1870 946 sis
1892 919 1916 947 e

273 964 484 1007 toletanis
516 965 772 1018 haereticis,
807 968 886 1011 sed
913 969 1047 1012 etiam
1080 986 1104 1014 e
1133 973 1549 1027 germanis—Non
1574 978 1630 1020 ad
1653 978 1911 1032 concilium,

272 1039 440 1095 inquis,
467 1043 547 1084 sed
571 1057 595 1084 a
619 1058 734 1098 papa
758 1045 874 1087 male
894 1045 1138 1090 informato
1161 1049 1216 1091 ad
1239 1065 1399 1107 papam
1424 1052 1540 1097 bene
1559 1053 1908 1100 informandum.

272 1119 468 1161 ——Nunc
494 1119 677 1173 quidem
701 1130 826 1165 certo
851 1123 1047 1166 admiror
1067 1126 1211 1168 zelum
1234 1135 1381 1173 tuum.
1403 1131 1532 1173 Errat
1551 1146 1665 1187 papa
1682 1131 1727 1174 in
1747 1148 1794 1177 re
1811 1133 1915 1178 fidei

271 1203 316 1238 et
340 1210 533 1240 morum:
559 1198 755 1254 emergit
779 1199 932 1242 nescio
956 1201 1072 1255 quis,
1100 1203 1176 1257 qui
1200 1205 1294 1259 pati
1325 1221 1415 1249 non
1438 1215 1587 1262 potest
1610 1223 1770 1265 papam
1795 1226 1910 1254 erra-

271 1272 465 1315 re.—At
486 1273 530 1316 id
555 1289 645 1316 non
676 1275 795 1329 dico3
824 1279 903 1320 sed
938 1277 1132 1322 informo
1165 1296 1324 1337 papam
1360 1286 1742 1341 tantum.—Quid
1776 1286 1915 1343 igitur

269 1350 456 1392 damnas
481 1351 839 1406 propositiones?
870 1355 1089 1398 Informas
1122 1372 1300 1413 papam:
1328 1374 1468 1415 quare
1500 1376 1588 1404 non
1613 1364 1670 1405 ad
1693 1363 1818 1406 illum
1842 1379 1914 1408 re-

271 1428 378 1478 fers,
411 1428 491 1469 sed
523 1428 677 1483 potius
716 1431 772 1472 ad
811 1432 1000 1488 vulgus?
1039 1433 1205 1477 5—Ad
1246 1437 1706 1494 Reverendissimum,
1745 1440 1911 1497 inquis,

272 1504 628 1560 refero.—Quid
652 1506 814 1562 igitur?
837 1509 978 1563 pluris
1001 1518 1070 1553 est
1094 1511 1174 1554 tibi
1197 1528 1314 1555 Vnus
1338 1515 1761 1561 Reverendissimus
1779 1533 1913 1573 quam

273 1583 406 1636 papa?
430 1581 499 1624 De
524 1598 676 1628 errore
699 1599 840 1640 papae
863 1587 1063 1642 appellas
1086 1590 1558 1635 Reverendissimum?

359 1660 528 1702 Verum
552 1661 688 1704 istum
712 1662 942 1706 hominem
966 1664 1245 1710 instruamus
1269 1668 1326 1710 ad
1350 1671 1609 1713 exercenda
1635 1671 1850 1716 exercitia
1867 1681 1912 1716 et

267 1735 521 1779 iudicanda.
542 1740 643 1794 Jam
670 1739 861 1794 primum
887 1741 1011 1784 vides
1034 1744 1303 1798 apostolicas
1320 1745 1496 1790 litteras
1525 1748 1754 1792 exercitiis
1785 1765 1917 1806 prae-

269 1813 368 1869 figi:
396 1828 535 1869 quare
557 1824 820 1860 consecrata
842 1818 997 1862 haberi
1021 1827 1213 1875 oportet:
1241 1822 1278 1864 si
1301 1823 1410 1877 quid
1434 1824 1637 1877 offendit,
1680 1825 1722 1869 id
1747 1840 1819 1869 me
1841 1843 1909 1871 ar-

265 1889 467 1933 bitrabor
496 1906 584 1934 non
619 1893 799 1948 assequi
829 1910 883 1938 ex
913 1896 1185 1940 humilitate:
1229 1898 1452 1954 inquiram
1497 1902 1725 1946 doctiores
1763 1912 1808 1948 et
1837 1905 1913 1960 qui

266 1980 368 2009 cum
406 1969 635 2024 theologia
672 1970 965 2015 deuotionem
1004 1981 1141 2028 atque
1171 1975 1451 2030 spiritualem
1488 1978 1627 2021 vitam
1662 1980 1914 2025 coniunxe-

267 2051 389 2096 runt3
415 2044 451 2087 si
475 2060 566 2088 non
592 2046 669 2101 qui
692 2061 717 2089 e
739 2048 985 2101 Societate,
1012 2057 1134 2095 certe
1157 2065 1182 2093 e
1206 2054 1444 2107 permultis
1465 2055 1564 2098 aliis
1586 2071 1726 2099 vnum
1753 2072 1911 2113 quem-

267 2120 401 2176 piam.
428 2123 564 2177 Quod
593 2123 629 2165 si
651 2124 803 2167 doceri
826 2125 1018 2181 pigeret,
1052 2134 1203 2172 tamen
1242 2139 1394 2173 essent
1433 2132 1584 2175 omnia
1606 2133 1714 2176 boni
1738 2148 1907 2178 consu-

267 2198 416 2250 lenda,
443 2213 559 2254 quae
581 2201 792 2256 probauit
821 2203 952 2246 sedes
981 2204 1242 2259 apostolica,
1275 2216 1428 2252 essent
1458 2210 1514 2252 ad
1544 2211 1708 2253 bonam
1732 2226 1911 2255 veram-

266 2289 353 2329 que
375 2284 549 2331 partem
574 2277 928 2334 interpretanda3
958 2295 1058 2322 nam
1083 2281 1120 2324 si
1145 2284 1346 2340 theologi
1371 2287 1613 2330 orthodoxi
1639 2297 1911 2344 oppugnant

267 2353 510 2396 haereseos
533 2369 710 2410 papam,
733 2355 835 2410 quis
859 2357 1039 2401 tandem
1060 2361 1388 2415 propugnabit?
1406 2377 1464 2405 an
1486 2371 1778 2419 expectemus
1795 2372 1844 2408 vt
1865 2365 1911 2410 id

272 2429 435 2473 faciant
459 2432 686 2486 germani?
708 2433 734 2477 6

356 2507 493 2550 Dicas
523 2508 780 2564 importune
810 2527 895 2555 nos
923 2520 1059 2569 atque
1091 2515 1245 2560 odiose
1281 2517 1444 2571 facere,
1476 2526 1612 2574 atque
1643 2520 1756 2563 adeo
1786 2519 1909 2563 inso-

268 2584 428 2636 lenter,
471 2585 547 2640 qui
586 2588 751 2631 nostris
779 2589 1010 2634 erroribus
1040 2606 1183 2648 papae
1213 2594 1529 2639 auctoritatem
1568 2597 1905 2651 protrudamus.

267 2660 389 2702 Audi
414 2668 478 2705 tu:
506 2664 593 2705 hoc
616 2664 821 2716 fecerunt
844 2681 1022 2723 semper
1048 2682 1207 2713 omnes
1225 2671 1480 2714 orthodoxi:
1506 2671 1624 2715 illius
1649 2673 1907 2717 auctoritati

267 2736 350 2778 nisi
374 2746 497 2791 sunt,
518 2740 647 2783 cuius
664 2743 888 2786 sententia
906 2759 960 2787 ex
984 2743 1057 2787 X.i
1080 2746 1321 2802 euangelio
1340 2747 1585 2791 infallibilis
1603 2757 1687 2792 est:
1710 2749 1795 2792 nisi
1814 2751 1907 2793 for-

270 2813 400 2856 tassis
417 2822 434 2839 ³
454 2815 532 2857 tibi
550 2818 827 2862 credendum
845 2829 915 2862 est
934 2821 1079 2877 magis
1098 2836 1232 2877 quam
1252 2825 1354 2875 X.⁰,
1369 2838 1503 2878 quam
1523 2825 1757 2878 ecclesiae,
1772 2841 1905 2882 quarn

272 2904 426 2944 papae.

341 2994 358 3008 ει
380 2984 553 3027 fortasis
573 2998 642 3022 ms.
664 2988 725 3023 hic
744 2995 783 3023 et
802 2990 910 3026 alias.
