2028 3426
364 213 435 247 060
837 212 991 247 PA-rms
1018 213 1262 248 HmRoNYm
1288 211 1439 249 NADAL

317 328 404 356 non
428 313 622 367 omittat,
650 322 696 356 vt
718 314 918 370 practice
941 315 1079 369 legat,
1107 315 1192 357 hoc
1222 321 1306 367 est,
1340 328 1429 356 non
1458 315 1604 358 solum
1633 316 1793 359 doceat
1824 316 1954 359 intel-

315 392 498 443 lectum,
525 392 604 434 sed
629 392 907 434 voluntatem
931 390 1139 433 instituat
1162 391 1218 434 ad
1241 391 1605 435 obseruationem
1634 393 1954 436 mandatorum

316 476 360 512 et
389 467 677 511 consiliorum
708 468 791 511 Dei
824 476 868 510 et
898 467 1143 519 Ecclesiae,
1169 482 1260 523 quo
1284 476 1415 524 pacto
1439 483 1488 511 se
1510 477 1653 525 paret,
1680 470 1847 525 quibus
1870 470 1957 514 viis

316 543 402 587 illis
438 544 629 596 insistat,
669 545 836 600 quibus
868 544 1119 588 rationibus
1152 545 1348 587 fructum
1384 546 1563 589 referat.
1599 546 1648 591 Si
1681 546 1802 590 enim
1838 548 1957 592 haec

315 629 525 665 accurate
549 623 798 673 tradantur,
822 621 897 665 fiet
922 621 1100 664 fortasis
1118 629 1182 674 vt,
1204 621 1380 665 etiamsi
1404 622 1480 677 qui
1503 623 1616 679 legit
1637 637 1800 667 sensus
1822 624 1951 680 spiri-

317 707 390 741 tus
411 707 456 741 et
478 697 732 742 deuotionis
756 711 846 740 non
869 698 1130 750 admisceat,
1157 698 1233 753 qui
1251 699 1376 742 audit
1396 708 1564 751 tamen,
1585 714 1689 742 cum
1707 700 1954 744 deuotione

320 776 393 818 illa
417 775 602 831 recipiat
625 783 670 818 et
693 774 819 817 cordi
843 774 1086 830 imprimat.
1386 830 1389 832 Ι

405 854 494 896 Det
517 860 667 895 autem
691 866 873 907 operam
896 860 1151 907 opportune
1174 853 1333 904 lector,
1360 862 1407 895 vt
1430 855 1565 897 debet
1595 854 1639 896 in
1672 869 1756 898 suo
1786 869 1955 911 genere

317 929 630 981 concionator,
656 936 703 970 vt
726 928 956 972 auditores
979 929 1263 972 adducantur
1285 931 1342 972 ad
1364 930 1634 974 sacramenti
1652 931 1958 987 poenitentiae

317 1017 360 1049 et
384 1005 714 1049 communionis
735 1019 892 1049 sacrae
916 1006 1233 1061 frequentiam.
1259 1005 1402 1050 Porro
1425 1007 1652 1064 sapienter
1674 1008 1777 1051 finis
1804 1017 1957 1054 noster

317 1086 428 1127 haec
451 1084 541 1125 duo
565 1082 813 1126 ministeria
836 1082 1119 1138 praescribit,
1145 1083 1417 1127 concionum
1439 1091 1485 1127 et
1502 1085 1766 1138 lectionum,
1787 1093 1835 1128 vt
1852 1094 1959 1129 sunt

318 1160 439 1204 varia
462 1159 699 1202 hominurn
722 1159 905 1216 ingenia
934 1168 979 1204 et
1007 1161 1238 1204 naturales
1268 1161 1508 1206 facultates
1535 1161 1734 1214 dicendi,
1767 1170 1816 1204 vt
1844 1163 1951 1205 dixi-

318 1252 431 1280 mus.
462 1238 518 1279 Et
540 1236 617 1292 qui
640 1238 697 1279 ad
718 1236 961 1280 conciones
984 1237 1146 1280 habilis
1169 1252 1260 1281 non
1282 1237 1383 1291 erit,
1410 1240 1574 1294 poterit
1598 1239 1635 1281 is
1657 1239 1714 1282 ad
1738 1239 1963 1284 lectiones

319 1313 536 1370 delegari,
563 1314 696 1356 modo
719 1313 1000 1357 sufficienter
1023 1314 1081 1356 sit
1104 1314 1270 1357 doctus
1292 1322 1338 1359 et
1361 1315 1479 1371 pius.

408 1392 535 1434 Haec
559 1390 740 1445 quidem
764 1405 842 1446 per
865 1405 913 1433 se
935 1390 1056 1433 dicta
1078 1390 1220 1433 videri
1243 1401 1435 1447 possunt
1457 1400 1505 1434 vt
1528 1392 1811 1448 intelligatur
1846 1407 1964 1448 quae

319 1468 375 1511 sit
399 1467 578 1524 propria
601 1467 849 1511 lectionum
873 1467 1004 1510 ratio.
1031 1468 1123 1512 Sed
1148 1475 1298 1511 tamen
1321 1468 1573 1525 continget,
1600 1468 1677 1524 qui
1700 1469 1758 1512 sit
1779 1469 1962 1512 concio-

321 1553 467 1598 nator,
492 1554 541 1588 vt
563 1544 601 1588 is
623 1545 762 1601 legat.
790 1544 914 1600 Quid
938 1544 1098 1600 igitur?
1121 1544 1357 1589 Licebitne
1381 1545 1488 1588 huic
1513 1545 1703 1590 miscere
1726 1545 1965 1590 concionis
2014 1552 2016 1555 ’

324 1622 527 1666 actiones
544 1629 589 1666 et
606 1621 837 1665 lectionis?
855 1621 1046 1677 Proprie
1068 1629 1113 1664 et
1133 1621 1292 1666 ordine
1315 1623 1546 1678 agendum
1569 1629 1654 1666 est:
1681 1637 1772 1665 non
1794 1622 1962 1676 licebit,

323 1700 405 1742 sed
435 1700 490 1742 ad
528 1699 758 1756 propriam
783 1697 1002 1741 rationem
1027 1699 1191 1742 lection
1201 1713 1274 1741 um
1298 1714 1397 1743 sese
1419 1701 1763 1744 accommodare
1783 1700 1966 1744 debebit

328 1776 622 1820 concionator
645 1777 820 1832 legens,
842 1784 886 1820 et
911 1775 1169 1820 meminisse
1191 1791 1241 1820 se
1263 1776 1434 1832 legere,
1461 1791 1551 1820 non
1575 1776 1851 1830 concionari,
1883 1791 1967 1821 nec

327 1853 492 1897 debere
514 1869 597 1896 sua
622 1853 804 1897 actione
827 1852 1021 1896 oratoria
1044 1852 1331 1898 committere
1353 1861 1402 1895 vt
1423 1853 1497 1896 alii
1515 1855 1707 1897 lectores
1729 1854 1973 1896 videantur

328 1931 546 1974 iacturam
571 1931 722 1974 facere
743 1929 1106 1981 existimationis,
1129 1930 1204 1972 vbi
1222 1930 1422 1973 fimbrias
1440 1945 1530 1974 non
1549 1931 1843 1986 explicabunt
1866 1946 1967 1974 ora—

333 2007 483 2050 torias.
511 2006 682 2051 Verum
712 2007 845 2051 video
875 2008 1079 2050 futurum
1116 2016 1162 2049 vt
1195 2007 1570 2051 dissimulandum
1606 2009 1872 2064 plerumque
1910 2008 1968 2051 sit

329 2099 432 2127 cum
454 2085 865 2136 concionatoribus,
892 2084 1082 2135 etiamsi,
1113 2084 1331 2128 admoniti
1363 2085 1561 2140 quidem,
1596 2068 1781 2128 redeant
1815 2094 1965 2130 tamen

330 2163 386 2204 ad
410 2161 659 2217 ingenium.

419 2240 667 2282 Caeterum
692 2238 842 2281 studia
865 2238 1046 2282 lectoris
1069 2238 1230 2281 similia
1253 2246 1387 2281 erunt
1416 2238 1485 2291 iis,
1517 2253 1636 2294 quae
1658 2226 1967 2282 concionatori

333 2315 719 2371 praescripsimus,
745 2316 923 2359 tametsi
947 2315 1021 2358 hic
1044 2330 1133 2358 non
1159 2324 1249 2358 tam
1272 2315 1405 2360 anxie
1424 2316 1633 2359 tractabit
1652 2323 1794 2360 artem
1814 2317 1967 2359 retho-

332 2393 486 2445 ricam;
514 2391 770 2447 theologiae
795 2400 942 2436 tamen
971 2391 1096 2434 dabit
1125 2407 1306 2448 operam
1334 2392 1695 2449 diligentissime.
1733 2394 1848 2436 Nam
1879 2407 1968 2448 quo

333 2469 509 2513 doctior
532 2477 616 2522 est,
642 2468 718 2523 qui
741 2468 851 2524 legit
882 2469 926 2511 in
949 2469 1155 2520 ecclesia,
1182 2484 1236 2513 eo
1260 2469 1471 2513 maiorem
1496 2471 1632 2512 habet
1653 2469 1968 2513 auctoritatem

334 2556 378 2590 et
402 2546 579 2603 plenius
608 2559 660 2588 ac
692 2545 962 2600 profundius
990 2546 1138 2599 docet,
1165 2546 1300 2598 vnde,
1327 2545 1503 2590 etiamsi
1531 2546 1618 2588 alia
1640 2546 1804 2599 desint,
1830 2546 1975 2590 maior
1999 2578 2002 2583 .

333 2632 401 2667 est
433 2624 608 2665 fructus
639 2622 905 2677 sperandus.
938 2622 989 2663 In
1018 2622 1158 2664 sacris
1188 2637 1294 2666 vero
1317 2622 1458 2666 literis
1487 2622 1670 2666 debebit
1699 2623 1842 2665 lector
1870 2638 1987 2666 esser

334 2698 751 2750 exercitatissimus,
787 2706 831 2741 et
870 2698 915 2740 in
944 2699 1150 2741 docendo
1180 2698 1471 2750 catechismo,
1499 2713 1590 2742 non
1621 2700 1766 2742 solum
1805 2700 1990 2758 doctuss

334 2778 414 2820 sed
435 2776 568 2820 etiam
593 2775 802 2831 copiosus
825 2784 870 2818 et
887 2775 1053 2819 clarus.
1075 2776 1166 2818 Iam
1188 2790 1298 2818 vero
1317 2775 1372 2819 de
1395 2775 1667 2818 lectionibus
1689 2775 1992 2819 scholasticis(

336 2868 473 2908 quum
497 2852 603 2896 alibi
625 2852 683 2895 sit
713 2853 958 2908 agendum,
985 2852 1095 2894 illud
1124 2852 1268 2894 solum
1293 2851 1438 2894 dicam
1467 2854 1552 2894 hoc
1585 2853 1704 2905 loco,
1736 2867 1966 2908 nunquam

341 2930 477 2974 fuisse
500 2930 771 2974 Societatem
795 2928 906 2970 illud
935 2927 1232 2970 ministerium
1262 2935 1568 2983 accepturam,
1595 2928 1680 2972 nisi
1709 2928 1844 2972 simul
1873 2943 1968 2972 mo·

342 3020 437 3047 rum
462 3005 788 3048 institutionem
808 3003 1034 3059 suscipere
1058 3017 1105 3046 se
1123 3003 1384 3059 cogitasset.
1409 3005 1564 3058 Itaque
1582 3019 1672 3047 non
1691 3013 1797 3048 sunt
1815 3005 1972 3047 lectio-
